3217 5150
993 498 1324 587 Aduersus
1360 534 1647 587 Iudaeos
1694 551 1735 587 c.
1774 536 1922 588 3-5,
2462 540 2585 605 137

319 709 602 753 conuersa
652 697 786 752 sunt
833 694 1113 753 elementa
1143 695 1200 753 et
1231 692 1484 766 confusa,
1537 694 1718 753 Israel
1748 711 1981 754 securus
2013 696 2258 756 durauit.
2306 714 2337 756 o
2369 696 2581 755 duritia

331 814 499 869 noua,
532 813 564 855 o
594 796 829 856 audacia
857 795 1190 870 singulariS,
1221 814 1253 855 0
1282 794 1520 870 perfidia
1549 798 1805 856 cruenta.
1862 798 2087 857 Pilatus
2132 800 2355 859 exterae
2386 800 2578 873 gentis

331 901 502 961 iudex
553 898 862 959 saecularis
919 900 1204 973 potestate
1263 898 1590 972 temporalis
1644 898 1967 972 purificauit
2028 915 2227 961 manus
2281 904 2341 961 et
2396 903 2582 961 abluit

331 1004 517 1064 scelus
577 1002 936 1064 necessitatis
1008 1001 1239 1060 diceus:
1323 1002 1661 1061 immunis
1726 1005 1796 1061 et
1862 1002 2217 1063 innocens
2282 1022 2432 1064 sum
2498 1006 2582 1063 ab

284 1128 312 1164 5
335 1107 554 1165 huius
597 1105 970 1178 sanguine.
1031 1103 1192 1178 plebs
1242 1108 1432 1165 autem
1480 1121 1584 1165 nec
1640 1105 1887 1165 alienum
1938 1121 2043 1165 nec
2072 1107 2325 1166 exterum
2355 1108 2582 1167 imitata

331 1212 442 1282 est,
496 1209 596 1268 sed
643 1208 873 1282 insuper
922 1208 1311 1269 adclamabat:
1356 1208 1541 1268 tolle
1585 1207 1820 1283 affige
1866 1209 1937 1267 in
1980 1226 2225 1271 cruce:
2272 1212 2577 1285 sanguis

330 1312 551 1371 huius
595 1311 667 1369 in
711 1310 920 1371 nobis
963 1314 1036 1370 et
1079 1312 1152 1370 in
1197 1311 1395 1370 filiis
1446 1310 1748 1371 nostris.
1795 1311 2047 1372 uiolenta
2075 1312 2573 1373 crudelitasinex·

329 1414 564 1489 plebilis
617 1414 928 1473 inhumana
983 1417 1042 1474 et
1095 1415 1264 1475 corda
1313 1416 1517 1488 optusa
1543 1418 1629 1491 vet
1680 1414 1829 1473 oculi
1881 1415 2124 1474 reclusi:
2171 1415 2581 1476 interfecerunt

331 1518 476 1576 bene
507 1518 812 1576 merentem
845 1533 1009 1576 suum
1040 1533 1144 1577 nec
1171 1517 1438 1577 lacrimas
1466 1516 1861 1591 profuderunt.
1908 1516 2184 1591 lugebant
2226 1518 2489 1592 apostoli,
2524 1524 2585 1578 et

255 1646 308 1685 ιο
330 1619 576 1695 populus
606 1619 975 1694 gloriabatur:
1009 1621 1292 1680 tremebat
1319 1622 1494 1691 terra,
1538 1622 1598 1678 et
1627 1619 1793 1694 plebs
1837 1620 2191 1679 laetabatur:
2226 1621 2584 1683 indicabatur

333 1722 629 1795 Dominus,
659 1726 718 1783 et
747 1722 930 1783 Israel
959 1723 1300 1784 exsultabat.
1337 1723 1684 1799 [patiebatur
1715 1723 1999 1797 chrisme,
2030 1727 2089 1785 et
2110 1725 2274 1804 impii
2298 1725 2580 1785 exclama-

331 1827 510 1885 bant:
545 1826 904 1887 cruciabatur
933 1826 1231 1899 DominuS,
1283 1828 1344 1885 et
1371 1826 1536 1901 plebs
1565 1827 1927 1887 laetabatur:
1974 1828 2357 1901 sepeliebatur
2386 1828 2582 1887 Domi-

331 1948 460 2003 nus,
504 1932 563 1988 et
591 1930 754 2004 plebs
783 1930 1158 2003 epulabatur:
1204 1929 1582 2005 ignominiosa
1611 1946 1719 1989 sua
1747 1930 2129 1991 sollemnitate
2156 1931 2355 2004 iniqua
2384 1930 2584 2005 signa-

333 2035 541 2094 uerunt
570 2033 780 2093 delicta
807 2033 1316 2108 crudelitatemque
1347 2032 1548 2108 suam]

252 2160 310 2197 15
419 2136 528 2194 Dic
580 2135 722 2195 mihi
773 2138 834 2195 et
884 2135 1134 2209 loquere,
1189 2136 1360 2209 impie
1411 2135 1615 2208 Israel,
1647 2136 1821 2195 talem
1863 2137 2105 2195 hostiam
2138 2136 2400 2210 optulisti
2430 2137 2582 2210 patri
2606 2144 2643 2201 5

331 2238 674 2299 immolando
704 2238 882 2297 filium
925 2255 1088 2297 suum
1103 2241 1131 2296 ἰ’
1177 2237 1320 2297 talia
1362 2238 1671 2313 profudisti
1701 2238 1975 2297 libamina
2004 2239 2279 2313 sanguine
2332 2238 2583 2312 pigneris

331 2340 728 2416 acceptissimo
777 2342 894 2399 Deo
915 2345 943 2400 ἰ’
1008 2342 1252 2400 ducebas
1299 2342 1534 2401 choreas
1574 2340 1956 2412 Hierusalem,
2001 2358 2125 2400 cum
2166 2341 2593 2400 interficeretur

333 2445 630 2504 Christus:
677 2444 886 2503 faustis
926 2444 1160 2503 uocibus
1203 2445 1402 2503 cantus
1434 2443 1631 2513 dathae,
1682 2460 1806 2503 cum
1838 2444 2086 2502 diceres:
2133 2441 2383 2516 adfige
2428 2460 2583 2501 sus—

219 2528 244 2552 ⁸
330 2565 462 2624 pen
483 2550 518 2608 d
535 2566 584 2608 e.
628 2550 860 2623 propter
910 2547 1018 2606 hoc
1059 2546 1119 2605 in
1161 2545 1310 2606 fame
1341 2547 1488 2606 etin
1539 2548 1839 2622 aegritate,
1884 2546 2089 2620 popule
2130 2545 2338 2617 Israel,
2392 2545 2583 2620 queri-

245 2655 429 2712 mtur
487 2652 556 2712 de
613 2655 672 2710 te
731 2651 1022 2723 Dominus,
1093 2649 1504 2723 numeniaS,
1566 2650 1680 2722 ait,
1750 2653 1819 2708 et
1862 2649 2243 2708 sabbatum
2287 2651 2357 2707 et
2400 2649 2585 2708 diem

333 2770 668 2834 magnum
742 2771 876 2814 non
951 2754 1232 2828 patior:
1322 2753 1558 2813 ferias
1630 2756 1702 2811 et
1774 2752 2127 2812 ieiunium
2200 2754 2589 2811 execratur

471 2955 506 3009 4
545 2953 744 3010 Matth.
781 2954 865 3018 27,
903 2954 989 3008 24.
1027 2954 1110 3006 25.
1321 2953 1354 3006 6
1389 2952 1476 3007 Es,
1515 2953 1562 3018 1,
1604 2953 1687 3006 13.
1730 2953 1813 3007 14.

474 3163 500 3214 1
539 3163 596 3215 in
631 3161 792 3214 israel
837 3161 895 3226 T,
934 3163 989 3214 et
1023 3160 1184 3214 israel
1219 3159 1290 3224 Β,
1326 3161 1452 3213 sunt
1485 3159 1543 3213 in
1579 3159 1739 3212 israel
1775 3163 1830 3213 et
1868 3161 1915 3231 Q
2186 3162 2221 3215 2
2259 3178 2289 3215 ο
2324 3177 2425 3216 om.
2466 3161 2521 3214 Β

329 3248 606 3316 singulare
647 3247 760 3300 BT
999 3246 1033 3298 3
1067 3245 1246 3314 iudex]
1281 3245 1436 3298 iudea
1473 3244 1528 3298 B
1768 3261 1827 3299 ex
1861 3247 2129 3314 potestate
2169 3246 2215 3317 Q
2452 3249 2589 3300 tem-

329 3333 506 3403 porali
547 3333 593 3404 Q
627 3332 960 3401 (temporalis
993 3332 1084 3399 M)
1315 3331 1350 3385 4
1386 3331 1639 3385 innocens
1673 3333 1729 3384 et
1764 3331 2021 3385 immunis
2055 3349 2088 3388 v
2338 3333 2373 3385 5
2407 3332 2586 3401 huius]

329 3422 450 3475 eius
485 3438 516 3475 v
667 3435 766 3473 nec
800 3421 1074 3472 externum
1109 3435 1159 3482 v,
1195 3419 1431 3472 exterum
1469 3417 1538 3482 B,
1574 3419 1937 3472 “externum
1979 3417 2029 3472 T
2180 3419 2214 3472 6
2250 3417 2359 3486 sed]
2395 3421 2452 3470 et
2484 3435 2518 3472 v

331 3506 501 3574 affige
536 3506 594 3559 in
630 3521 834 3560 crucem
869 3503 1004 3558 tolle
1039 3503 1096 3557 Β
1389 3504 1420 3557 7
1456 3519 1615 3572 super
1647 3520 1745 3557 nos
1780 3507 1836 3557 et
1870 3519 2029 3574 super
2066 3504 2207 3558 filios
2240 3507 2451 3558 nostros
2484 3522 2518 3558 υ

329 3592 680 3648 incrudelitas
720 3591 826 3662 QT
1143 3588 1484 3659 inexplebilis
1518 3591 1731 3658 scripsi,
1768 3589 2077 3660 inexplebili
2116 3591 2179 3661 Q,
2215 3590 2423 3659 explebi
2459 3591 2582 3654 BT,

327 3682 388 3734 et
421 3678 576 3747 plebs
609 3695 644 3733 v
801 3677 870 3731 10
903 3675 1165 3731 fremebat
1201 3675 1256 3728 B
1414 3675 1479 3729 11
1516 3676 1825 3743 patiebatur
1849 3714 1863 3729 .
1891 3716 1905 3729 .
1929 3716 1943 3731 .
1969 3676 2005 3731 l.
2040 3680 2109 3730 14
2146 3691 2242 3729 sua
2276 3693 2378 3731 om.
2420 3677 2524 3746 QT

335 3765 402 3820 12
439 3763 813 3833 sepeliebatur]
848 3763 1269 3831 suspendebatur
1303 3779 1336 3816 v
1529 3764 1596 3816 13
1630 3763 1731 3817 hac
1763 3762 2123 3831 ignominiosa
2156 3779 2189 3816 v
2374 3762 2583 3830 iniqua]

331 3852 392 3905 in
427 3867 534 3920 qna
570 3851 625 3904 B
875 3850 1228 3917 signauerunt
1253 3890 1264 3902 .
1287 3889 1300 3902 .
1321 3890 1332 3902 .
1356 3865 1506 3904 suam
1542 3849 1613 3916 Β,
1652 3849 1878 3904 consilia
1912 3849 2359 3918 consignauerunt
2392 3848 2587 3902 delicto

329 3935 756 4004 crudelitateque
793 3951 890 3988 sua
924 3952 957 3990 v
1141 3936 1210 3989 15
1243 3938 1301 3989 et
1335 3951 1437 3990 om.
1475 3936 1530 3990 Β
1718 3935 1885 4004 impio
1924 3935 1977 3989 T
2156 3934 2434 4003 optulistis
2474 3936 2519 3996 Q

331 4022 401 4076 16
437 4020 756 4075 immolandi
796 4022 847 4076 T
1061 4037 1215 4075 suum
1250 4021 1424 4075 filium
1457 4039 1492 4077 v
1712 4019 2029 4091 profudistis
2069 4021 2173 4091 QT
2371 4022 2589 4089 sangui-

327 4123 454 4162 nem
487 4124 540 4176 p.
575 4107 1006 4176 acceptissimum
1043 4108 1129 4162 Bv
1327 4108 1390 4160 17
1426 4093 1532 4162 dfio
1573 4108 1621 4178 Q
1814 4107 2047 4176 choreas]
2084 4106 2243 4161 chore
2277 4105 2346 4160 ad
2372 4107 2587 4177 BMQ¹‚

331 4192 580 4247 choream
617 4192 686 4246 ad
725 4191 797 4264 Q¹
971 4193 1038 4246 18
1073 4195 1233 4246 cantu
1279 4195 1328 4246 T
1484 4194 1550 4247 19
1584 4194 1816 4262 egritate
1852 4193 1990 4257 ΒΜ,
2024 4195 2259 4261 ugr-*ate
2298 4192 2360 4263 Q,
2398 4194 2589 4246 esitate

341 4280 402 4344 T,
442 4278 778 4348 aegritudine
817 4295 850 4334 v
1055 4279 1241 4348 populi
1277 4279 1382 4349 BQ
1587 4280 1659 4333 20
1694 4279 1972 4333 numenias
2011 4279 2123 4349 QT,
2160 4279 2392 4333 neemias
2426 4279 2502 4332 M
2524 4279 2589 4330 in

329 4379 462 4429 rae„
499 4366 800 4420 neomenias
837 4365 924 4419 Bv
1107 4366 1268 4433 prius
1303 4369 1358 4418 et
1393 4381 1493 4419 om.
1537 4367 1615 4421 Tv
1810 4366 1877 4419 21
1910 4367 2095 4433 pateor
2134 4365 2238 4435 QT
2418 4365 2474 4416 in
2512 4365 2589 4416 ie-

332 4449 546 4504 iunium
589 4452 639 4505 T
