3217 5150
618 507 746 575 284
1558 475 1920 577 Appendix.

994 669 1164 728 Sexta
1192 669 1355 742 pater
1383 668 1603 742 gelidos
1632 667 1694 726 in
1725 669 1911 742 spiras
1941 668 2186 728 lubricat
2215 687 2432 745 angues

994 773 1541 846 Quadrupedumque
1570 788 1777 846 greges
1806 774 1959 831 totos
1988 772 2257 832 diffundit
2287 774 2347 832 in
2377 791 2549 850 agros

994 874 1317 950 Cunctaque
1349 873 1656 948 multiplici
1685 875 1982 934 mandauit
2011 893 2264 937 crescere
2292 878 2510 951 passim

992 977 1253 1038 Germine
1284 979 1344 1036 et
1374 977 1667 1036 immensis
1696 995 1886 1037 errare
1916 981 1977 1037 et
2005 996 2238 1052 pascere
2267 981 2459 1040 terris.

870 1081 951 1141 25
1080 1081 1239 1140 Haec
1266 1081 1365 1140 ubi
1396 1080 1694 1140 constituit
1725 1080 1920 1140 diuina
1949 1082 2208 1156 potentia
2235 1083 2424 1163 iussu,

998 1183 1296 1243 Rectorem
1326 1183 1638 1257 inspiciens
1667 1184 1969 1242 mundanis
2000 1184 2192 1256 defore
2221 1186 2393 1245 rebus

989 1287 1149 1346 Haec
1176 1288 1483 1347 memorat:
1515 1286 1798 1345 hominem
1827 1286 2038 1347 nostris
2067 1287 2340 1348 faciamus
2368 1288 2431 1347 in
2459 1305 2710 1363 unguem

990 1389 1263 1449 Vultibus
1292 1389 1633 1462 adsimilem,
1665 1393 1786 1449 toto
1819 1391 1918 1464 qui
1945 1394 2148 1464 regnet
2178 1390 2239 1448 in
2268 1393 2420 1452 orbe.

991 1492 1071 1551 Et
1098 1493 1235 1552 licet
1264 1493 1415 1551 hunc
1442 1510 1554 1553 uno
1585 1495 1779 1567 posset
1809 1509 2124 1567 conponere
2159 1495 2354 1568 uerbo,

869 1596 953 1656 30
997 1596 1127 1670 Ipse
1154 1601 1349 1656 tamen
1380 1599 1579 1656 sancta
1608 1597 1880 1671 dignatus
1911 1598 2114 1657 ducere
2144 1599 2364 1671 dextra,

993 1700 1245 1774 Inspirat
1275 1701 1506 1760 brutum
1534 1701 1730 1760 diuino
1762 1719 1796 1760 a
1826 1704 2056 1775 pectore
2085 1703 2306 1774 pectus.

1082 1804 1257 1873 Quem
1286 1805 1587 1878 postquam
1618 1804 1807 1879 effigie
1838 1804 2146 1864 formatum
2175 1821 2276 1864 ceu
2306 1823 2412 1866 sua
2441 1806 2607 1881 uidit,

994 1907 1232 1965 Metitur
1262 1906 1446 1966 solum
1469 1908 1762 1967 mordaces
1794 1909 2028 1994 uoluere
2053 1926 2236 1970 curas,

992 2009 1163 2068 Ilicet
1190 2011 1406 2088 irrigup
1437 2011 1732 2084 perfundit
1758 2011 1976 2071 lumina
2007 2030 2224 2086 somno,

871 2112 953 2172 35
995 2113 1229 2174 Mollius
1262 2115 1326 2172 ut
1354 2114 1523 2173 uulsa
1552 2114 1827 2174 formetur
1856 2115 2069 2176 femina
2098 2119 2257 2177 costa

994 2217 1185 2292 Atque
1216 2219 1376 2276 artus
1404 2217 1587 2276 mixtu
1617 2217 1842 2292 gemino
1875 2219 2201 2279 substantia
2228 2219 2434 2282 firmet.

997 2319 1223 2378 Inditur
1252 2323 1311 2380 et
1340 2336 1541 2380 nomen
1572 2321 1728 2380 uitae
1758 2323 1911 2395 quod
1940 2321 2148 2382 dicitur
2175 2321 2318 2382 Eua.

998 2424 1353 2498 Quapropter
1381 2425 1506 2484 nati
1534 2425 1807 2498 linquunt
1838 2427 1904 2486 de
1935 2442 2087 2486 more
2119 2429 2384 2500 parentes

998 2528 1457 2603 coniugibusque
1486 2529 1607 2589 suis
1637 2529 1840 2603 positis
1869 2547 1998 2590 cum
2027 2529 2258 2591 sedibus
2287 2531 2548 2592 haerent.

866 2633 953 2692 40
996 2632 1249 2707 Septima
1277 2634 1401 2692 luce
1434 2632 1585 2692 Deus
1619 2632 1898 2694 sactorum
1928 2635 2040 2693 fine
2070 2633 2312 2708 quieuit,

998 2738 1289 2796 sacratam
1318 2738 1578 2795 statuens
1608 2738 1840 2796 uenturi
1869 2736 1942 2796 ad
1971 2738 2182 2812 gaudia
2211 2737 2414 2797 saecli:

998 2838 1167 2897 Ilicet
1196 2839 1465 2899 exhibitis
1495 2840 1847 2899 animantum
1879 2857 1948 2899 ex
1977 2840 2173 2899 ordine
2203 2840 2390 2899 turbis

1000 2940 1233 3000 Viritim
1262 2942 1485 3002 cunctis
1518 2958 1722 3001 nomen
1751 2944 1902 3017 quod
1931 2944 2228 3016 permanet
2257 2942 2404 3003 indit

997 3044 1252 3103 Adamus
1283 3046 1493 3104 donata
1522 3045 1636 3118 sibi
1665 3046 1968 3121 prudentia
1999 3048 2221 3108 sollers.

872 3147 954 3206 45
1000 3147 1178 3217 Quem
1210 3147 1363 3208 Deus
1392 3148 1640 3223 alloquio
1671 3148 1924 3209 iunctam
1955 3150 2228 3224 dignatur
2259 3153 2318 3209 et
2347 3149 2560 3209 Euam:

998 3250 1247 3311 Crescite
1278 3252 1611 3312 multimodo
1643 3256 1885 3313 uentura
1912 3254 1971 3311 in
2001 3256 2261 3329 tempora
2289 3255 2478 3328 partu,

1003 3355 1081 3414 Vt
1109 3355 1275 3429 polus
1305 3358 1364 3416 et
1392 3358 1594 3431 plenae
1625 3360 1818 3419 uestro
1847 3357 1966 3417 sint
1994 3359 2247 3432 germine
2275 3359 2484 3431 terrae,

760 3662 829 3717 21
865 3662 1020 3731 pater
1052 3661 1263 3729 gelidos
1298 3661 1370 3726 R,
1406 3661 1742 3731 praegelidos
1777 3678 1810 3717 v
2062 3661 2208 3731 spira
2241 3660 2296 3717 Β
2535 3660 2606 3715 22
2641 3658 2876 3729 quadru-

623 3750 819 3817 pedum
840 3764 1029 3818 greges
1054 3750 1104 3801 R
1239 3748 1305 3802 27
1341 3749 1543 3801 nostris
1578 3748 1851 3803 hominem
1887 3748 1924 3801 f.
1960 3747 2045 3802 ad.
2081 3763 2314 3817 unguem
2349 3746 2649 3802 Fabricius
2683 3752 2739 3801 et
2773 3762 2808 3801 υ

622 3835 692 3889 28
724 3836 919 3905 regnat
952 3834 1009 3908 Β
1340 3826 1419 3889 ’29
1453 3834 1595 3889 hunc
1631 3850 1736 3889 uno
1772 3836 2084 3897 Fabricius,
2122 3834 2224 3888 hoc
2258 3850 2362 3887 uno
2397 3833 2512 3888 solo
2549 3832 2606 3889 Β
2639 3833 2738 3888 scd
2771 3832 2878 3887 hoc

622 3937 662 3975 s.
700 3921 738 3976 1.
773 3936 843 3974 m.
876 3924 917 3977 2
1067 3920 1138 3974 32
1170 3923 1457 3988 postquam
1492 3920 1720 3975 artificis
1755 3921 2047 3975 formatum
2083 3920 2140 3973 in
2175 3919 2414 3989 imagine
2449 3918 2594 3973 uidit
2631 3918 2808 3973 Oxou.

620 4006 692 4061 33
726 4008 969 4077 metitur]
1016 4022 1121 4061 non
1164 4008 1374 4077 patitur
1419 4009 1555 4062 coni-
1606 4008 1736 4063 Bal.
2143 4006 2214 4060 36
2248 4008 2418 4060 mixta
2461 4004 2706 4075 geminos
2753 4002 2812 4061 Β

624 4092 700 4147 37
726 4092 893 4163 uitae]
927 4094 1087 4149 uiuae
1122 4092 1423 4149 Fabricius
1625 4094 1698 4148 40
1731 4095 1849 4149 luce
1871 4092 1944 4163 R,
1981 4092 2194 4163 quando
2219 4109 2253 4147 v
2455 4091 2528 4145 41
2561 4092 2774 4145 sacrata
2809 4092 2879 4143 ut

623 4196 675 4235 u.
711 4179 911 4249 gaudia
946 4180 1219 4236 Herelius
1254 4187 1305 4235 et
1341 4199 1374 4236 υ
1594 4181 1668 4235 42
1702 4180 1922 4235 exibitis
1944 4180 2001 4237 Β
2203 4180 2274 4233 43
2309 4178 2538 4248 uiritim]
2574 4176 2880 4232 distinctim

628 4267 805 4322 Oxou.
988 4267 1061 4321 44
1095 4267 1273 4322 adami
1308 4284 1343 4321 a
1376 4266 1594 4321 domino
1632 4266 1830 4321 donata
1864 4265 2149 4335 prudentia
2183 4266 2456 4321 Manlius
2491 4270 2545 4320 et
2581 4263 2881 4325 Pameliue‚

621 4351 803 4407 adami
835 4368 871 4407 a
904 4352 1118 4408 domino
1152 4352 1283 4407 deta
1318 4369 1451 4421 quae
1484 4352 1772 4422 prudentia
1804 4352 2118 4423 Fabricius,
2155 4352 2336 4407 adami
2365 4368 2399 4407 a
2421 4350 2640 4407 domino
2675 4348 2880 4405 donata

624 4439 850 4495 scientia
894 4440 1071 4496 Ooeon.
1276 4440 1347 4495 46
1381 4442 1665 4495 uenturam
1701 4439 1756 4495 R
