3217 5150
675 518 804 583 260
1609 512 1974 582 Appendix.

675 674 984 734 admiserat
1013 677 1078 733 ut
1107 675 1214 733 hoc
1241 670 1576 747 pateretur?
1605 672 1719 731 nisi
1750 668 1887 746 quia
1916 687 2048 731 uere
2069 674 2293 731 constat
2317 688 2444 731 eum
2468 672 2683 731 factum
2708 674 2771 729 ut
2802 672 2921 730 dixi

675 777 738 835 in
768 777 1033 851 mysterio
1065 777 1188 835 eius
1217 776 1313 850 qui
1345 777 1496 849 prior
1523 775 1709 849 legem
1738 775 1845 834 Dei
1894 776 2289 848 transgressus
2340 778 2429 834 est
2480 778 2539 834 et
2587 774 2703 833 fuit
2756 776 2919 847 pater

677 881 924 941 omnium
953 882 1334 953 peccatorum:
1367 882 1426 939 et
1453 880 1578 938 ideo
1608 896 1720 938 non
1750 879 1933 938 solum
1962 878 2122 937 Adae
2145 880 2447 952 oportebat
2476 876 2791 948 subueniri,
2818 878 2919 935 sed

675 986 734 1043 et
764 982 1022 1043 omnibus
1051 982 1443 1057 peccatoribus
1472 981 1573 1055 qui
1601 980 1711 1039 filii
1740 980 2004 1041 Abrahae
2046 980 2227 1040 futuri
2254 980 2732 1055 praeuidebantur
2748 1025 2763 1053 ‚
2796 996 2913 1039 me-

675 1088 786 1147 rito
830 1089 888 1147 et
937 1088 1048 1161 ipsi
1098 1087 1320 1146 ciuitati
1373 1088 1431 1145 et
1480 1086 1693 1158 templo
1723 1085 2053 1159 priusquam
2097 1085 2544 1155 subuerteretur‚
2576 1086 2707 1156 post
2736 1100 2915 1143 annos
2934 1102 2959 1139 ⁵

675 1190 826 1247 LXX
854 1189 1137 1263 restituto,
1167 1189 1686 1263 repromittebatur.
1715 1190 1775 1247 et
1804 1188 1913 1248 hoc
1942 1190 2067 1247 erat
2096 1186 2246 1262 quod
2294 1187 2407 1247 iam
2452 1189 2588 1246 tunc
2632 1188 2705 1246 ab
2750 1187 2915 1246 initio

677 1294 888 1352 saeculi
917 1294 978 1352 in
1005 1293 1297 1352 Abraham
1327 1294 1546 1366 patrem
1576 1290 1711 1351 fidei
1738 1291 2259 1351 demonstrabatur:
2305 1290 2406 1365 qui
2434 1306 2561 1349 cum
2592 1290 2917 1364 supplesset

676 1415 711 1456 a
740 1398 830 1456 die
860 1396 1186 1457 natiuitatis
1216 1411 1352 1455 suae
1383 1412 1562 1454 annos
1591 1394 1761 1467 LXX,
1806 1411 1925 1454 non
1954 1394 2142 1468 potuit
2172 1394 2242 1453 de
2272 1396 2427 1453 terra
2454 1410 2560 1452 sua
2586 1393 2761 1467 exire,
2804 1393 2918 1453 uisi

677 1501 736 1560 in
766 1500 1138 1559 similitudine
1169 1498 1562 1573 Pentateuchi,
1616 1499 1777 1558 cuius
1830 1498 2098 1558 uniuersa
2146 1498 2415 1557 mandata
2464 1497 2707 1573 populus
2736 1497 2917 1557 Israel

676 1622 789 1663 uon
819 1606 941 1663 erat
971 1605 1392 1675 obseruaturus,
1422 1603 1781 1663 adicerentur
1812 1606 1871 1662 et
1900 1602 2036 1660 anni
2066 1600 2134 1674 V,
2184 1604 2243 1660 et
2272 1600 2357 1660 sic
2386 1602 2623 1660 credens
2652 1600 2791 1673 Deo,
2823 1618 2913 1659 re·
2934 1616 2984 1655 10-

677 1711 974 1782 putarotur
1015 1705 1069 1767 ei
1111 1708 1184 1765 ad
1227 1707 1524 1767 iustitiam.
1560 1706 1655 1766 hic
1684 1708 1772 1766 est
1804 1708 1997 1780 itaque
2026 1705 2317 1764 Abraham
2368 1705 2435 1763 de
2488 1721 2599 1778 quo
2652 1702 2914 1778 superius

678 1812 940 1882 diximus,
972 1811 1121 1884 quod
1153 1809 1354 1869 LXXV
1405 1826 1679 1870 annorum
1731 1808 2039 1869 crediderit
2088 1810 2343 1869 uocatus.
2398 1809 2473 1867 ad
2524 1824 2663 1881 quos
2716 1806 2917 1865 LXXV

679 1931 856 1973 annos
885 1913 1128 1973 adicitur
1159 1930 1306 1971 unus
1336 1929 1535 1984 annus,
1567 1915 1627 1971 et
1654 1912 1797 1970 fiunt
1826 1911 2077 1970 LXXVI.
2124 1911 2253 1986 quis
2300 1911 2490 1971 autem
2532 1910 2629 1971 hic
2658 1910 2757 1984 qui
2788 1910 2911 1969 adi-

679 2017 828 2075 citur
857 2034 1000 2075 unus
1015 2020 1043 2075 ’ἓ
1095 2016 1192 2075 ille
1224 2015 1446 2076 scilicet
1475 2015 1572 2089 qui
1603 2016 1673 2074 de
1703 2017 1915 2074 semine
1946 2015 2069 2075 eius
2098 2032 2279 2089 agnus
2310 2015 2611 2075 anniculus
2620 2015 2913 2090 simmacu-

679 2119 832 2177 latus
861 2122 950 2179 est
978 2120 1184 2179 dictus
1218 2120 1398 2193 igitur
1427 2120 1496 2178 de
1525 2118 1686 2177 mille
1717 2121 1775 2178 et
1806 2135 1906 2177 sex
1937 2120 2278 2179 deducamus
2321 2118 2575 2191 LXXVI,
2620 2121 2680 2177 et
2721 2135 2905 2177 rema·
2934 2136 2981 2173 ιε

680 2225 819 2282 nent
847 2222 982 2281 anni
1010 2222 1419 2296 DCCCCXXX,
1451 2222 1659 2296 quibus
1688 2222 1971 2296 suppletis
2000 2221 2183 2281 Adam
2212 2222 2443 2281 functus
2474 2224 2562 2281 est
2590 2221 2730 2280 uita.

584 2331 660 2388 13
764 2326 903 2385 Post
931 2327 1070 2385 haec
1099 2328 1286 2385 autem
1315 2327 1758 2386 demonstremus
1789 2324 2143 2399 captiuitatis
2182 2328 2404 2400 tempus
2442 2342 2719 2385 annorum
2746 2324 2914 2383 LXX.

679 2429 958 2505 suppletis
987 2430 1136 2490 enim
1181 2431 1254 2488 ab
1299 2430 1490 2489 Exodo
1521 2445 1703 2502 usque
1732 2429 1806 2489 ad
1836 2428 2161 2489 Iechoniam
2189 2429 2354 2487 annis
2381 2427 2912 2486 DCCCCLXXXXV

679 2534 984 2594 adiciamus
1013 2533 1096 2593 XI
1124 2532 1386 2594 Sedeciae
1403 2581 1417 2608 ,
1471 2534 1569 2608 qui
1599 2533 1735 2594 anni
1786 2532 2047 2592 undecim
2098 2532 2160 2591 in
2204 2548 2433 2606 corpore
2462 2531 2611 2590 LXX
2640 2548 2915 2592 annorum

681 2641 1091 2712 computantur.
1124 2656 1233 2712 quo
1263 2641 1453 2698 autem
1481 2637 1645 2697 modo
1674 2637 1985 2696 uideamus.
2018 2653 2087 2695 ex
2108 2653 2217 2709 quo
2239 2638 2407 2711 capta
2428 2638 2517 2696 est
2538 2633 2915 2705 Hierusalem,
2938 2653 2989 2694 20

681 2743 804 2815 ipse
834 2743 1096 2801 Sedecias
1128 2742 1293 2801 annis
1323 2742 1422 2800 XI.
1453 2745 1586 2815 post
1616 2757 1781 2814 quem
1812 2739 2349 2812 Nabuchodonosor,
2383 2739 2481 2813 qui
2513 2756 2641 2798 eum
2675 2738 2737 2797 in
2765 2742 2923 2798 terra

683 2844 1090 2904 Chaldaeorum
1119 2845 1378 2905 uinctum
1408 2845 1572 2904 duxit
1601 2844 1765 2903 annis
1794 2843 1962 2902 XXV.
2018 2843 2395 2903 Vlemaradan
2424 2843 2590 2902 annis
2619 2841 2749 2902 XII.
2783 2842 2919 2900 Bal-

681 2947 879 3006 thasar
907 2947 1071 3007 annis
1100 2948 1241 3006 IIII.
1303 2949 1361 3007 et
1390 2947 1597 3007 Darius
1624 2947 1755 3022 Cyri
1786 2947 1940 3007 filius
1970 2946 2136 3006 annis
2165 2947 2381 3008 XVIII.
2438 2949 2573 3006 sunt
2601 2947 2660 3004 in
2690 2962 2753 3005 se
2782 2945 2918 3004 anni

684 3047 848 3109 LXX.
910 3053 968 3108 et
997 3049 1081 3108 sic
1110 3049 1288 3124 Cyrus
1320 3050 1572 3124 suscepit
1615 3067 1851 3125 regnum
1881 3051 2170 3110 Medorum
2199 3053 2257 3111 et
2289 3051 2611 3110 Persarum.
2672 3049 2798 3123 ipse
2826 3051 2917 3108 est

686 3150 864 3226 Cyrus
914 3153 1074 3211 cuius
1117 3152 1178 3210 in
1218 3152 1494 3227 principio
1537 3153 1701 3227 regni
1756 3171 1881 3213 cum
1932 3153 2219 3213 thesauris
2272 3154 2469 3212 domus
2500 3153 2606 3213 Dei
2657 3168 2921 3212 reuersus
2941 3172 2993 3211 25

685 3257 775 3313 est
802 3253 1044 3328 populus
1073 3255 1408 3316 Iudaeorum
1429 3255 1490 3315 in
1518 3258 1677 3316 terra
1707 3274 1828 3316 sua.
1878 3273 1947 3316 ex
1976 3273 2085 3330 quo
2114 3259 2367 3330 tempore
2396 3259 2619 3330 oportet
2646 3274 2750 3316 nos
2779 3257 2918 3315 heb-

821 3575 852 3627 1
887 3576 1139 3629 amiserat
1173 3593 1202 3630 c
1441 3591 1560 3630 eum
1597 3578 1672 3642 bc,
1715 3577 1773 3631 id
1814 3577 1893 3634 W
2129 3575 2267 3631 dixit
2302 3579 2333 3632 b
2584 3577 2619 3630 2
2654 3577 2793 3647 legis
2828 3593 2857 3630 c

683 3660 717 3713 3
751 3659 888 3731 ideo]
925 3659 1044 3714 odio
1081 3679 1110 3716 c
1291 3662 1403 3716 solo
1438 3662 1471 3717 b
1666 3662 1949 3716 subuenire
1984 3679 2013 3717 c
2205 3662 2242 3716 4
2276 3663 2380 3716 filii
2416 3679 2459 3727 c,
2495 3662 2599 3716 filii
2633 3661 2758 3716 fidei
2794 3663 2859 3716 bv

684 3746 720 3800 5
753 3746 1187 3802 subuerterentur
1221 3762 1251 3802 c
1450 3748 1485 3803 6
1518 3751 1649 3802 tunc
1684 3765 1785 3804 om.
1824 3765 1854 3803 c
2056 3750 2091 3803 9
2125 3747 2484 3803 similitudine
2516 3750 2565 3817 b,
2604 3749 2759 3818 sig-no
2796 3764 2857 3802 cv

687 3831 754 3886 10
787 3833 1128 3902 deputaretur
1167 3833 1220 3888 ei
1255 3834 1474 3888 iustitia
1508 3835 1540 3888 b
1816 3836 1882 3890 12
1918 3834 2131 3890 credens
2167 3850 2197 3890 c
2472 3836 2541 3889 14
2573 3851 2712 3889 unus
2746 3834 2795 3898 b,
2829 3850 2923 3887 an-

683 3935 784 3974 nus
819 3935 882 3974 cv
1120 3919 1514 3991 immaculatus]
1551 3922 1845 3977 inuiolatus
1887 3939 1916 3976 c
2156 3923 2226 3982 15
2260 3922 2433 3992 igitur
2468 3922 2553 3991 de]
2589 3921 2794 3991 legitur
2830 3922 2861 3974 b

685 4008 741 4060 et
775 4007 882 4074 sex]
916 4005 994 4060 VI
1028 4007 1060 4060 b
1230 4008 1298 4062 16
1333 4006 1503 4062 uitam
1537 4025 1566 4062 c
1741 4008 1805 4062 18
1843 4009 1971 4063 anni
2006 4026 2037 4064 c
2199 4010 2264 4065 19
2299 4008 2379 4062 ΧΙ
2414 4008 2665 4076 sedeciae]
2703 4005 2797 4060 x1.
2831 4023 2861 4060 c

683 4091 755 4144 20
789 4091 911 4160 quo]
948 4092 1042 4160 qui
1077 4109 1104 4146 c
1263 4094 1600 4162 hyerusalem
1634 4096 1666 4150 b
1698 4100 1753 4148 et
1784 4095 1864 4150 sic
1888 4111 2051 4165 saepe
2197 4095 2265 4152 21
2302 4095 2563 4164 Sedecias]
2600 4097 2664 4147 ut
2697 4093 2927 4147 diximus

685 4175 813 4231 add.
853 4191 914 4230 cv
1075 4181 1198 4247 post
1232 4181 1408 4250 quem]
1447 4179 1597 4234 cuius
1632 4183 1754 4250 post
1790 4183 2015 4235 mortem
2050 4184 2331 4252 postquam
2367 4196 2396 4235 c
2561 4180 2632 4234 22
2668 4179 2796 4233 anni
2832 4195 2862 4232 c

685 4262 832 4318 uitae
867 4262 1114 4318 Marodat
1148 4265 1180 4318 b
1351 4265 1478 4336 XII]
1515 4266 1596 4320 XI
1630 4268 1662 4321 b
1832 4267 2080 4322 baldasar
2112 4284 2143 4322 c
2324 4267 2394 4321 23
2429 4265 2561 4336 cyri]
2599 4265 2796 4320 asiriae
2830 4266 2863 4318 b

685 4351 812 4403 sunt
846 4350 895 4417 b,
939 4349 1079 4404 flunt
1114 4367 1176 4406 cv
1570 4353 1641 4406 24
1676 4353 1902 4422 suscipit
1935 4371 1965 4408 c
2358 4352 2427 4406 25
2460 4351 2645 4405 domus
2692 4367 2794 4405 om.
2831 4351 2863 4404 b

683 4436 752 4489 26
787 4436 1092 4490 iudaeorum
1127 4453 1227 4492 om.
1266 4438 1298 4491 b
1503 4439 1626 4508 quo]
1663 4439 1779 4507 ipso
1814 4439 1955 4492 enim
1988 4456 2019 4493 c
