<?xml version="1.0" encoding="UTF-8"?>
<!DOCTYPE html PUBLIC "-//W3C//DTD XHTML 1.0 Transitional//EN"
    "http://www.w3.org/TR/xhtml1/DTD/xhtml1-transitional.dtd">
<html xmlns="http://www.w3.org/1999/xhtml" xml:lang="en" lang="en">
 <head>
  <title>
</title>
<meta http-equiv="Content-Type" content="text/html;charset=utf-8" />
  <meta name='ocr-system' content='tesseract 3.04.00' />
  <meta name='ocr-capabilities' content='ocr_page ocr_carea ocr_par ocr_line ocrx_word'/>
</head>
<body>
  <div class='ocr_page' id='page_1' title='image "./corpusscriptoru29wissgoog_0160.png"; bbox 0 0 3217 5150; ppageno 0'>
   <div class='ocr_carea' id='block_1_1' title="bbox 669 534 1971 606">
    <p class='ocr_par' dir='ltr' id='par_1_1' title="bbox 669 534 1971 606">
     <span class='ocr_line' id='line_1_1' title="bbox 669 534 1971 606; baseline -0.011 -5"><span class='ocrx_word' id='word_1_1' title='bbox 669 544 788 605; x_wconf 73' lang='lat'>154</span> <span class='ocrx_word' id='word_1_2' title='bbox 1177 576 1184 581; x_wconf 91' lang='lat'>-</span> <span class='ocrx_word' id='word_1_3' title='bbox 1599 534 1971 606; x_wconf 83' lang='lat' dir='ltr'>Appendix.</span> 
     </span>
    </p>
   </div>
   <div class='ocr_carea' id='block_1_2' title="bbox 557 690 2987 2720">
    <p class='ocr_par' dir='ltr' id='par_1_2' title="bbox 655 690 2987 1909">
     <span class='ocr_line' id='line_1_2' title="bbox 663 690 2912 774; baseline -0.002 -19"><span class='ocrx_word' id='word_1_4' title='bbox 663 696 738 755; x_wconf 83' lang='lat' dir='ltr'>ad</span> <span class='ocrx_word' id='word_1_5' title='bbox 766 696 1166 771; x_wconf 75' lang='lat' dir='ltr'>perfectionem</span> <span class='ocrx_word' id='word_1_6' title='bbox 1195 696 1466 774; x_wconf 68' lang='lat' dir='ltr'>festinare</span> <span class='ocrx_word' id='word_1_7' title='bbox 1493 714 1608 757; x_wconf 87' lang='lat' dir='ltr'>non</span> <span class='ocrx_word' id='word_1_8' title='bbox 1636 696 1969 768; x_wconf 87' lang='lat' dir='ltr'>contendat,</span> <span class='ocrx_word' id='word_1_9' title='bbox 2001 693 2226 768; x_wconf 87' lang='lat' dir='ltr'>quando</span> <span class='ocrx_word' id='word_1_10' title='bbox 2254 691 2435 753; x_wconf 88' lang='lat' dir='ltr'>totius</span> <span class='ocrx_word' id='word_1_11' title='bbox 2462 690 2716 767; x_wconf 84' lang='lat' dir='ltr'>corporis</span> <span class='ocrx_word' id='word_1_12' title='bbox 2744 690 2912 753; x_wconf 82' lang='lat' dir='ltr'>habi·</span> 
     </span>
     <span class='ocr_line' id='line_1_3' title="bbox 662 793 2914 874; baseline -0.001 -17"><span class='ocrx_word' id='word_1_13' title='bbox 662 801 758 858; x_wconf 87' lang='lat' dir='ltr'>tus</span> <span class='ocrx_word' id='word_1_14' title='bbox 788 803 1078 861; x_wconf 76' lang='lat' dir='ltr'>senectute</span> <span class='ocrx_word' id='word_1_15' title='bbox 1108 800 1398 862; x_wconf 83' lang='lat' dir='ltr'>confectus</span> <span class='ocrx_word' id='word_1_16' title='bbox 1427 801 1500 860; x_wconf 88' lang='lat' dir='ltr'>ad</span> <span class='ocrx_word' id='word_1_17' title='bbox 1525 799 1821 860; x_wconf 87' lang='lat' dir='ltr'>interitum</span> <span class='ocrx_word' id='word_1_18' title='bbox 1848 799 2159 874; x_wconf 74' lang='lat' dir='ltr'>properat?</span> <span class='ocrx_word' id='word_1_19' title='bbox 2206 797 2341 856; x_wconf 89' lang='lat' dir='ltr'>dum</span> <span class='ocrx_word' id='word_1_20' title='bbox 2386 794 2536 857; x_wconf 86' lang='lat' dir='ltr'>oculi</span> <span class='ocrx_word' id='word_1_21' title='bbox 2574 793 2914 870; x_wconf 79' lang='lat' dir='ltr'>caliginant,</span> 
     </span>
     <span class='ocr_line' id='line_1_4' title="bbox 664 898 2911 979; baseline -0.002 -18"><span class='ocrx_word' id='word_1_22' title='bbox 664 904 822 963; x_wconf 86' lang='lat' dir='ltr'>auris</span> <span class='ocrx_word' id='word_1_23' title='bbox 849 902 1106 977; x_wconf 77' lang='lat' dir='ltr'>grauiter</span> <span class='ocrx_word' id='word_1_24' title='bbox 1133 903 1295 963; x_wconf 89' lang='lat' dir='ltr'>audit</span> <span class='ocrx_word' id='word_1_25' title='bbox 1310 949 1327 976; x_wconf 91' lang='lat'>,</span> <span class='ocrx_word' id='word_1_26' title='bbox 1373 904 1570 979; x_wconf 90' lang='lat' dir='ltr'>capilli</span> <span class='ocrx_word' id='word_1_27' title='bbox 1597 898 1793 963; x_wconf 87' lang='lat' dir='ltr'>fluunt</span> <span class='ocrx_word' id='word_1_28' title='bbox 1806 946 1822 975; x_wconf 88' lang='lat'>,</span> <span class='ocrx_word' id='word_1_29' title='bbox 1874 901 2053 963; x_wconf 82' lang='lat' dir='ltr'>facies</span> <span class='ocrx_word' id='word_1_30' title='bbox 2080 901 2143 961; x_wconf 88' lang='lat' dir='ltr'>in</span> <span class='ocrx_word' id='word_1_31' title='bbox 2168 900 2367 975; x_wconf 80' lang='lat' dir='ltr'>palore</span> <span class='ocrx_word' id='word_1_32' title='bbox 2394 900 2647 959; x_wconf 80' lang='lat' dir='ltr'>mutatur</span> <span class='ocrx_word' id='word_1_33' title='bbox 2660 943 2679 973; x_wconf 89' lang='lat'>,</span> <span class='ocrx_word' id='word_1_34' title='bbox 2709 898 2911 957; x_wconf 87' lang='lat' dir='ltr'>dentes</span> 
     </span>
     <span class='ocr_line' id='line_1_5' title="bbox 662 1002 2917 1080; baseline -0.002 -16"><span class='ocrx_word' id='word_1_35' title='bbox 662 1006 804 1067; x_wconf 88' lang='lat' dir='ltr'>lassi</span> <span class='ocrx_word' id='word_1_36' title='bbox 831 1022 1062 1067; x_wconf 90' lang='lat' dir='ltr'>numero</span> <span class='ocrx_word' id='word_1_37' title='bbox 1091 1006 1438 1080; x_wconf 85' lang='lat' dir='ltr'>minuuntur,</span> <span class='ocrx_word' id='word_1_38' title='bbox 1469 1006 1621 1067; x_wconf 86' lang='lat' dir='ltr'>cutis</span> <span class='ocrx_word' id='word_1_39' title='bbox 1650 1004 1879 1078; x_wconf 75' lang='lat' dir='ltr'>arescit,</span> <span class='ocrx_word' id='word_1_40' title='bbox 1909 1004 2079 1064; x_wconf 85' lang='lat' dir='ltr'>flatus</span> <span class='ocrx_word' id='word_1_41' title='bbox 2108 1020 2221 1063; x_wconf 92' lang='lat' dir='ltr'>non</span> <span class='ocrx_word' id='word_1_42' title='bbox 2250 1003 2501 1063; x_wconf 88' lang='lat' dir='ltr'>suauiter</span> <span class='ocrx_word' id='word_1_43' title='bbox 2530 1002 2649 1063; x_wconf 86' lang='lat' dir='ltr'>olet</span> <span class='ocrx_word' id='word_1_44' title='bbox 2662 1046 2679 1074; x_wconf 89' lang='lat'>,</span> <span class='ocrx_word' id='word_1_45' title='bbox 2714 1003 2917 1077; x_wconf 90' lang='lat' dir='ltr'>pectus</span> 
     </span>
     <span class='ocr_line' id='line_1_6' title="bbox 664 1106 2957 1184; baseline -0.003 -15"><span class='ocrx_word' id='word_1_46' title='bbox 664 1110 973 1170; x_wconf 73' lang='lat' dir='ltr'>suffocatur</span> <span class='ocrx_word' id='word_1_47' title='bbox 987 1155 1004 1182; x_wconf 88' lang='lat'>,</span> <span class='ocrx_word' id='word_1_48' title='bbox 1051 1110 1230 1171; x_wconf 86' lang='lat' dir='ltr'>tussis</span> <span class='ocrx_word' id='word_1_49' title='bbox 1269 1110 1592 1183; x_wconf 84' lang='lat' dir='ltr'>cachinnat,</span> <span class='ocrx_word' id='word_1_50' title='bbox 1643 1125 1832 1184; x_wconf 78' lang='lat' dir='ltr'>genua</span> <span class='ocrx_word' id='word_1_51' title='bbox 1858 1108 2149 1183; x_wconf 83' lang='lat' dir='ltr'>trepidant</span> <span class='ocrx_word' id='word_1_52' title='bbox 2162 1152 2178 1181; x_wconf 90' lang='lat'>,</span> <span class='ocrx_word' id='word_1_53' title='bbox 2218 1106 2368 1167; x_wconf 67' lang='lat' dir='ltr'>mos</span> <span class='ocrx_word' id='word_1_54' title='bbox 2410 1108 2471 1167; x_wconf 93' lang='lat' dir='ltr'>et</span> <span class='ocrx_word' id='word_1_55' title='bbox 2512 1106 2687 1179; x_wconf 88' lang='lat' dir='ltr'>pedes</span> <span class='ocrx_word' id='word_1_56' title='bbox 2726 1107 2915 1165; x_wconf 85' lang='lat' dir='ltr'>tumor</span> <span class='ocrx_word' id='word_1_57' title='bbox 2932 1124 2957 1163; x_wconf 77' lang='lat' dir='ltr'>s</span> 
     </span>
     <span class='ocr_line' id='line_1_7' title="bbox 661 1209 2915 1287; baseline -0.003 -14"><span class='ocrx_word' id='word_1_58' title='bbox 661 1212 854 1273; x_wconf 85' lang='lat' dir='ltr'>inflat:</span> <span class='ocrx_word' id='word_1_59' title='bbox 887 1214 1050 1273; x_wconf 87' lang='lat' dir='ltr'>homo</span> <span class='ocrx_word' id='word_1_60' title='bbox 1079 1211 1314 1273; x_wconf 87' lang='lat' dir='ltr'>interior</span> <span class='ocrx_word' id='word_1_61' title='bbox 1336 1213 1438 1287; x_wconf 85' lang='lat' dir='ltr'>qui</span> <span class='ocrx_word' id='word_1_62' title='bbox 1457 1224 1570 1272; x_wconf 90' lang='lat' dir='ltr'>non</span> <span class='ocrx_word' id='word_1_63' title='bbox 1599 1212 1847 1274; x_wconf 76' lang='lat' dir='ltr'>senescit</span> <span class='ocrx_word' id='word_1_64' title='bbox 1874 1212 1967 1271; x_wconf 87' lang='lat' dir='ltr'>his</span> <span class='ocrx_word' id='word_1_65' title='bbox 1996 1211 2258 1273; x_wconf 85' lang='lat' dir='ltr'>omnibus</span> <span class='ocrx_word' id='word_1_66' title='bbox 2286 1210 2655 1285; x_wconf 78' lang='lat' dir='ltr'>adgrauatur.</span> <span class='ocrx_word' id='word_1_67' title='bbox 2687 1212 2749 1269; x_wconf 89' lang='lat' dir='ltr'>et</span> <span class='ocrx_word' id='word_1_68' title='bbox 2768 1209 2915 1267; x_wconf 87' lang='lat' dir='ltr'>haec</span> 
     </span>
     <span class='ocr_line' id='line_1_8' title="bbox 659 1312 2913 1401; baseline -0.002 -26"><span class='ocrx_word' id='word_1_69' title='bbox 659 1315 850 1375; x_wconf 86' lang='lat' dir='ltr'>omnia</span> <span class='ocrx_word' id='word_1_70' title='bbox 878 1315 1155 1375; x_wconf 74' lang='lat' dir='ltr'><strong>ruituram</strong></span> <span class='ocrx_word' id='word_1_71' title='bbox 1185 1316 1298 1375; x_wconf 83' lang='lat' dir='ltr'>iam</span> <span class='ocrx_word' id='word_1_72' title='bbox 1333 1314 1558 1389; x_wconf 87' lang='lat' dir='ltr'>iamque</span> <span class='ocrx_word' id='word_1_73' title='bbox 1598 1315 1827 1377; x_wconf 87' lang='lat' dir='ltr'>domum</span> <span class='ocrx_word' id='word_1_74' title='bbox 1854 1314 2107 1401; x_wconf 86' lang='lat' dir='ltr'>corporis</span> <span class='ocrx_word' id='word_1_75' title='bbox 2147 1314 2263 1377; x_wconf 87' lang='lat' dir='ltr'>cito</span> <span class='ocrx_word' id='word_1_76' title='bbox 2290 1313 2719 1388; x_wconf 80' lang='lat' dir='ltr'>praenuntiant.</span> <span class='ocrx_word' id='word_1_77' title='bbox 2770 1312 2913 1387; x_wconf 88' lang='lat' dir='ltr'>quid</span> 
     </span>
     <span class='ocr_line' id='line_1_9' title="bbox 657 1414 2911 1493; baseline -0.001 -16"><span class='ocrx_word' id='word_1_78' title='bbox 657 1435 794 1493; x_wconf 81' lang='lat' dir='ltr'>ergo</span> <span class='ocrx_word' id='word_1_79' title='bbox 821 1422 1102 1493; x_wconf 79' lang='lat' dir='ltr'>superest,</span> <span class='ocrx_word' id='word_1_80' title='bbox 1132 1419 1244 1478; x_wconf 87' lang='lat' dir='ltr'>nisi</span> <span class='ocrx_word' id='word_1_81' title='bbox 1277 1420 1358 1491; x_wconf 88' lang='lat' dir='ltr'>ut,</span> <span class='ocrx_word' id='word_1_82' title='bbox 1390 1419 1524 1479; x_wconf 88' lang='lat' dir='ltr'>dum</span> <span class='ocrx_word' id='word_1_83' title='bbox 1544 1418 1719 1479; x_wconf 89' lang='lat' dir='ltr'>huius</span> <span class='ocrx_word' id='word_1_84' title='bbox 1746 1418 1903 1479; x_wconf 84' lang='lat' dir='ltr'>uitae</span> <span class='ocrx_word' id='word_1_85' title='bbox 1931 1417 2187 1479; x_wconf 86' lang='lat' dir='ltr'>defectus</span> <span class='ocrx_word' id='word_1_86' title='bbox 2214 1415 2535 1490; x_wconf 85' lang='lat' dir='ltr'>adpropiat,</span> <span class='ocrx_word' id='word_1_87' title='bbox 2573 1415 2721 1475; x_wconf 87' lang='lat' dir='ltr'>nihil</span> <span class='ocrx_word' id='word_1_88' title='bbox 2750 1414 2911 1475; x_wconf 84' lang='lat' dir='ltr'>aliud</span> 
     </span>
     <span class='ocr_line' id='line_1_10' title="bbox 655 1518 2915 1596; baseline -0.002 -15"><span class='ocrx_word' id='word_1_89' title='bbox 655 1522 908 1595; x_wconf 82' lang='lat' dir='ltr'>cogitare</span> <span class='ocrx_word' id='word_1_90' title='bbox 927 1538 1096 1595; x_wconf 85' lang='lat' dir='ltr'>quam</span> <span class='ocrx_word' id='word_1_91' title='bbox 1117 1520 1393 1595; x_wconf 90' lang='lat' dir='ltr'>quomodo</span> <span class='ocrx_word' id='word_1_92' title='bbox 1415 1520 1645 1581; x_wconf 88' lang='lat' dir='ltr'>futurae</span> <span class='ocrx_word' id='word_1_93' title='bbox 1662 1522 1853 1583; x_wconf 83' lang='lat' dir='ltr'>aditus</span> <span class='ocrx_word' id='word_1_94' title='bbox 1874 1536 2141 1596; x_wconf 82' lang='lat' dir='ltr'>prospere</span> <span class='ocrx_word' id='word_1_95' title='bbox 2160 1518 2651 1593; x_wconf 74' lang='lat' dir='ltr'>conprehendatur</span> <span class='ocrx_word' id='word_1_96' title='bbox 2672 1518 2915 1594; x_wconf 80' lang='lat' dir='ltr'>quisque</span> 
     </span>
     <span class='ocr_line' id='line_1_11' title="bbox 657 1610 2987 1701; baseline -0.002 -14"><span class='ocrx_word' id='word_1_97' title='bbox 657 1610 834 1687; x_wconf 67' lang='lat' dir='ltr'>senex⁸</span> <span class='ocrx_word' id='word_1_98' title='bbox 859 1628 1094 1701; x_wconf 84' lang='lat' dir='ltr'>appetat</span> <span class='ocrx_word' id='word_1_99' title='bbox 1109 1631 1138 1686; x_wconf 81' lang='lat'><strong>?</strong></span> <span class='ocrx_word' id='word_1_100' title='bbox 1171 1625 1474 1687; x_wconf 89' lang='lat' dir='ltr'>iuuenibus</span> <span class='ocrx_word' id='word_1_101' title='bbox 1514 1626 1666 1686; x_wconf 89' lang='lat' dir='ltr'>enim</span> <span class='ocrx_word' id='word_1_102' title='bbox 1696 1626 1948 1687; x_wconf 88' lang='lat' dir='ltr'>incertus</span> <span class='ocrx_word' id='word_1_103' title='bbox 1989 1626 2159 1689; x_wconf 88' lang='lat' dir='ltr'>huius</span> <span class='ocrx_word' id='word_1_104' title='bbox 2202 1630 2357 1689; x_wconf 85' lang='lat' dir='ltr'>uitae</span> <span class='ocrx_word' id='word_1_105' title='bbox 2384 1623 2665 1689; x_wconf 85' lang='lat' dir='ltr'>terminus</span> <span class='ocrx_word' id='word_1_106' title='bbox 2706 1624 2913 1700; x_wconf 86' lang='lat' dir='ltr'>instat,</span> <span class='ocrx_word' id='word_1_107' title='bbox 2934 1643 2987 1683; x_wconf 82' lang='grc' dir='ltr'>ιο</span> 
     </span>
     <span class='ocr_line' id='line_1_12' title="bbox 659 1728 2911 1807; baseline -0.002 -18"><span class='ocrx_word' id='word_1_108' title='bbox 659 1730 889 1790; x_wconf 89' lang='lat' dir='ltr'>senibus</span> <span class='ocrx_word' id='word_1_109' title='bbox 919 1746 1054 1789; x_wconf 88' lang='lat' dir='ltr'>uero</span> <span class='ocrx_word' id='word_1_110' title='bbox 1083 1729 1304 1789; x_wconf 84' lang='lat' dir='ltr'>cunctis</span> <span class='ocrx_word' id='word_1_111' title='bbox 1331 1729 1605 1789; x_wconf 75' lang='lat' dir='ltr'>maturior</span> <span class='ocrx_word' id='word_1_112' title='bbox 1627 1744 1697 1789; x_wconf 86' lang='lat' dir='ltr'>ex</span> <span class='ocrx_word' id='word_1_113' title='bbox 1718 1728 1829 1789; x_wconf 89' lang='lat' dir='ltr'>hac</span> <span class='ocrx_word' id='word_1_114' title='bbox 1849 1729 1975 1790; x_wconf 90' lang='lat' dir='ltr'>luce</span> <span class='ocrx_word' id='word_1_115' title='bbox 1996 1746 2255 1791; x_wconf 86' lang='lat' dir='ltr'>recessus</span> <span class='ocrx_word' id='word_1_116' title='bbox 2279 1730 2547 1807; x_wconf 87' lang='lat' dir='ltr'>[breuiter</span> <span class='ocrx_word' id='word_1_117' title='bbox 2568 1728 2911 1805; x_wconf 79' lang='lat' dir='ltr'>concordatl.</span> 
     </span>
     <span class='ocr_line' id='line_1_13' title="bbox 659 1831 2917 1909; baseline -0.001 -16"><span class='ocrx_word' id='word_1_118' title='bbox 659 1834 946 1893; x_wconf 81' lang='lat' dir='ltr'>cauendae</span> <span class='ocrx_word' id='word_1_119' title='bbox 976 1834 1112 1893; x_wconf 87' lang='lat' dir='ltr'>sunt</span> <span class='ocrx_word' id='word_1_120' title='bbox 1140 1848 1276 1907; x_wconf 80' lang='lat' dir='ltr'>ergo</span> <span class='ocrx_word' id='word_1_121' title='bbox 1305 1831 1522 1893; x_wconf 85' lang='lat' dir='ltr'>homini</span> <span class='ocrx_word' id='word_1_122' title='bbox 1563 1833 1711 1893; x_wconf 87' lang='lat' dir='ltr'>duae</span> <span class='ocrx_word' id='word_1_123' title='bbox 1752 1832 2068 1907; x_wconf 67' lang='lat' dir='ltr'>particulae</span> <span class='ocrx_word' id='word_1_124' title='bbox 2088 1878 2105 1907; x_wconf 91' lang='lat'>,</span> <span class='ocrx_word' id='word_1_125' title='bbox 2147 1850 2291 1909; x_wconf 89' lang='lat' dir='ltr'>quae</span> <span class='ocrx_word' id='word_1_126' title='bbox 2320 1836 2381 1895; x_wconf 87' lang='lat' dir='ltr'>in</span> <span class='ocrx_word' id='word_1_127' title='bbox 2410 1832 2571 1893; x_wconf 87' lang='lat' dir='ltr'>illius</span> <span class='ocrx_word' id='word_1_128' title='bbox 2596 1848 2771 1893; x_wconf 84' lang='lat' dir='ltr'>carne</span> <span class='ocrx_word' id='word_1_129' title='bbox 2798 1850 2917 1893; x_wconf 88' lang='lat' dir='ltr'>non</span> 
     </span>
    </p>

    <p class='ocr_par' dir='ltr' id='par_1_3' title="bbox 557 1935 2979 2720">
     <span class='ocr_line' id='line_1_14' title="bbox 557 1935 2919 2012; baseline -0.001 -18"><span class='ocrx_word' id='word_1_130' title='bbox 557 1962 564 1967; x_wconf 95' lang='lat'>·</span> <span class='ocrx_word' id='word_1_131' title='bbox 658 1938 1022 1997; x_wconf 86' lang='lat' dir='ltr'>ueterescunt</span> <span class='ocrx_word' id='word_1_132' title='bbox 1043 1938 1104 1995; x_wconf 92' lang='lat' dir='ltr'>et</span> <span class='ocrx_word' id='word_1_133' title='bbox 1131 1937 1316 1997; x_wconf 85' lang='lat' dir='ltr'>totum</span> <span class='ocrx_word' id='word_1_134' title='bbox 1343 1935 1628 1997; x_wconf 87' lang='lat' dir='ltr'>hominem</span> <span class='ocrx_word' id='word_1_135' title='bbox 1656 1936 1730 1995; x_wconf 87' lang='lat' dir='ltr'>ad</span> <span class='ocrx_word' id='word_1_136' title='bbox 1757 1938 2103 2011; x_wconf 86' lang='lat' dir='ltr'>peccandum</span> <span class='ocrx_word' id='word_1_137' title='bbox 2129 1938 2487 2012; x_wconf 83' lang='lat' dir='ltr'>pertrahunt,</span> <span class='ocrx_word' id='word_1_138' title='bbox 2520 1953 2616 1996; x_wconf 89' lang='lat' dir='ltr'>cor</span> <span class='ocrx_word' id='word_1_139' title='bbox 2642 1936 2919 1997; x_wconf 83' lang='lat' dir='ltr'>uidelicet</span> 
     </span>
     <span class='ocr_line' id='line_1_15' title="bbox 659 2038 2909 2115; baseline -0.002 -14"><span class='ocrx_word' id='word_1_140' title='bbox 659 2042 717 2101; x_wconf 84' lang='lat' dir='ltr'>et</span> <span class='ocrx_word' id='word_1_141' title='bbox 745 2039 978 2113; x_wconf 81' lang='lat' dir='ltr'>lingua:</span> <span class='ocrx_word' id='word_1_142' title='bbox 1009 2038 1146 2113; x_wconf 67' lang='lat' dir='ltr'>quia</span> <span class='ocrx_word' id='word_1_143' title='bbox 1173 2056 1270 2099; x_wconf 91' lang='lat' dir='ltr'>cor</span> <span class='ocrx_word' id='word_1_144' title='bbox 1299 2056 1476 2100; x_wconf 81' lang='lat' dir='ltr'>nouas</span> <span class='ocrx_word' id='word_1_145' title='bbox 1505 2055 1730 2115; x_wconf 89' lang='lat' dir='ltr'>semper</span> <span class='ocrx_word' id='word_1_146' title='bbox 1758 2039 2139 2115; x_wconf 79' lang='lat' dir='ltr'>cogitationes</span> <span class='ocrx_word' id='word_1_147' title='bbox 2166 2039 2480 2101; x_wconf 87' lang='lat' dir='ltr'>machinari</span> <span class='ocrx_word' id='word_1_148' title='bbox 2530 2056 2644 2098; x_wconf 90' lang='lat' dir='ltr'>non</span> <span class='ocrx_word' id='word_1_149' title='bbox 2673 2038 2909 2111; x_wconf 85' lang='lat' dir='ltr'>desinit,</span> 
     </span>
     <span class='ocr_line' id='line_1_16' title="bbox 657 2141 2979 2218; baseline 0 -19"><span class='ocrx_word' id='word_1_150' title='bbox 657 2142 853 2217; x_wconf 83' lang='lat' dir='ltr'>lingua</span> <span class='ocrx_word' id='word_1_151' title='bbox 894 2141 1117 2217; x_wconf 85' lang='lat' dir='ltr'>inpigre</span> <span class='ocrx_word' id='word_1_152' title='bbox 1158 2142 1411 2218; x_wconf 89' lang='lat' dir='ltr'>loquitur</span> <span class='ocrx_word' id='word_1_153' title='bbox 1463 2142 1849 2217; x_wconf 87' lang='lat' dir='ltr'>quodcumque</span> <span class='ocrx_word' id='word_1_154' title='bbox 1891 2161 1988 2204; x_wconf 87' lang='lat' dir='ltr'>cor</span> <span class='ocrx_word' id='word_1_155' title='bbox 2028 2142 2343 2205; x_wconf 88' lang='lat' dir='ltr'>machinari</span> <span class='ocrx_word' id='word_1_156' title='bbox 2382 2142 2647 2203; x_wconf 88' lang='lat' dir='ltr'>senserit.</span> <span class='ocrx_word' id='word_1_157' title='bbox 2706 2144 2913 2201; x_wconf 86' lang='lat' dir='ltr'>caueat</span> <span class='ocrx_word' id='word_1_158' title='bbox 2931 2159 2979 2200; x_wconf 70' lang='grc' dir='ltr'>ιε</span> 
     </span>
     <span class='ocr_line' id='line_1_17' title="bbox 657 2244 2909 2322; baseline -0 -18"><span class='ocrx_word' id='word_1_159' title='bbox 657 2259 791 2319; x_wconf 84' lang='lat' dir='ltr'>ergo</span> <span class='ocrx_word' id='word_1_160' title='bbox 822 2244 1022 2304; x_wconf 81' lang='lat' dir='ltr'>senilis</span> <span class='ocrx_word' id='word_1_161' title='bbox 1051 2250 1228 2319; x_wconf 82' lang='lat' dir='ltr'>aetas,</span> <span class='ocrx_word' id='word_1_162' title='bbox 1271 2262 1342 2306; x_wconf 91' lang='lat' dir='ltr'>ne</span> <span class='ocrx_word' id='word_1_163' title='bbox 1391 2246 1540 2305; x_wconf 88' lang='lat' dir='ltr'>istae</span> <span class='ocrx_word' id='word_1_164' title='bbox 1580 2246 2011 2307; x_wconf 87' lang='lat' dir='ltr'>inuenescentes</span> <span class='ocrx_word' id='word_1_165' title='bbox 2050 2246 2363 2322; x_wconf 81' lang='lat' dir='ltr'>particulae</span> <span class='ocrx_word' id='word_1_166' title='bbox 2406 2247 2585 2306; x_wconf 84' lang='lat' dir='ltr'>totam</span> <span class='ocrx_word' id='word_1_167' title='bbox 2614 2244 2729 2304; x_wconf 85' lang='lat' dir='ltr'>sibi</span> <span class='ocrx_word' id='word_1_168' title='bbox 2770 2246 2909 2304; x_wconf 85' lang='lat' dir='ltr'>har-</span> 
     </span>
     <span class='ocr_line' id='line_1_18' title="bbox 657 2347 2909 2425; baseline -0 -18"><span class='ocrx_word' id='word_1_169' title='bbox 657 2348 904 2409; x_wconf 86' lang='lat' dir='ltr'>moniam</span> <span class='ocrx_word' id='word_1_170' title='bbox 932 2348 1221 2423; x_wconf 86' lang='lat' dir='ltr'>decipiant</span> <span class='ocrx_word' id='word_1_171' title='bbox 1249 2351 1310 2409; x_wconf 91' lang='lat' dir='ltr'>et</span> <span class='ocrx_word' id='word_1_172' title='bbox 1336 2364 1440 2423; x_wconf 85' lang='lat' dir='ltr'>per</span> <span class='ocrx_word' id='word_1_173' title='bbox 1467 2365 1559 2409; x_wconf 88' lang='lat' dir='ltr'>ree</span> <span class='ocrx_word' id='word_1_174' title='bbox 1589 2349 1813 2423; x_wconf 85' lang='lat' dir='ltr'>ineptas</span> <span class='ocrx_word' id='word_1_175' title='bbox 1840 2349 2048 2424; x_wconf 88' lang='lat' dir='ltr'>reliqui</span> <span class='ocrx_word' id='word_1_176' title='bbox 2076 2349 2327 2425; x_wconf 87' lang='lat' dir='ltr'>corporis</span> <span class='ocrx_word' id='word_1_177' title='bbox 2378 2348 2727 2423; x_wconf 77' lang='lat' dir='ltr'>grauitatem</span> <span class='ocrx_word' id='word_1_178' title='bbox 2754 2347 2909 2407; x_wconf 87' lang='lat' dir='ltr'>inlu-</span> 
     </span>
     <span class='ocr_line' id='line_1_19' title="bbox 659 2448 2915 2529; baseline -0.001 -17"><span class='ocrx_word' id='word_1_179' title='bbox 659 2452 815 2512; x_wconf 84' lang='lat' dir='ltr'>dant.</span> <span class='ocrx_word' id='word_1_180' title='bbox 861 2450 1162 2527; x_wconf 87' lang='lat' dir='ltr'>unicuique</span> <span class='ocrx_word' id='word_1_181' title='bbox 1191 2468 1431 2526; x_wconf 87' lang='lat' dir='ltr'>namque</span> <span class='ocrx_word' id='word_1_182' title='bbox 1461 2448 1934 2514; x_wconf 86' lang='lat' dir='ltr'>considerandum</span> <span class='ocrx_word' id='word_1_183' title='bbox 1960 2455 2053 2514; x_wconf 88' lang='lat' dir='ltr'>est</span> <span class='ocrx_word' id='word_1_184' title='bbox 2079 2453 2217 2529; x_wconf 89' lang='lat' dir='ltr'>quid</span> <span class='ocrx_word' id='word_1_185' title='bbox 2258 2454 2447 2513; x_wconf 88' lang='lat' dir='ltr'>aetate</span> <span class='ocrx_word' id='word_1_186' title='bbox 2494 2452 2767 2513; x_wconf 85' lang='lat' dir='ltr'>eminenti</span> <span class='ocrx_word' id='word_1_187' title='bbox 2796 2451 2915 2511; x_wconf 86' lang='lat' dir='ltr'>iam</span> 
     </span>
     <span class='ocr_line' id='line_1_20' title="bbox 655 2555 2915 2632; baseline 0 -18"><span class='ocrx_word' id='word_1_188' title='bbox 655 2556 892 2631; x_wconf 82' lang='lat' dir='ltr'>dignum</span> <span class='ocrx_word' id='word_1_189' title='bbox 919 2558 1028 2630; x_wconf 89' lang='lat' dir='ltr'>est,</span> <span class='ocrx_word' id='word_1_190' title='bbox 1061 2558 1129 2616; x_wconf 88' lang='lat' dir='ltr'>ut</span> <span class='ocrx_word' id='word_1_191' title='bbox 1157 2555 1265 2617; x_wconf 87' lang='lat' dir='ltr'>hoc</span> <span class='ocrx_word' id='word_1_192' title='bbox 1295 2557 1432 2632; x_wconf 77' lang='lat' dir='ltr'>agat</span> <span class='ocrx_word' id='word_1_193' title='bbox 1458 2556 1608 2630; x_wconf 86' lang='lat' dir='ltr'>quod</span> <span class='ocrx_word' id='word_1_194' title='bbox 1636 2574 1742 2618; x_wconf 89' lang='lat' dir='ltr'>nec</span> <span class='ocrx_word' id='word_1_195' title='bbox 1772 2555 1951 2616; x_wconf 87' lang='lat' dir='ltr'>uitam</span> <span class='ocrx_word' id='word_1_196' title='bbox 1978 2572 2083 2618; x_wconf 86' lang='lat' dir='ltr'>nec</span> <span class='ocrx_word' id='word_1_197' title='bbox 2112 2558 2362 2618; x_wconf 86' lang='lat' dir='ltr'>aetatem</span> <span class='ocrx_word' id='word_1_198' title='bbox 2390 2572 2495 2618; x_wconf 91' lang='lat' dir='ltr'>nec</span> <span class='ocrx_word' id='word_1_199' title='bbox 2524 2555 2915 2618; x_wconf 83' lang='lat' dir='ltr'>ministerium</span> 
     </span>
     <span class='ocr_line' id='line_1_21' title="bbox 655 2660 2976 2720; baseline 0.001 -2"><span class='ocrx_word' id='word_1_200' title='bbox 655 2660 772 2720; x_wconf 90' lang='lat' dir='ltr'>uile</span> <span class='ocrx_word' id='word_1_201' title='bbox 800 2661 1018 2718; x_wconf 88' lang='lat' dir='ltr'>reddat.</span> <span class='ocrx_word' id='word_1_202' title='bbox 2924 2679 2976 2720; x_wconf 74' lang='lat' dir='ltr'>ne</span> 
     </span>
    </p>
   </div>
   <div class='ocr_carea' id='block_1_3' title="bbox 1132 2829 2426 2910">
    <p class='ocr_par' dir='ltr' id='par_1_4' title="bbox 1132 2829 2426 2910">
     <span class='ocr_line' id='line_1_22' title="bbox 1132 2829 2426 2910; baseline 0.002 -2"><span class='ocrx_word' id='word_1_203' title='bbox 1132 2829 1625 2910; x_wconf 75' lang='lat' dir='ltr'>ADVLESCENS</span> <span class='ocrx_word' id='word_1_204' title='bbox 1674 2847 1851 2908; x_wconf 70' lang='lat' dir='ltr'>snm</span> <span class='ocrx_word' id='word_1_205' title='bbox 1896 2848 2426 2910; x_wconf 68' lang='lat' dir='ltr'>ossonnmum.</span> 
     </span>
    </p>
   </div>
   <div class='ocr_carea' id='block_1_4' title="bbox 599 2957 2913 3167">
    <p class='ocr_par' dir='ltr' id='par_1_5' title="bbox 599 2957 2913 3167">
     <span class='ocr_line' id='line_1_23' title="bbox 599 2957 2913 3080; baseline -0.001 -32"><span class='ocrx_word' id='word_1_206' title='bbox 599 2990 638 3048; x_wconf 89' lang='lat'><strong>3</strong></span> <span class='ocrx_word' id='word_1_207' title='bbox 739 2987 966 3046; x_wconf 83' lang='lat' dir='ltr'>Tertius</span> <span class='ocrx_word' id='word_1_208' title='bbox 994 2986 1196 3046; x_wconf 90' lang='lat' dir='ltr'>deinde</span> <span class='ocrx_word' id='word_1_209' title='bbox 1218 2987 1428 3062; x_wconf 78' lang='lat' dir='ltr'>gradus</span> <span class='ocrx_word' id='word_1_210' title='bbox 1457 2989 1546 3046; x_wconf 89' lang='lat' dir='ltr'>est</span> <span class='ocrx_word' id='word_1_211' title='bbox 1586 2987 1921 3048; x_wconf 85' lang='lat' dir='ltr'>adulescens</span> <span class='ocrx_word' id='word_1_212' title='bbox 1961 2987 2091 3080; x_wconf 31' lang='lat' dir='ltr'>sine·</span> <span class='ocrx_word' id='word_1_213' title='bbox 2115 2987 2490 3059; x_wconf 82' lang='lat' dir='ltr'>oboedientia,</span> <span class='ocrx_word' id='word_1_214' title='bbox 2522 2957 2632 3062; x_wconf 76' lang='lat' dir='ltr'>quo</span> <span class='ocrx_word' id='word_1_215' title='bbox 2662 2986 2913 3048; x_wconf 89' lang='lat' dir='ltr'>mundns</span> 
     </span>
     <span class='ocr_line' id='line_1_24' title="bbox 659 3089 2913 3167; baseline 0.002 -20"><span class='ocrx_word' id='word_1_216' title='bbox 659 3107 694 3148; x_wconf 85' lang='lat' dir='ltr'>a</span> <span class='ocrx_word' id='word_1_217' title='bbox 735 3093 888 3150; x_wconf 89' lang='lat' dir='ltr'>recto</span> <span class='ocrx_word' id='word_1_218' title='bbox 949 3089 1188 3150; x_wconf 86' lang='lat' dir='ltr'>rationis</span> <span class='ocrx_word' id='word_1_219' title='bbox 1245 3089 1439 3150; x_wconf 83' lang='lat' dir='ltr'>ordine</span> <span class='ocrx_word' id='word_1_220' title='bbox 1498 3091 1857 3166; x_wconf 73' lang='lat' dir='ltr'>deprauatur.</span> <span class='ocrx_word' id='word_1_221' title='bbox 1922 3090 2167 3165; x_wconf 88' lang='lat' dir='ltr'>qualiter</span> <span class='ocrx_word' id='word_1_222' title='bbox 2226 3107 2471 3167; x_wconf 84' lang='lat' dir='ltr'>namque</span> <span class='ocrx_word' id='word_1_223' title='bbox 2522 3091 2585 3150; x_wconf 89' lang='lat' dir='ltr'>in</span> <span class='ocrx_word' id='word_1_224' title='bbox 2619 3092 2913 3151; x_wconf 80' lang='lat' dir='ltr'>senectute</span> 
     </span>
    </p>
   </div>
   <div class='ocr_carea' id='block_1_5' title="bbox 799 3425 2915 3498">
    <p class='ocr_par' dir='ltr' id='par_1_6' title="bbox 799 3425 2915 3498">
     <span class='ocr_line' id='line_1_25' title="bbox 799 3425 2915 3498; baseline 0.002 -19"><span class='ocrx_word' id='word_1_225' title='bbox 799 3428 828 3479; x_wconf 93' lang='lat'>1</span> <span class='ocrx_word' id='word_1_226' title='bbox 865 3425 1040 3480; x_wconf 90' lang='lat' dir='ltr'>totius</span> <span class='ocrx_word' id='word_1_227' title='bbox 1085 3427 1312 3481; x_wconf 58' lang='lat' dir='ltr'>uidetur</span> <span class='ocrx_word' id='word_1_228' title='bbox 1361 3441 1498 3480; x_wconf 82' lang='lat' dir='ltr'>corr.</span> <span class='ocrx_word' id='word_1_229' title='bbox 1538 3443 1606 3481; x_wconf 76' lang='lat' dir='ltr'>ex</span> <span class='ocrx_word' id='word_1_230' title='bbox 1650 3427 1813 3482; x_wconf 88' lang='lat' dir='ltr'>citius</span> <span class='ocrx_word' id='word_1_231' title='bbox 1856 3428 1907 3483; x_wconf 79' lang='lat' dir='ltr'><strong><em>G</em></strong></span> <span class='ocrx_word' id='word_1_232' title='bbox 2246 3430 2282 3482; x_wconf 84' lang='lat'><strong>2</strong></span> <span class='ocrx_word' id='word_1_233' title='bbox 2314 3429 2615 3498; x_wconf 80' lang='lat' dir='ltr'>caliginant</span> <span class='ocrx_word' id='word_1_234' title='bbox 2668 3428 2737 3495; x_wconf 79' lang='lat' dir='ltr'>G,</span> <span class='ocrx_word' id='word_1_235' title='bbox 2784 3428 2915 3484; x_wconf 82' lang='lat' dir='ltr'>cali·</span> 
     </span>
    </p>
   </div>
   <div class='ocr_carea' id='block_1_6' title="bbox 651 3511 2913 4279">
    <p class='ocr_par' dir='ltr' id='par_1_7' title="bbox 653 3511 2907 3672">
     <span class='ocr_line' id='line_1_26' title="bbox 653 3511 2907 3586; baseline 0.002 -21"><span class='ocrx_word' id='word_1_236' title='bbox 653 3513 787 3580; x_wconf 82' lang='lat' dir='ltr'>gant</span> <span class='ocrx_word' id='word_1_237' title='bbox 821 3515 882 3565; x_wconf 93' lang='lat' dir='ltr'><em>X</em></span> <span class='ocrx_word' id='word_1_238' title='bbox 886 3511 1000 3567; x_wconf 84' lang='lat' dir='ltr'>Vv·</span> <span class='ocrx_word' id='word_1_239' title='bbox 1151 3513 1185 3566; x_wconf 86' lang='lat'><strong>3</strong></span> <span class='ocrx_word' id='word_1_240' title='bbox 1221 3528 1375 3568; x_wconf 85' lang='lat' dir='ltr'>aures</span> <span class='ocrx_word' id='word_1_241' title='bbox 1410 3531 1462 3586; x_wconf 82' lang='lat' dir='ltr'>g.</span> <span class='ocrx_word' id='word_1_242' title='bbox 1502 3515 1733 3570; x_wconf 88' lang='lat' dir='ltr'>andiunt</span> <span class='ocrx_word' id='word_1_243' title='bbox 1775 3514 1945 3570; x_wconf 79' lang='lat' dir='ltr'><em>G²Xv</em></span> <span class='ocrx_word' id='word_1_244' title='bbox 2122 3515 2383 3585; x_wconf 86' lang='lat' dir='ltr'>pallorem</span> <span class='ocrx_word' id='word_1_245' title='bbox 2424 3514 2504 3571; x_wconf 78' lang='lat' dir='ltr'>Vn</span> <span class='ocrx_word' id='word_1_246' title='bbox 2686 3515 2724 3570; x_wconf 83' lang='lat'>4</span> <span class='ocrx_word' id='word_1_247' title='bbox 2756 3514 2907 3585; x_wconf 84' lang='lat' dir='ltr'>lassi]</span> 
     </span>
     <span class='ocr_line' id='line_1_27' title="bbox 653 3597 2842 3672; baseline 0.004 -21"><span class='ocrx_word' id='word_1_248' title='bbox 653 3597 794 3666; x_wconf 86' lang='lat' dir='ltr'>lapsi</span> <span class='ocrx_word' id='word_1_249' title='bbox 827 3614 860 3652; x_wconf 87' lang='lat' dir='ltr'><strong><em>v</em></strong></span> <span class='ocrx_word' id='word_1_250' title='bbox 1075 3599 1110 3653; x_wconf 81' lang='lat'>5</span> <span class='ocrx_word' id='word_1_251' title='bbox 1143 3600 1390 3656; x_wconf 86' lang='lat' dir='ltr'>cacinnat</span> <span class='ocrx_word' id='word_1_252' title='bbox 1425 3605 1503 3668; x_wconf 89' lang='lat' dir='ltr'>X,</span> <span class='ocrx_word' id='word_1_253' title='bbox 1539 3602 1819 3656; x_wconf 67' lang='lat' dir='ltr'>cao-innat</span> <span class='ocrx_word' id='word_1_254' title='bbox 1856 3603 1907 3656; x_wconf 81' lang='lat' dir='ltr'><strong><em>G</em></strong></span> <span class='ocrx_word' id='word_1_255' title='bbox 2032 3611 2040 3620; x_wconf 77' lang='lat'><strong>⁴</strong></span> <span class='ocrx_word' id='word_1_256' title='bbox 2122 3603 2157 3656; x_wconf 87' lang='grc'><strong>6</strong></span> <span class='ocrx_word' id='word_1_257' title='bbox 2190 3601 2369 3672; x_wconf 85' lang='lat' dir='ltr'>homo]</span> <span class='ocrx_word' id='word_1_258' title='bbox 2407 3602 2575 3656; x_wconf 86' lang='lat' dir='ltr'>etiam</span> <span class='ocrx_word' id='word_1_259' title='bbox 2610 3601 2771 3658; x_wconf 87' lang='lat' dir='ltr'>homo</span> <span class='ocrx_word' id='word_1_260' title='bbox 2806 3619 2842 3658; x_wconf 83' lang='lat' dir='ltr'><strong><em>v</em></strong></span> 
     </span>
    </p>

    <p class='ocr_par' dir='ltr' id='par_1_8' title="bbox 651 3677 2913 4192">
     <span class='ocr_line' id='line_1_28' title="bbox 655 3677 2912 3758; baseline 0.002 -20"><span class='ocrx_word' id='word_1_261' title='bbox 655 3685 684 3737; x_wconf 82' lang='lat'>7</span> <span class='ocrx_word' id='word_1_262' title='bbox 722 3684 903 3738; x_wconf 87' lang='lat' dir='ltr'>omnia</span> <span class='ocrx_word' id='word_1_263' title='bbox 937 3699 1037 3739; x_wconf 86' lang='lat' dir='ltr'>om.</span> <span class='ocrx_word' id='word_1_264' title='bbox 1075 3687 1137 3739; x_wconf 89' lang='lat' dir='ltr'><em>X</em></span> <span class='ocrx_word' id='word_1_265' title='bbox 1159 3677 1168 3686; x_wconf 75' lang='grc'><strong>”</strong></span> <span class='ocrx_word' id='word_1_266' title='bbox 1337 3688 1373 3742; x_wconf 92' lang='grc'><strong>8</strong></span> <span class='ocrx_word' id='word_1_267' title='bbox 1407 3691 1472 3742; x_wconf 88' lang='lat' dir='ltr'>ut</span> <span class='ocrx_word' id='word_1_268' title='bbox 1505 3703 1604 3744; x_wconf 86' lang='lat' dir='ltr'>om.</span> <span class='ocrx_word' id='word_1_269' title='bbox 1650 3689 1704 3744; x_wconf 99' lang='lat' dir='ltr'><strong><em>V</em></strong></span> <span class='ocrx_word' id='word_1_270' title='bbox 1902 3689 2029 3744; x_wconf 91' lang='lat' dir='ltr'>dum</span> <span class='ocrx_word' id='word_1_271' title='bbox 2064 3705 2164 3744; x_wconf 87' lang='lat' dir='ltr'>om.</span> <span class='ocrx_word' id='word_1_272' title='bbox 2201 3689 2262 3744; x_wconf 85' lang='lat' dir='ltr'><em>X</em></span> <span class='ocrx_word' id='word_1_273' title='bbox 2466 3688 2751 3758; x_wconf 81' lang='lat' dir='ltr'>adpropiat</span> <span class='ocrx_word' id='word_1_274' title='bbox 2778 3689 2912 3756; x_wconf 76' lang='lat' dir='ltr'>GX,</span> 
     </span>
     <span class='ocr_line' id='line_1_29' title="bbox 652 3769 2911 3847; baseline 0.003 -23"><span class='ocrx_word' id='word_1_275' title='bbox 652 3769 1085 3840; x_wconf 82' lang='lat' dir='ltr'>adpropinquant</span> <span class='ocrx_word' id='word_1_276' title='bbox 1125 3772 1208 3828; x_wconf 77' lang='lat' dir='ltr'>Vv</span> <span class='ocrx_word' id='word_1_277' title='bbox 1481 3776 1516 3830; x_wconf 88' lang='grc'><strong>9</strong></span> <span class='ocrx_word' id='word_1_278' title='bbox 1551 3775 1588 3828; x_wconf 80' lang='lat' dir='ltr'>f.</span> <span class='ocrx_word' id='word_1_279' title='bbox 1626 3774 1827 3844; x_wconf 82' lang='lat' dir='ltr'>aditus]</span> <span class='ocrx_word' id='word_1_280' title='bbox 1864 3775 2053 3830; x_wconf 82' lang='lat' dir='ltr'>futura</span> <span class='ocrx_word' id='word_1_281' title='bbox 2087 3775 2359 3830; x_wconf 85' lang='lat' dir='ltr'>habitatio</span> <span class='ocrx_word' id='word_1_282' title='bbox 2392 3791 2427 3830; x_wconf 81' lang='lat' dir='ltr'><em>v</em></span> <span class='ocrx_word' id='word_1_283' title='bbox 2688 3791 2911 3847; x_wconf 83' lang='lat' dir='ltr'>oonpre-</span> 
     </span>
     <span class='ocr_line' id='line_1_30' title="bbox 653 3854 2911 3927; baseline 0.004 -19"><span class='ocrx_word' id='word_1_284' title='bbox 653 3854 854 3910; x_wconf 87' lang='lat' dir='ltr'>hendat</span> <span class='ocrx_word' id='word_1_285' title='bbox 894 3857 948 3912; x_wconf 99' lang='lat' dir='ltr'><strong><em>V</em></strong></span> <span class='ocrx_word' id='word_1_286' title='bbox 1105 3857 1174 3913; x_wconf 92' lang='grc'>10</span> <span class='ocrx_word' id='word_1_287' title='bbox 1207 3859 1350 3914; x_wconf 87' lang='lat' dir='ltr'>enim</span> <span class='ocrx_word' id='word_1_288' title='bbox 1385 3877 1484 3916; x_wconf 86' lang='lat' dir='ltr'>om.</span> <span class='ocrx_word' id='word_1_289' title='bbox 1534 3860 1595 3927; x_wconf 87' lang='lat' dir='ltr'>V,</span> <span class='ocrx_word' id='word_1_290' title='bbox 1634 3865 1813 3918; x_wconf 84' lang='lat' dir='ltr'>autem</span> <span class='ocrx_word' id='word_1_291' title='bbox 1849 3865 1915 3916; x_wconf 88' lang='lat' dir='ltr'><em>X</em></span> <span class='ocrx_word' id='word_1_292' title='bbox 2072 3862 2137 3916; x_wconf 92' lang='lat'>11</span> <span class='ocrx_word' id='word_1_293' title='bbox 2172 3865 2415 3917; x_wconf 85' lang='lat' dir='ltr'>maturus</span> <span class='ocrx_word' id='word_1_294' title='bbox 2450 3863 2517 3916; x_wconf 90' lang='lat' dir='ltr'><em>X</em></span> <span class='ocrx_word' id='word_1_295' title='bbox 2670 3879 2911 3918; x_wconf 86' lang='lat' dir='ltr'>recessus</span> 
     </span>
     <span class='ocr_line' id='line_1_31' title="bbox 653 3942 2909 4015; baseline 0.006 -22"><span class='ocrx_word' id='word_1_296' title='bbox 653 3956 753 3994; x_wconf 78' lang='lat' dir='ltr'>om.</span> <span class='ocrx_word' id='word_1_297' title='bbox 791 3944 867 4007; x_wconf 89' lang='lat' dir='ltr'>X,</span> <span class='ocrx_word' id='word_1_298' title='bbox 903 3942 1074 3997; x_wconf 85' lang='lat' dir='ltr'>exitus</span> <span class='ocrx_word' id='word_1_299' title='bbox 1107 3961 1142 4000; x_wconf 85' lang='lat' dir='ltr'><strong><em>v</em></strong></span> <span class='ocrx_word' id='word_1_300' title='bbox 1347 3945 1584 4002; x_wconf 85' lang='lat' dir='ltr'>breuiter</span> <span class='ocrx_word' id='word_1_301' title='bbox 1618 3949 1901 4004; x_wconf 86' lang='lat' dir='ltr'>concordat</span> <span class='ocrx_word' id='word_1_302' title='bbox 1932 3965 2035 4004; x_wconf 83' lang='lat' dir='ltr'>om.</span> <span class='ocrx_word' id='word_1_303' title='bbox 2074 3949 2185 4004; x_wconf 79' lang='lat' dir='ltr'>GV</span> <span class='ocrx_word' id='word_1_304' title='bbox 2246 3963 2253 3970; x_wconf 88' lang='lat'><strong>·</strong></span> <span class='ocrx_word' id='word_1_305' title='bbox 2366 3949 2433 4004; x_wconf 82' lang='lat'>13</span> <span class='ocrx_word' id='word_1_306' title='bbox 2466 3950 2803 4004; x_wconf 85' lang='lat' dir='ltr'>ueterascent</span> <span class='ocrx_word' id='word_1_307' title='bbox 2845 3949 2909 4015; x_wconf 83' lang='lat' dir='ltr'>V,</span> 
     </span>
     <span class='ocr_line' id='line_1_32' title="bbox 651 4027 2913 4104; baseline 0.005 -27"><span class='ocrx_word' id='word_1_308' title='bbox 651 4027 992 4081; x_wconf 83' lang='lat' dir='ltr'>ueterascunt</span> <span class='ocrx_word' id='word_1_309' title='bbox 1025 4045 1059 4084; x_wconf 85' lang='lat' dir='ltr'><strong><em>v</em></strong></span> <span class='ocrx_word' id='word_1_310' title='bbox 1333 4031 1606 4088; x_wconf 88' lang='lat' dir='ltr'>hominem</span> <span class='ocrx_word' id='word_1_311' title='bbox 1650 4049 1829 4090; x_wconf 88' lang='lat' dir='ltr'>secum</span> <span class='ocrx_word' id='word_1_312' title='bbox 1872 4032 1941 4088; x_wconf 83' lang='lat' dir='ltr'>ad</span> <span class='ocrx_word' id='word_1_313' title='bbox 1986 4035 2261 4102; x_wconf 86' lang='lat' dir='ltr'>peccatum</span> <span class='ocrx_word' id='word_1_314' title='bbox 2292 4049 2327 4087; x_wconf 82' lang='lat' dir='ltr'><strong><em>v</em></strong></span> <span class='ocrx_word' id='word_1_315' title='bbox 2601 4034 2671 4089; x_wconf 84' lang='lat'>14</span> <span class='ocrx_word' id='word_1_316' title='bbox 2704 4049 2913 4104; x_wconf 85' lang='lat' dir='ltr'>semper</span> 
     </span>
     <span class='ocr_line' id='line_1_33' title="bbox 651 4114 2846 4192; baseline 0.005 -26"><span class='ocrx_word' id='word_1_317' title='bbox 651 4128 818 4168; x_wconf 85' lang='lat' dir='ltr'>nouas</span> <span class='ocrx_word' id='word_1_318' title='bbox 861 4114 912 4168; x_wconf 91' lang='lat' dir='ltr'><strong><em>V</em></strong></span> <span class='ocrx_word' id='word_1_319' title='bbox 1045 4117 1112 4172; x_wconf 88' lang='lat'>15</span> <span class='ocrx_word' id='word_1_320' title='bbox 1146 4119 1452 4176; x_wconf 80' lang='lat' dir='ltr'>machinare</span> <span class='ocrx_word' id='word_1_321' title='bbox 1497 4123 1567 4178; x_wconf 85' lang='lat' dir='ltr'><em>X</em></span> <span class='ocrx_word' id='word_1_322' title='bbox 1698 4121 1995 4176; x_wconf 85' lang='lat' dir='ltr'>machinari</span> <span class='ocrx_word' id='word_1_323' title='bbox 2030 4137 2118 4177; x_wconf 89' lang='lat' dir='ltr'>cor</span> <span class='ocrx_word' id='word_1_324' title='bbox 2160 4121 2242 4177; x_wconf 86' lang='lat' dir='ltr'>Vv</span> <span class='ocrx_word' id='word_1_325' title='bbox 2378 4123 2446 4177; x_wconf 89' lang='lat'>16</span> <span class='ocrx_word' id='word_1_326' title='bbox 2482 4137 2607 4192; x_wconf 82' lang='lat' dir='ltr'>ergo</span> <span class='ocrx_word' id='word_1_327' title='bbox 2642 4137 2742 4178; x_wconf 69' lang='lat' dir='ltr'>one.</span> <span class='ocrx_word' id='word_1_328' title='bbox 2780 4125 2846 4176; x_wconf 85' lang='lat' dir='ltr'><em>X</em></span> 
     </span>
    </p>

    <p class='ocr_par' dir='ltr' id='par_1_9' title="bbox 653 4199 2907 4279">
     <span class='ocr_line' id='line_1_34' title="bbox 653 4199 2907 4279; baseline 0.005 -26"><span class='ocrx_word' id='word_1_329' title='bbox 653 4199 778 4269; x_wconf 89' lang='lat' dir='ltr'>sibi]</span> <span class='ocrx_word' id='word_1_330' title='bbox 815 4200 900 4255; x_wconf 86' lang='lat' dir='ltr'>sui</span> <span class='ocrx_word' id='word_1_331' title='bbox 933 4219 968 4258; x_wconf 82' lang='lat' dir='ltr'><strong><em>v</em></strong></span> <span class='ocrx_word' id='word_1_332' title='bbox 1229 4207 1528 4262; x_wconf 87' lang='lat' dir='ltr'>armoniam</span> <span class='ocrx_word' id='word_1_333' title='bbox 1572 4207 1687 4262; x_wconf 79' lang='lat' dir='ltr'>GX</span> <span class='ocrx_word' id='word_1_334' title='bbox 1946 4209 2012 4262; x_wconf 81' lang='lat'>17</span> <span class='ocrx_word' id='word_1_335' title='bbox 2046 4208 2314 4279; x_wconf 76' lang='lat' dir='ltr'>grauitati</span> <span class='ocrx_word' id='word_1_336' title='bbox 2349 4211 2415 4262; x_wconf 88' lang='lat' dir='ltr'><em>X</em></span> <span class='ocrx_word' id='word_1_337' title='bbox 2650 4211 2719 4264; x_wconf 89' lang='lat'>18</span> <span class='ocrx_word' id='word_1_338' title='bbox 2752 4225 2907 4264; x_wconf 84' lang='lat' dir='ltr'>nam·</span> 
     </span>
    </p>
   </div>
   <div class='ocr_carea' id='block_1_7' title="bbox 647 4286 2911 4538">
    <p class='ocr_par' dir='ltr' id='par_1_10' title="bbox 647 4286 2911 4538">
     <span class='ocr_line' id='line_1_35' title="bbox 650 4286 2911 4380; baseline 0.004 -40"><span class='ocrx_word' id='word_1_339' title='bbox 650 4286 770 4355; x_wconf 88' lang='lat' dir='ltr'>que]</span> <span class='ocrx_word' id='word_1_340' title='bbox 806 4290 986 4342; x_wconf 86' lang='lat' dir='ltr'>autem</span> <span class='ocrx_word' id='word_1_341' title='bbox 1022 4293 1098 4356; x_wconf 87' lang='lat' dir='ltr'>X,</span> <span class='ocrx_word' id='word_1_342' title='bbox 1134 4293 1274 4346; x_wconf 86' lang='lat' dir='ltr'>enim</span> <span class='ocrx_word' id='word_1_343' title='bbox 1311 4310 1344 4350; x_wconf 82' lang='lat' dir='ltr'><strong><em>v</em></strong></span> <span class='ocrx_word' id='word_1_344' title='bbox 1369 4363 1384 4380; x_wconf 34' lang='grc' dir='ltr'><em>ο</em></span> <span class='ocrx_word' id='word_1_345' title='bbox 1550 4296 1810 4350; x_wconf 65' lang='lat' dir='ltr'>aetateuet</span> <span class='ocrx_word' id='word_1_346' title='bbox 1842 4297 1919 4360; x_wconf 89' lang='lat' dir='ltr'>X,</span> <span class='ocrx_word' id='word_1_347' title='bbox 1954 4294 2129 4348; x_wconf 87' lang='lat' dir='ltr'>aetati</span> <span class='ocrx_word' id='word_1_348' title='bbox 2163 4297 2221 4348; x_wconf 88' lang='lat' dir='ltr'>et</span> <span class='ocrx_word' id='word_1_349' title='bbox 2253 4293 2308 4348; x_wconf 91' lang='lat' dir='ltr'><strong><em>V</em></strong></span> <span class='ocrx_word' id='word_1_350' title='bbox 2504 4295 2763 4350; x_wconf 82' lang='lat' dir='ltr'>eminenti</span> <span class='ocrx_word' id='word_1_351' title='bbox 2798 4295 2911 4350; x_wconf 85' lang='lat' dir='ltr'>iam</span> 
     </span>
     <span class='ocr_line' id='line_1_36' title="bbox 647 4373 2840 4451; baseline 0.005 -25"><span class='ocrx_word' id='word_1_352' title='bbox 647 4373 861 4442; x_wconf 71' lang='lat' dir='ltr'>scripsi,</span> <span class='ocrx_word' id='word_1_353' title='bbox 897 4375 1190 4432; x_wconf 86' lang='lat' dir='ltr'>eminentia</span> <span class='ocrx_word' id='word_1_354' title='bbox 1232 4379 1384 4444; x_wconf 58' lang='grc' dir='ltr'>(ΡΧ,</span> <span class='ocrx_word' id='word_1_355' title='bbox 1421 4379 1745 4434; x_wconf 87' lang='lat' dir='ltr'>eminenciae</span> <span class='ocrx_word' id='word_1_356' title='bbox 1789 4381 1850 4445; x_wconf 91' lang='lat' dir='ltr'>V,</span> <span class='ocrx_word' id='word_1_357' title='bbox 1887 4381 2146 4436; x_wconf 82' lang='lat' dir='ltr'>eminenti</span> <span class='ocrx_word' id='word_1_358' title='bbox 2189 4381 2298 4436; x_wconf 74' lang='grc' dir='ltr'>Οὐ</span> <span class='ocrx_word' id='word_1_359' title='bbox 2454 4383 2521 4436; x_wconf 83' lang='grc'>19</span> <span class='ocrx_word' id='word_1_360' title='bbox 2556 4381 2657 4451; x_wconf 73' lang='lat' dir='ltr'>eet]</span> <span class='ocrx_word' id='word_1_361' title='bbox 2694 4382 2771 4436; x_wconf 85' lang='lat' dir='ltr'>sit</span> <span class='ocrx_word' id='word_1_362' title='bbox 2806 4397 2840 4436; x_wconf 80' lang='grc' dir='ltr'><strong>υ</strong></span> 
     </span>
     <span class='ocr_line' id='line_1_37' title="bbox 649 4459 2841 4538; baseline 0.005 -26"><span class='ocrx_word' id='word_1_363' title='bbox 649 4459 720 4512; x_wconf 83' lang='grc'>20</span> <span class='ocrx_word' id='word_1_364' title='bbox 753 4461 918 4514; x_wconf 87' lang='lat' dir='ltr'>uilem</span> <span class='ocrx_word' id='word_1_365' title='bbox 963 4461 1040 4516; x_wconf 76' lang='lat' dir='ltr'>G·</span> <span class='ocrx_word' id='word_1_366' title='bbox 1315 4465 1384 4518; x_wconf 81' lang='lat'>22</span> <span class='ocrx_word' id='word_1_367' title='bbox 1419 4464 1627 4535; x_wconf 86' lang='lat' dir='ltr'>deinde]</span> <span class='ocrx_word' id='word_1_368' title='bbox 1674 4466 1949 4522; x_wconf 87' lang='lat' dir='ltr'>abusionis</span> <span class='ocrx_word' id='word_1_369' title='bbox 1983 4469 2077 4523; x_wconf 86' lang='lat' dir='ltr'>Xv</span> <span class='ocrx_word' id='word_1_370' title='bbox 2350 4467 2725 4538; x_wconf 79' lang='lat' dir='ltr'>aboedigentia</span> <span class='ocrx_word' id='word_1_371' title='bbox 2762 4467 2841 4517; x_wconf 71' lang='lat' dir='ltr'>G*</span> 
     </span>
    </p>
   </div>
  </div>
 </body>
</html>
