3217 5150
1059 571 1227 624 Acta
1262 569 1792 624 Proconsularia
2433 597 2554 646 011

284 733 583 800 suistis
641 730 1035 797 delatores
1088 747 1231 794 non
1277 745 1460 793 esse.
1516 726 1784 809 itaque
1829 727 2091 814 detegi
2137 733 2212 797 et
2255 732 2553 801 deferri

292 857 331 903 a
388 857 501 901 me
565 854 710 901 non
782 834 1121 916 possunt.
1196 831 1274 897 in
1339 830 1812 896 ciuitatibus
1887 833 2141 898 autem
2215 837 2378 901 suis
2443 839 2554 903 in-

291 940 736 1006 uenientur.
797 937 1103 1003 Paternus
1158 929 1481 1017 proconsul
1525 935 1712 1000 dixit:
1776 953 1887 1018 ego
1931 936 2114 1003 hodie
2155 939 2222 1003 in
2264 940 2379 1005 1100
2419 940 2554 1008 1000

294 1043 561 1125 exquiro.
624 1040 967 1124 Cyprianus
1012 1039 1201 1103 dixit:
1262 1057 1427 1102 cum
1484 1037 1918 1122 disciplina
1972 1016 2418 1123 probibeat,
2473 1046 2556 1110 ut

244 1146 467 1230 squis
524 1165 603 1210 se
657 1144 867 1208 ultro
925 1142 1219 1208 offerat
1274 1142 1347 1207 et
1402 1142 1579 1206 tuae
1638 1160 1933 1225 quoque
1991 1163 2358 1212 censurae
2416 1147 2555 1214 hoc

295 1249 755 1334 displiceat,
815 1265 949 1313 nec
993 1247 1285 1311 offerre
1329 1264 1406 1309 se
1449 1245 1600 1327 ipsi
1645 1249 2000 1328 possunt,
2059 1251 2198 1314 sed
2241 1269 2278 1315 a
2318 1251 2393 1316 te
2439 1271 2556 1317 ex-

294 1353 580 1436 quisiti
638 1351 1160 1416 inuenientur.
1222 1349 1527 1414 Paternus
1586 1352 1911 1433 proconsul
1968 1352 2158 1418 dixit:
2219 1373 2256 1418 a
2297 1374 2398 1420 me
2456 1355 2555 1420 inq

295 1456 641 1522 uenientur.
697 1455 759 1521 et
800 1455 1059 1521 adiecit:
1103 1454 1543 1537 praeceperunt
1584 1454 1796 1540 etiam,
1841 1475 1917 1521 ne
1957 1456 2023 1520 in
2048 1457 2361 1539 aliquibus
2403 1459 2556 1524 locis

296 1559 703 1625 conciliabula
733 1558 884 1623 fiant
916 1576 1027 1622 nec
1057 1557 1423 1622 coemeteria
1452 1557 1898 1641 ingrediantur.
1947 1559 2002 1624 si
2033 1561 2170 1641 quis
2201 1560 2411 1643 itaque
2441 1563 2556 1628 hoc

224 1684 277 1724 ιο
295 1664 429 1728 tam
448 1662 692 1734 salubre
709 1664 1109 1746 praeceptum
1126 1680 1247 1726 non
1264 1661 1707 1740 obseruauerit,
1734 1662 1934 1745 capite
1944 1663 2270 1744 plectetur.
2300 1664 2556 1748 Cypria-

294 1785 411 1831 nus
442 1766 754 1848 episcopos
783 1764 1129 1847 respondit:
1179 1763 1303 1828 fac
1346 1765 1546 1846 quod
1591 1765 1745 1829 tibi
1786 1767 2288 1847 praeceptum
2331 1770 2467 1833 est.

382 1869 555 1934 Tunc
585 1869 887 1934 Paternus
930 1868 1256 1951 proconsul
1297 1867 1484 1933 iussit
1512 1867 1765 1933 beatum
1796 1867 2172 1952 Cyprianum
2201 1871 2558 1955 episcopum
2577 1873 2614 1933 2

295 1973 362 2036 in
407 1972 663 2038 exilium
724 1972 1053 2055 deportari.
1108 1990 1371 2053 cumque
1416 1971 1523 2036 diu
1569 1971 1802 2037 ibidem
1847 1967 2209 2052 moraretur,
2264 1975 2557 2040 successit

297 2077 558 2159 Aspasio
608 2076 876 2142 Paterno
935 2075 1284 2159 proconsuli
1337 2073 1622 2141 Galerius
1674 2076 1982 2142 Maximus
2041 2079 2385 2159 proconsul,
2449 2081 2556 2160 qui

226 2201 279 2241 1⁵
298 2182 581 2246 sanctum
612 2179 990 2265 Cyprianum
1036 2180 1389 2262 episcopum
1431 2179 1509 2246 ab
1552 2180 1768 2245 exsilio
1812 2181 2160 2246 reuocatum
2207 2181 2328 2246 sibi
2369 2182 2557 2248 iussit

295 2284 693 2366 praesentari.
740 2303 1003 2366 cumque
1034 2283 1373 2367 Cyprianus
1415 2285 1666 2349 sanctus
1707 2283 1946 2368 martyr
1985 2284 2215 2349 electus
2245 2304 2283 2350 a
2311 2286 2442 2350 Deo
2480 2285 2556 2351 de

297 2387 554 2452 ciuitate
585 2385 985 2464 Curubitana,
1032 2387 1098 2451 111
1144 2405 1264 2468 qua
1306 2386 1520 2452 exsilio
1563 2405 1635 2451 ex
1663 2389 1984 2471 praecepto
2015 2387 2269 2471 Aspasii
2298 2388 2555 2454 Paterni

297 2492 448 2555 tunc
486 2490 867 2573 proconsulis
898 2490 1083 2554 datus
1112 2489 1336 2568 fuerat,
1378 2507 1690 2572 regressus
1722 2490 1900 2570 esset,
1933 2509 2004 2554 ex
2035 2508 2202 2556 sacro
2233 2494 2555 2574 praecepto

297 2594 365 2659 in
398 2595 527 2659 suis
573 2594 770 2660 hortis
816 2594 1109 2659 manebat
1152 2595 1215 2658 et
1253 2594 1397 2658 inde
1445 2593 1723 2676 quotidie
1767 2595 2054 2676 sperabat
2099 2594 2298 2660 ueniri
2345 2595 2424 2661 ad
2467 2614 2551 2675 se,

224 2723 283 2763 20
302 2699 465 2765 sicut
514 2698 615 2763 1111
668 2700 983 2763 ostensum
1034 2697 1265 2762 fuerat:
1319 2697 1383 2763 et
1435 2716 1575 2761 cum
1627 2697 1761 2763 11110
1812 2697 2250 2777 demoraretur,
2306 2699 2556 2780 repente

301 2801 511 2870 idibus
553 2801 931 2886 Septembris
976 2802 1174 2867 Tusco
1217 2803 1281 2867 et
1320 2802 1508 2866 Basso
1552 2802 1908 2866 consulibus
1948 2803 2252 2867 uenerunt
2294 2802 2374 2867 ad
2415 2822 2558 2867 eum

302 2906 609 2988 principes
651 2906 790 2983 duo,
834 2924 995 2970 unus
1038 2906 1267 2969 strator
1290 2904 1478 2970 officii
1510 2902 1722 2969 Galeri
1751 2905 2008 2971 Maximi
2038 2905 2419 2988 proconsulis
2450 2905 2558 2987 qui

304 3009 570 3091 Aspasio
600 3009 864 3073 Paterno
906 3009 1277 3073 successerat
1307 3009 1370 3073 et
1401 3008 1561 3073 alius
1594 3008 1967 3090 equistrator
1997 3028 2034 3073 a
2065 3008 2359 3073 custodiis
2393 3009 2557 3073 eius·

306 3113 447 3176 dem
496 3112 703 3177 officii.
756 3111 863 3194 qui
906 3113 970 3177 et
1012 3112 1076 3176 in
1119 3112 1497 3177 curriculum
1546 3131 1690 3177 eum
1732 3112 2098 3176 leuauerunt
2137 3112 2203 3176 in
2234 3110 2557 3193 medioque

229 3241 285 3281 2⁵
306 3217 642 3298 posuerunt
684 3216 748 3280 et
788 3215 855 3279 in
887 3214 1057 3279 Sexti
1096 3214 1529 3295 perduxerunt,
1575 3214 1684 3279 ubi
1724 3213 1893 3279 idem
1924 3213 2204 3280 Galerius
2247 3214 2558 3280 Maximus

304 3318 631 3401 proconsul
660 3317 853 3397 bonae
884 3318 1250 3382 ualitudinis
1280 3318 1726 3401 recuperandae
1758 3318 1960 3403 gratia
1988 3320 2338 3384 secesserat.
2374 3319 2436 3383 et
2465 3318 2560 3383 ita

410 3523 475 3576 13
500 3522 735 3592 exilium]
772 3522 842 3587 cf.
865 3522 1171 3593 Augustini
1191 3538 1347 3578 ser-m.
1374 3508 1485 3578 309
1795 3524 1860 3578 17
1888 3523 2172 3579 curubitan
2195 3523 2280 3589 M,
2317 3522 2558 3577 cucurbi-

304 3611 436 3663 tana
460 3608 522 3661 E
766 3609 847 3679 in]
873 3624 941 3662 011
966 3610 1036 3673 Ε,
1063 3626 1126 3663 ex
1149 3610 1225 3663 M
1462 3626 1529 3672 ex.
1550 3626 1650 3665 om.
1675 3628 1709 3665 v
1960 3610 2176 3679 aspasii]
2201 3611 2346 3679 passi
2368 3609 2497 3663 EM

308 3696 373 3749 18
396 3694 740 3764 proconsulis]
767 3695 1053 3749 clarissimi
1076 3695 1185 3765 uiri
1208 3695 1335 3749 add.
1364 3695 1495 3751 EM
1747 3695 1922 3749 fuerat
1945 3712 2214 3765 regressus
2239 3696 2396 3764 esset]
2424 3697 2564 3749 esset

307 3797 575 3851 regressus
600 3782 729 3836 EM
984 3798 1130 3836 sacro
1156 3783 1409 3851 rescripto
1436 3782 1742 3852 specialiter
1765 3782 1867 3836 1100
1891 3784 1945 3836 et
1969 3782 2320 3854 personaliter
2344 3781 2562 3835 remisso

306 3871 435 3924 EM
698 3871 764 3924 19
788 3871 899 3923 suis
922 3870 1033 3923 suis
1058 3871 1119 3924 E
1378 3873 1432 3923 et
1454 3870 1586 3923 EM
1602 3875 1654 3923 et
1678 3870 2030 3939 Auyustinus
2052 3869 2083 3922 l.
2110 3885 2152 3923 c.
2177 3886 2233 3922 n.
2256 3873 2311 3936 2,
2337 3868 2434 3922 om.
2460 3885 2494 3923 v

306 3956 432 4011 inde
466 3954 704 4025 quotidie
744 3955 989 4025 sperabat
1016 3956 1183 4009 ueniri
1207 3955 1275 4009 ad
1299 3972 1353 4009 se
1377 3956 1519 4010 sicut
1543 3960 1814 4011 ostensum
1836 3955 1923 4009 illi
1949 3957 2063 4009 crat
2085 3955 2446 4025 Aumatium,
2491 3953 2562 4007 ad

301 4041 447 4096 diem
474 4041 720 4096 omnibus
746 4041 921 4095 ueniri
946 4042 1085 4095 sicut
1110 4042 1159 4095 ei
1181 4043 1453 4096 ostensum
1477 4044 1593 4095 erat
1617 4041 1866 4110 sperabat
1890 4040 2022 4094 EM
2231 4042 2300 4094 20
2323 4041 2396 4110 et]
2421 4040 2563 4094 idem

308 4128 439 4182 ΕΜ
698 4128 977 4196 derepente
999 4128 1127 4183 EM
1210 4196 1214 4200 g
1386 4129 1454 4181 21
1478 4126 1865 4197 septembribus
1890 4126 2020 4180 EM
2276 4126 2464 4180 thusco
2490 4126 2561 4189 E,

308 4213 478 4269 Fusco
504 4215 787 4269 Baronius
1014 4214 1084 4268 22
1105 4214 1297 4284 galerii
1320 4232 1355 4269 v
1582 4213 1913 4282 proconsulis
1938 4212 2218 4266 clarissimi
2241 4204 2350 4265 uiri
2371 4212 2502 4266 EM

306 4300 403 4369 qui
433 4340 479 4354 ..
501 4342 513 4355 .
541 4300 707 4355 officii
732 4301 825 4369 qui
850 4316 947 4355 om.
975 4300 1108 4354 EM
1238 4300 1307 4355 24
1329 4300 1644 4355 leuauerunt
1667 4300 1903 4368 August.
1932 4298 1963 4353 l.
1989 4314 2030 4352 c.
2057 4313 2110 4353 π.
2138 4302 2192 4367 3,
2218 4298 2568 4366 inposuerunt

310 4386 442 4440 EM
641 4387 701 4440 in
724 4385 1001 4454 medioque
1025 4386 1334 4455 posuerunt]
1362 4385 1517 4440 ambo
1544 4401 1662 4439 eum
1689 4386 1979 4454 teguerunt
2002 4384 2133 4438 EM
2356 4384 2426 4437 25
2449 4400 2565 4453 per-

308 4470 589 4543 duxerunt]
616 4474 859 4549 tulerunt
882 4473 1011 4527 EM
1235 4472 1303 4526 26
1326 4473 1633 4542 proconsule
1655 4472 1792 4527 bono
1817 4472 1890 4525 M
1927 4500 1940 4519 1
2105 4472 2161 4525 et
2185 4468 2289 4539 ita]
2316 4469 2565 4525 eundem-

302 4573 411 4627 -que
440 4558 571 4613 EM
