3217 5150
750 533 849 582 cn
1546 485 1846 568 caecini
1881 508 2210 581 Cypriani

750 689 905 754 quas
958 671 1036 736 ad
1086 670 1434 753 probandae
1494 669 1753 735 uirtutis
1813 669 2232 752 experimenta
2279 667 2680 750 perpetimur,
2739 683 2865 732 non
2911 669 2996 731 est

748 791 962 857 poena,
994 775 1140 856 quia
1170 775 1368 858 gloria
1392 776 1503 841 est.
1538 774 1646 840 sed
1675 773 1806 840 esto
1837 792 2002 852 sane,
2034 772 2210 837 nobis
2240 789 2436 855 poena
2456 788 2578 836 non
2599 771 2686 836 sit
2710 771 2990 836 exilium:

748 876 880 942 illis
931 877 1231 942 ultimum
1282 878 1517 942 crimen
1566 879 1630 943 et
1675 875 2018 960 pessimum
2067 874 2242 941 nefas
2294 875 2486 940 etiam
2536 873 2818 956 ipsorum
2865 892 2991 939 con-

748 983 1008 1048 scientia
1046 983 1229 1048 testis
1269 981 1601 1065 adscribat,
1647 981 1755 1063 qui
1784 980 2044 1063 possunt
2071 979 2506 1044 innocentibus
2535 978 2809 1061 irrogare
2843 977 2988 1060 quod

745 1085 970 1167 putant
1009 1104 1289 1168 poenam.
1329 1084 1471 1150 nolo
1512 1102 1674 1149 nunc
1705 1083 2048 1148 describere
2078 1081 2202 1147 loci
2233 1081 2506 1166 gratiam
2537 1083 2602 1147 et
2631 1080 3026 1146 deliciarum⁵

745 1189 1025 1254 omnium
1064 1190 1426 1271 paraturam
1466 1188 1722 1253 interim
1763 1189 2028 1254 transeo.
2071 1186 2380 1270 fingamus
2423 1186 2630 1251 locum
2657 1185 2852 1249 illum
2879 1184 2990 1249 situ

744 1292 1084 1372 sordidum,
1138 1293 1495 1376 squalidum
1539 1292 1702 1376 uisu,
1754 1309 1878 1356 non
1922 1290 2202 1358 salubres
2243 1309 2435 1373 aquas
2476 1289 2834 1366 habentem,
2883 1305 2990 1353 non

744 1397 1151 1462 amoenitates
1180 1397 1422 1481 uirori3‚
1472 1413 1593 1460 non
1623 1395 1922 1460 uiciniam
1952 1394 2178 1474 litoris,
2211 1394 2320 1458 sed
2349 1395 2561 1458 uastas
2591 1411 2778 1478 rupes
2811 1391 2990 1456 silua-

744 1519 887 1564 rum
928 1499 1089 1565 inter
1112 1499 1472 1582 ‘inhospitas
1512 1498 1722 1564 fauces
1753 1496 2030 1563 desertae
2062 1497 2398 1564 admodum
2427 1496 2815 1579 solitudinis,
2861 1495 2992 1560 auia

742 1602 963 1690 mundi
1004 1605 1183 1686 parte
1224 1603 1627 1668 summotum.
1673 1602 1880 1685 posset
1918 1601 2070 1667 licet
2112 1600 2264 1665 talis
2305 1600 2478 1664 locus
2519 1599 2747 1664 habere
2778 1617 2992 1664 nomen
3006 1617 3048 1656 lc·

743 1705 937 1789 exilii,
992 1725 1111 1789 quo
1163 1705 1507 1790 Cyprianus
1562 1703 1842 1770 sacerdos
1893 1705 2012 1769 Dei
2063 1705 2338 1781 uenerat,
2391 1721 2514 1768 non
2564 1702 2618 1766 si
2669 1701 2990 1768 hominum

740 1809 1090 1876 ministeria
1131 1809 1476 1887 deficerent,
1518 1809 1622 1873 uel
1663 1809 1844 1874 alites
1888 1809 1961 1873 ut
1989 1807 2210 1876 Heliae
2249 1807 2352 1872 uel
2383 1808 2455 1870 ut
2484 1807 2745 1871 Danielo
2792 1806 2991 1890 angeli

740 1913 1211 1979 ministrarent?
1270 1911 1435 1976 absit
1489 1912 1674 1990 absit,
1735 1913 1808 1976 ut
1855 1912 2068 1976 credat
2125 1911 2353 1993 aliquis
2411 1909 2671 1976 cuilibet
2731 1911 2990 1975 minimo

742 2014 1074 2081 dummodo
1113 2017 1182 2080 in
1214 2015 1593 2081 confessione
1633 2015 1903 2080 nominis
1945 2016 2285 2080 constituto
2328 2014 2566 2097 aliquid
2607 2013 2988 2079 defuturum.

734 2120 988 2184 tantum
1017 2119 1193 2184 abest
1222 2121 1293 2184 ut
1316 2119 1433 2184 Dei
1463 2119 1742 2202 pontifex
1770 2119 1882 2185 ille
1911 2120 2020 2203 qui
2049 2119 2506 2185 misericordiae
2538 2137 2784 2199 semper
2813 2119 2988 2183 rebus
3005 2134 3046 2173 ιε

738 2223 1058 2288 institerat
1087 2221 1387 2288 honorum
1418 2223 1700 2288 omnium
1729 2223 1950 2305 opibus
1977 2222 2306 2306 indigeret.

642 2324 719 2388 1²
823 2325 961 2390 Iam
1026 2345 1208 2404 nunc,
1283 2324 1448 2408 quod
1518 2325 1781 2390 secundo
1837 2343 2162 2408 posueram
2219 2326 2371 2404 1000,
2443 2345 2584 2390 cum
2642 2326 2991 2408 gratiarum

738 2429 977 2494 actione
1029 2431 1403 2512 repetamus,
1457 2429 1780 2512 prouisum
1834 2447 1966 2494 esse
2020 2428 2325 2494 diuinitus
2377 2429 2568 2493 etiam
2620 2447 2731 2510 pro
2789 2431 2990 2496 animo

733 2533 898 2599 tanti
919 2533 1041 2598 uiri
1064 2534 1341 2616 apricum
1364 2535 1428 2598 et
1451 2533 1878 2615 conpetentem
1907 2532 2132 2611 locum,
2162 2531 2506 2615 hospitium
2529 2551 2638 2615 pro
2663 2531 2988 2599 uoluntate

640 2672 650 2691 ·
735 2638 1041 2702 secretum
1071 2638 1134 2702 et
1163 2637 1464 2720 quidquid
1506 2636 1728 2719 apponi
1758 2636 1847 2702 eis
1877 2638 2022 2702 ante
2051 2635 2428 2719 promissum
2457 2636 2552 2701 est
2582 2636 2690 2719 qui
2719 2656 2984 2725 regnum
3000 2658 3044 2697 ao

734 2742 797 2805 et
825 2740 1137 2806 iustitiam
1164 2741 1285 2807 Dei
1324 2742 1646 2823 quaerunt.
1689 2741 1876 2822 atque
1916 2742 1990 2805 ut
2032 2740 2324 2806 omittam
2366 2740 2788 2823 frequentiam
2833 2740 2986 2805 uisi-

731 2845 1005 2910 tantium
1037 2844 1303 2909 fratrum
1333 2847 1397 2909 et
1426 2846 1704 2927 ipsorum
1733 2844 1875 2909 inde
1905 2844 2140 2909 ciuium
2171 2844 2513 2924 caritatem,
2551 2864 2710 2927 quae
2739 2864 2987 2927 reprae-

732 2948 1019 3013 sentabat
1062 2950 1291 3028 omnia,
1340 2949 1567 3031 quibus
1610 2948 1942 3013 uidebatur
1985 2966 2118 3013 esse
2157 2948 2500 3028 fraudatuS,
2546 2948 2990 3014 admirabilem

732 3051 1155 3117 uisitationem
1209 3051 1327 3117 Dei
1376 3070 1498 3117 non
1547 3051 1913 3135 praeteribo,
1967 3070 2090 3134 qua
2137 3051 2491 3117 antistitem
2541 3070 2727 3117 suum
2781 3053 2876 3118 sic
2927 3052 2989 3117 in

835 3272 866 3325 1
890 3272 958 3326 ad
982 3272 1301 3343 probandae]
1328 3274 1664 3342 approbaude
1685 3290 1775 3343 ωμ
1929 3274 2257 3343 perpetimur
2279 3274 2638 3343 experimenta
2658 3292 2709 3328 w
2877 3275 2914 3329 3
2938 3278 2992 3329 et

726 3356 1017 3427 pessimum
1040 3374 1138 3413 om.
1171 3358 1224 3411 T
1375 3358 1412 3413 4
1433 3359 1836 3428 Ignoscentibus
1861 3380 1900 3429 μ
2067 3361 2102 3413 5
2127 3364 2254 3429 puto
2287 3360 2338 3413 T
2491 3362 2525 3415 6
2548 3362 2724 3415 locum
2749 3378 2853 3417 om.
2885 3384 2926 3431 μ

728 3444 894 3497 situm
923 3444 1010 3513 Τμ
1228 3445 1259 3498 7
1283 3445 1459 3499 nisum
1482 3462 1573 3515 ωμ
1780 3444 2048 3500 habentur
2079 3448 2128 3500 T
2329 3448 2364 3501 8
2387 3447 2742 3501 amoenitates
2765 3449 2992 3518 scripsi,

728 3531 1070 3585 amoenitatis
1102 3532 1163 3597 T,
1189 3532 1483 3587 amenitate
1504 3548 1570 3599 w,
1598 3532 1980 3587 amoenitatem
2005 3551 2078 3601 μυ
2227 3534 2432 3603 uigoris
2457 3540 2480 3587 t
2636 3534 2846 3589 uicinia
2877 3536 2930 3589 T

726 3614 817 3669 sed
842 3618 901 3669 et
920 3634 1011 3686 ωμ
1200 3622 1358 3673 uasta
1381 3636 1537 3689 rupes
1563 3640 1620 3687 μ,
1644 3622 1803 3673 uasta
1823 3636 1956 3689 rupe
1987 3620 2048 3683 T,
2072 3636 2229 3689 rupes
2253 3622 2412 3673 uasta
2433 3636 2483 3672 w
2679 3621 2713 3675 9
2739 3620 2994 3690 hospitas

730 3704 844 3772 Τμι
1066 3704 1380 3759 solitudines
1412 3706 1471 3769 T,
1498 3705 1801 3760 sollitudini
1821 3722 1870 3759 w
2093 3706 2241 3777 auia]
2266 3708 2359 3760 uia
2385 3707 2436 3760 T
2656 3708 2722 3760 11
2747 3709 2848 3776 qui
2877 3708 2931 3762 Τ

724 3793 979 3845 uenerant
1008 3792 1069 3856 Τ,
1092 3795 1378 3846 ueneratur
1400 3808 1451 3845 w
1725 3808 1831 3847 non
1855 3792 1902 3847 si
1925 3808 2033 3861 ωμ,
2057 3807 2161 3847 non
2187 3793 2296 3846 sibi
2327 3794 2388 3857 T,
2413 3793 2500 3847 cui
2525 3794 2572 3847 si
2597 3810 2646 3859 v,
2670 3810 2782 3848 non
2809 3795 2921 3848 sibi
2945 3794 2990 3846 si

724 3876 854 3941 fort.
1029 3878 1094 3931 12
1117 3878 1390 3933 deficerint
1418 3880 1481 3941 T,
1504 3878 1798 3933 defecerint
1821 3886 1845 3934 t
2011 3878 2204 3949 heliae]
2229 3868 2368 3933 aliae
2391 3880 2444 3933 T
2604 3879 2810 3933 danieli
2834 3897 2925 3935 ων

725 3962 793 4017 13
817 3962 1206 4034 ministrarent]
1232 3968 1571 4035 procurarent
1593 3982 1685 4034 ωμ
1892 3965 2038 4019 absit
2060 3982 2158 4021 om.
2186 3967 2324 4037 Τωμ
2529 3966 2714 4021 credat
2735 3982 2838 4021 om.
2877 3968 2930 4021 T

722 4047 943 4103 minime
968 4050 1019 4103 T
1252 4051 1509 4106 mundum
1532 4052 1687 4106 modo
1712 4059 1735 4107 t
1974 4054 2042 4107 14
2064 4053 2442 4108 confessionem
2471 4053 2522 4107 T
2749 4054 2994 4108 nominis

722 4134 1025 4205 christiam
1074 4147 1081 4157 ’
1220 4137 1284 4191 de
1308 4136 1489 4191 futuro
1520 4140 1570 4193 T
1769 4139 1836 4194 15
1859 4140 2136 4209 pontifices
2167 4140 2218 4194 T
2406 4138 2816 4208 misericordiae]
2842 4156 2994 4195 nunc

722 4236 923 4290 semper
946 4238 995 4275 w
1163 4222 1231 4277 16
1254 4223 1511 4277 instituat
1532 4242 1582 4279 w
1753 4226 2009 4279 honorum
2040 4228 2102 4291 T,
2125 4227 2316 4281 horum
2338 4242 2488 4295 ωμυς
2513 4243 2591 4279 cm
2609 4224 2872 4280 bonorum
2889 4226 2923 4280 ‚2

726 4306 791 4359 18
815 4307 1013 4379 animo]
1040 4309 1211 4363 amico
1232 4326 1283 4363 w
1458 4311 1524 4364 19
1549 4314 1886 4379 conpetentes
1912 4312 1963 4365 T
2127 4312 2409 4381 uoluptate
2433 4332 2472 4381 μ
2641 4313 2708 4366 21
2733 4312 2994 4381 frequen-

720 4392 861 4446 tium
891 4395 959 4448 Τι
1170 4398 1239 4450 22
1264 4397 1497 4467 ipsorum
1523 4400 1578 4451 et
1600 4413 1633 4451 v
1839 4398 1934 4467 qui
1957 4398 2354 4467 representabat
2377 4413 2441 4462 w,
2465 4412 2626 4467 quare
2648 4402 2988 4465 praesentem

720 4481 1009 4545 quaerebat
1036 4482 1089 4536 T
1204 4484 1273 4537 23
1298 4483 1548 4539 uideatur
1564 4500 1614 4537 w
1730 4484 1799 4538 24
1818 4499 1977 4553 quam
2008 4486 2103 4539 Tw
2221 4486 2533 4539 antestitem
2563 4484 2626 4549 T,
2653 4485 2918 4539 antistem
2943 4503 2996 4539 w
