3217 5150
705 563 796 617 De
829 563 1336 632 singularitate
1382 532 1783 618 clericorum
1836 579 1878 617 c.
1920 562 2140 617 17—19.
2426 563 2550 631 193

289 726 354 783 et
379 722 576 797 palma
605 721 878 796 perfecta,
940 724 1008 782 ut
1037 738 1106 781 ex
1137 722 1289 782 omni
1316 724 1480 796 parte
1525 738 1717 782 secum
1747 738 1861 781 non
1888 722 2101 782 habeat
2128 721 2279 796 quod
2306 725 2547 795 recuset,

287 842 362 886 ne
392 826 543 901 qued
571 824 876 899 profitetur
905 826 1098 885 odisse
1123 827 1370 886 tenendo
1395 825 1663 885 uideatur
1692 842 1902 885 amare.

376 928 538 999 Quod
559 928 611 987 si
633 927 845 1001 aliquis
868 928 1009 987 dicit
1041 916 1357 1003 ‘captiuum
1387 930 1554 989 tenso
1583 928 1977 988 aduersarium
2000 945 2189 988 meum
2210 929 2305 988 cui
2326 944 2547 1004 semper
2570 928 2649 987 18

287 1015 606 1103 insultem',
659 1029 853 1089 uideat
882 1048 954 1090 ne
981 1030 1132 1091 forte
1160 1032 1434 1091 aduersus
1461 1048 1590 1091 eum
1637 1032 1901 1105 captiuus
1929 1030 2171 1106 incipiat
2196 1032 2544 1106 praeualere.

242 1152 266 1193 5
285 1150 598 1208 numquam
625 1148 862 1197 securus
895 1150 1023 1194 eum
1053 1135 1330 1195 thesauro
1355 1132 1504 1195 latro
1535 1136 1765 1194 tenetur
1792 1135 2049 1194 inclusus
2070 1151 2177 1193 nec
2197 1134 2353 1193 intra
2374 1150 2547 1193 unam

285 1254 524 1299 caueam
565 1236 836 1296 habitans
869 1252 996 1295 cum
1025 1238 1164 1311 lupo
1191 1238 1356 1297 tutus
1383 1240 1476 1297 est
1503 1254 1711 1312 agnus.
1766 1237 1891 1311 ipse
1941 1254 2005 1297 se
2042 1236 2231 1297 uoluit
2258 1237 2548 1311 penetrari

285 1342 387 1416 qui
418 1341 644 1400 hostem
685 1340 978 1414 proprium
1019 1340 1082 1399 in
1111 1356 1246 1400 suas
1287 1342 1487 1413 portas
1516 1340 1761 1413 induxit,
1806 1342 1865 1399 et
1906 1339 2245 1399 intestinum
2290 1340 2548 1414 gladium

285 1444 402 1505 sibi
431 1444 556 1519 ipse
587 1443 888 1517 supposuit
917 1443 1018 1519 qui
1047 1444 1235 1505 lecum
1264 1443 1641 1503 habitationis
1674 1460 1813 1503 suae
1842 1444 2159 1504 aduersarii
2188 1442 2545 1518 ingressibus

283 1549 588 1622 reserauit,
649 1551 710 1608 et
768 1548 867 1623 qui
925 1548 1113 1609 fretus
1160 1552 1250 1608 est
1292 1549 1617 1609 conuersari
1676 1566 1803 1608 cum
1862 1547 2130 1609 scandalo
2189 1548 2313 1607 sine
2370 1562 2546 1606 causa

211 1670 268 1713 ιο
284 1652 428 1713 dicit
483 1640 744 1727 ‘pacatus
787 1651 924 1712 uolo
963 1668 1088 1712 esse
1133 1668 1262 1712 cum
1305 1642 1540 1713 diabolo'
1599 1654 1799 1713 contra
1856 1652 2176 1727 apostolum
2228 1652 2541 1727 dicentemz

283 1756 536 1816 nolite
579 1756 822 1815 locum
867 1756 1044 1816 dare
1086 1754 1403 1815 diabolo.
1447 1756 1601 1815 omni
1652 1772 1789 1831 ergo
1840 1756 2005 1815 medo
2056 1754 2397 1815 muniendus
2451 1756 2542 1813 est

281 1860 466 1932 locus,
497 1860 598 1919 ubi
626 1858 806 1919 fuerit
831 1860 1138 1919 thesaurus
1167 1859 1556 1931 absconditus,
1591 1876 1663 1919 ne
1696 1875 1799 1932 per
1828 1876 2000 1919 unam
2031 1874 2336 1918 cauernam
2358 1861 2542 1919 tetum

279 1962 562 2038 parietem
597 1963 750 2022 latro
785 1962 1071 2022 suffodiat.
1117 1978 1247 2021 nam
1277 1962 1331 2021 si
1361 1962 1574 2023 deforis
1604 1978 1941 2037 expugnans
1968 1960 2067 2021 uix
2097 1963 2277 2022 muris
2304 1962 2543 2037 expelli-

281 2068 398 2138 tur,
455 2067 731 2140 quantum
760 2064 981 2125 ualebit
1009 2064 1062 2125 si
1091 2065 1246 2124 intra
1273 2082 1468 2125 mures
1499 2066 1789 2139 acceperit
1818 2065 2207 2125 habitaculum
2222 2069 2251 2124 ⁸?
2282 2068 2343 2125 et
2370 2065 2424 2125 si
2453 2064 2542 2124 illi

208 2190 264 2229 ιε
282 2169 388 2245 qui
416 2170 617 2229 cont-ra
645 2184 776 2228 eum
805 2168 1082 2229 claudunt
1111 2168 1456 2243 aliquotiens
1487 2170 1562 2228 ab
1591 2170 1789 2229 eodem
1820 2170 2141 2245 capiuntur,
2173 2172 2385 2243 quanto
2414 2186 2539 2229 ma-
2658 2168 2667 2177 '

281 2272 378 2349 gis
405 2271 508 2333 ille
551 2270 650 2346 qui
677 2272 978 2332 ultroneus
1011 2270 1102 2330 illi
1147 2271 1424 2347 patefecit
1451 2272 1775 2347 ingressum
1790 2316 1805 2345 ,
1858 2289 1987 2332 cum
2038 2271 2197 2332 dicat
2242 2272 2537 2331 Salomon:

283 2376 348 2437 si
405 2376 657 2435 iustus
701 2374 824 2435 uix
867 2376 1124 2435 saluus
1169 2374 1296 2447 fit,
1351 2378 1699 2449 peccator
1741 2378 1815 2434 et
1856 2375 2129 2450 impius
2172 2374 2294 2434 ubi
2336 2390 2537 2449 pare-

280 2479 396 2540 bit
415 2483 446 2539 ?
490 2494 685 2539 omnes
719 2494 852 2552 ergo
881 2478 1060 2537 rimae
1080 2523 1096 2550 ,
1147 2494 1263 2537 non
1291 2478 1478 2538 dicam
1505 2482 1707 2552 portae
1737 2478 2081 2538 claudendae
2112 2479 2248 2537 sunt
2268 2522 2283 2549 ,
2338 2494 2407 2537 ne
2436 2494 2540 2551 per

280 2600 456 2644 unum
484 2582 740 2642 foramen
770 2584 960 2642 castra
989 2583 1178 2641 omnia
1206 2584 1599 2656 penetrentur,
1633 2585 1693 2642 et
1721 2583 1993 2642 uniuersa
2014 2582 2378 2655 conponenda
2401 2583 2537 2640 sunt

198 2703 260 2744 no
279 2686 634 2746 munimenta
648 2729 664 2758 ,
723 2703 797 2745 ne
823 2701 926 2760 per
955 2686 1236 2746 modicum
1278 2703 1392 2744 non
1433 2685 1719 2746 munitum
1760 2687 1884 2745 tota
1926 2684 2131 2745 ciuitoe
2160 2686 2293 2743 ruat
2309 2727 2325 2756 ‚
2386 2684 2537 2744 sicut

273 2790 540 2852 Salomon
569 2790 780 2865 repetit
807 2791 1034 2850 dicens:
1073 2790 1196 2863 qui
1237 2791 1528 2864 spernit
1557 2789 1877 2862 modica,
1908 2787 2271 2864 paulatim
2300 2788 2533 2848 cadet.

361 2894 574 2968 Stupeo
625 2895 816 2952 autem
867 2893 1268 2968 pomer-sitatis
1301 2893 1474 2952 huius
1504 2892 1763 2966 arbitrio,
1818 2895 1887 2952 ut
1938 2909 1973 2952 a
2022 2892 2245 2952 clericis
2275 2893 2350 2952 ad
2379 2909 2535 2953 com-
2560 2895 2636 2952 19

273 2995 614 3057 munitatem
641 2995 856 3056 femina
884 2996 1072 3071 magis
1100 3013 1271 3071 quam
1323 2996 1608 3057 masculus
1662 2995 1927 3072 eligatur.
1982 2997 2257 3071 numquid
2308 2999 2531 3056 tantum

274 3098 482 3159 mulier
509 3098 707 3158 utilior
736 3101 826 3158 est
855 3100 1166 3159 commodis
1201 3098 1414 3173 clerici,
1460 3102 1736 3174 quantum
1764 3099 2001 3175 prodest
2027 3099 2317 3159 masculus
2346 3100 2537 3161 conti-

188 3223 252 3264 ιε
273 3219 422 3264 nens
449 3201 544 3262 uel
572 3217 716 3277 puer
743 3201 992 3262 masculo
1022 3201 1382 3262 continenti?
1433 3205 1534 3262 aut
1563 3203 1693 3277 ipsa
1722 3203 1834 3262 erit
1862 3203 2065 3262 decens
2095 3201 2323 3262 utilitas
2364 3219 2535 3276 quam

269 3303 540 3363 indecens
568 3303 942 3362 communitas
963 3301 1150 3364 facit?
1179 3302 1361 3363 stubi
1389 3303 1504 3362 erit
1533 3303 1685 3377 quod
1706 3303 1973 3364 Salomon
2002 3304 2115 3363 ait:
2146 3321 2181 3363 o
2194 3321 2301 3363 mn
2322 3319 2357 3364 e
2382 3305 2531 3364 ani-

411 3521 477 3575 11
513 3519 648 3589 Eph.
685 3521 739 3584 4,
773 3519 856 3575 27.
1239 3521 1304 3574 17
1341 3519 1498 3576 Prou.
1540 3523 1622 3586 11,
1658 3521 1744 3577 81.
2113 3521 2180 3574 21
2218 3521 2321 3575 Sir.
2360 3521 2441 3587 19,
2482 3521 2530 3576 1.

267 3607 340 3663 26
377 3607 478 3660 Sir.
517 3607 598 3672 13,
637 3607 719 3661 15.

412 3803 445 3857 1
480 3804 538 3856 et
581 3803 628 3859 G
655 3817 700 3857 s.
736 3803 771 3857 1.
945 3803 980 3856 2
1014 3803 1335 3871 profiteatur
1381 3804 1447 3860 0¹
1632 3804 1668 3857 5
1702 3803 1869 3873 intra]
1908 3803 2054 3858 infra
2089 3803 2137 3859 0
2304 3804 2339 3856 6
2372 3819 2529 3874 pene-

263 3888 408 3944 trari
445 3887 504 3954 C,
539 3889 777 3957 superari
809 3905 845 3943 v
1059 3887 1094 3942 8
1129 3888 1440 3959 aduersarii]
1478 3889 1719 3943 aduersis
1756 3889 1803 3944 0
2004 3891 2039 3943 9
2074 3905 2233 3944 causa
2267 3905 2376 3943 non
2419 3890 2466 3946 G

265 3974 342 4029 10
375 3989 490 4027 esse
525 3973 648 4028 uolo
681 3989 716 4028 v
1023 3975 1092 4029 14
1125 3975 1294 4044 intra]
1331 3975 1477 4029 infra
1517 3976 1568 4032 0
1872 3977 1941 4031 15
1975 3991 2097 4031 eum
2131 3991 2205 4030 ex
2234 3991 2385 4030 reum
2420 3976 2468 4032 0

262 4059 592 4116 clauduntur
623 4057 756 4125 fort.
945 4059 1015 4117 16
1051 4060 1368 4129 patefecerit
1402 4079 1436 4116 v
1607 4061 1929 4132 ingressum]
1964 4062 2229 4132 decipitur
2264 4061 2391 4118 add.
2429 4079 2462 4118 v

264 4145 336 4200 1⁷
373 4147 617 4214 peccator
652 4147 708 4200 et
741 4144 940 4215 impius
975 4145 1036 4211 0,
1070 4147 1304 4200 iniustus
1337 4163 1372 4202 v
1509 4149 1578 4202 18
1609 4163 1719 4202 non
1756 4147 1816 4212 0,
1850 4163 1918 4201 ne
1949 4164 2015 4216 v;
2051 4147 2124 4214 cf.
2154 4165 2215 4218 p.
2243 4153 2366 4214 186,
2394 4151 2463 4205 13

263 4233 340 4288 19
374 4231 626 4285 uniuersa
657 4247 780 4301 ergo
817 4249 850 4288 v
1097 4233 1172 4288 20
1205 4233 1476 4289 minutum
1513 4234 1582 4290 0¹
1650 4263 1655 4267 ·
1834 4233 1905 4288 22
1940 4237 2129 4304 stupeo
2164 4235 2222 4301 Ο,
2261 4235 2441 4290 studio
2477 4253 2523 4301 v,

262 4319 334 4372 fit
369 4316 552 4370 studio
597 4317 773 4372 Ooeon.
1005 4318 1168 4372 huius
1202 4321 1574 4388 peruersitatis
1608 4337 1645 4375 v
1884 4320 2109 4375 arbitrio
2144 4321 2205 4386 G,
2240 4321 2525 4376 arbitrium

259 4401 636 4544 ἔξοιὲἷίἰξτοὲ
660 4420 695 4459 υ
1039 4403 1110 4459 25
1143 4403 1362 4458 utilitas
1398 4421 1450 4474 q.
1487 4405 1737 4460 indecens
1772 4405 1898 4462 add.
1938 4407 1984 4462 C
2016 4423 2083 4460 m.
2120 4409 2158 4461 2
2188 4407 2253 4461 in
2284 4423 2456 4477 mar-9.

479 4593 564 4641 m
593 4593 640 4640 A
1674 4595 1681 4603 ·
2035 4585 2113 4644 13
