<?xml version="1.0" encoding="UTF-8"?>
<!DOCTYPE html PUBLIC "-//W3C//DTD XHTML 1.0 Transitional//EN"
    "http://www.w3.org/TR/xhtml1/DTD/xhtml1-transitional.dtd">
<html xmlns="http://www.w3.org/1999/xhtml" xml:lang="en" lang="en">
 <head>
  <title>
</title>
<meta http-equiv="Content-Type" content="text/html;charset=utf-8" />
  <meta name='ocr-system' content='tesseract 3.04.00' />
  <meta name='ocr-capabilities' content='ocr_page ocr_carea ocr_par ocr_line ocrx_word'/>
</head>
<body>
  <div class='ocr_page' id='page_1' title='image "./corpusscriptoru29wissgoog_0060.png"; bbox 0 0 3217 5150; ppageno 0'>
   <div class='ocr_carea' id='block_1_1' title="bbox 667 513 1971 583">
    <p class='ocr_par' dir='ltr' id='par_1_1' title="bbox 667 513 1971 583">
     <span class='ocr_line' id='line_1_1' title="bbox 667 513 1971 583; baseline -0.001 -14"><span class='ocrx_word' id='word_1_1' title='bbox 667 522 750 583; x_wconf 79' lang='lat'><strong>54</strong></span> <span class='ocrx_word' id='word_1_2' title='bbox 1607 513 1971 582; x_wconf 77' lang='lat' dir='ltr'><strong>Appendix.</strong></span> 
     </span>
    </p>
   </div>
   <div class='ocr_carea' id='block_1_2' title="bbox 669 671 2997 3332">
    <p class='ocr_par' dir='ltr' id='par_1_2' title="bbox 669 671 2997 2815">
     <span class='ocr_line' id='line_1_2' title="bbox 675 671 2925 747; baseline -0.001 -15"><span class='ocrx_word' id='word_1_3' title='bbox 675 677 933 733; x_wconf 88' lang='lat' dir='ltr'><strong>auctores</strong></span> <span class='ocrx_word' id='word_1_4' title='bbox 979 673 1234 734; x_wconf 89' lang='lat' dir='ltr'><strong>conuerti</strong></span> <span class='ocrx_word' id='word_1_5' title='bbox 1263 689 1376 732; x_wconf 91' lang='lat' dir='ltr'><strong>non</strong></span> <span class='ocrx_word' id='word_1_6' title='bbox 1415 672 1697 747; x_wconf 75' lang='lat' dir='ltr'><strong>trepidat:</strong></span> <span class='ocrx_word' id='word_1_7' title='bbox 1743 690 1887 746; x_wconf 88' lang='lat' dir='ltr'><strong>quos</strong></span> <span class='ocrx_word' id='word_1_8' title='bbox 1926 673 2209 733; x_wconf 88' lang='lat' dir='ltr'><strong>Iohannes</strong></span> <span class='ocrx_word' id='word_1_9' title='bbox 2238 671 2611 732; x_wconf 75' lang='lat' dir='ltr'><strong>antichristos</strong></span> <span class='ocrx_word' id='word_1_10' title='bbox 2641 671 2925 747; x_wconf 87' lang='lat' dir='ltr'><strong>appellat,</strong></span> 
     </span>
     <span class='ocr_line' id='line_1_3' title="bbox 674 775 2926 852; baseline 0 -18"><span class='ocrx_word' id='word_1_11' title='bbox 674 794 816 850; x_wconf 87' lang='lat' dir='ltr'><strong>quos</strong></span> <span class='ocrx_word' id='word_1_12' title='bbox 868 775 1223 850; x_wconf 87' lang='lat' dir='ltr'><strong>euangelista</strong></span> <span class='ocrx_word' id='word_1_13' title='bbox 1271 775 1453 852; x_wconf 88' lang='lat' dir='ltr'><strong>paleis</strong></span> <span class='ocrx_word' id='word_1_14' title='bbox 1501 775 1737 848; x_wconf 87' lang='lat' dir='ltr'><strong>similat,</strong></span> <span class='ocrx_word' id='word_1_15' title='bbox 1790 793 1931 849; x_wconf 86' lang='lat' dir='ltr'><strong>quos</strong></span> <span class='ocrx_word' id='word_1_16' title='bbox 1960 775 2234 835; x_wconf 87' lang='lat' dir='ltr'><strong>Dominus</strong></span> <span class='ocrx_word' id='word_1_17' title='bbox 2264 775 2527 834; x_wconf 85' lang='lat' dir='ltr'><strong>Christus</strong></span> <span class='ocrx_word' id='word_1_18' title='bbox 2558 775 2715 834; x_wconf 85' lang='lat' dir='ltr'><strong>fures</strong></span> <span class='ocrx_word' id='word_1_19' title='bbox 2744 777 2805 834; x_wconf 87' lang='lat' dir='ltr'><strong>et</strong></span> <span class='ocrx_word' id='word_1_20' title='bbox 2830 775 2926 834; x_wconf 87' lang='lat' dir='ltr'><strong>la·</strong></span> 
     </span>
     <span class='ocr_line' id='line_1_4' title="bbox 675 876 2929 955; baseline -0.001 -16"><span class='ocrx_word' id='word_1_21' title='bbox 675 882 866 941; x_wconf 86' lang='lat' dir='ltr'><strong>trenes</strong></span> <span class='ocrx_word' id='word_1_22' title='bbox 911 876 1195 955; x_wconf 79' lang='lat' dir='ltr'><strong>designat,</strong></span> <span class='ocrx_word' id='word_1_23' title='bbox 1254 880 1402 938; x_wconf 89' lang='lat' dir='ltr'><strong>sicut</strong></span> <span class='ocrx_word' id='word_1_24' title='bbox 1441 880 1564 953; x_wconf 85' lang='lat' dir='ltr'><strong>ipse</strong></span> <span class='ocrx_word' id='word_1_25' title='bbox 1595 881 1657 939; x_wconf 89' lang='lat' dir='ltr'><strong>in</strong></span> <span class='ocrx_word' id='word_1_26' title='bbox 1707 879 2007 953; x_wconf 77' lang='lat' dir='ltr'><strong>euangelio</strong></span> <span class='ocrx_word' id='word_1_27' title='bbox 2038 879 2288 940; x_wconf 76' lang='lat' dir='ltr'><strong>declarat</strong></span> <span class='ocrx_word' id='word_1_28' title='bbox 2316 879 2540 939; x_wconf 89' lang='lat' dir='ltr'><strong>dicens:</strong></span> <span class='ocrx_word' id='word_1_29' title='bbox 2588 896 2673 952; x_wconf 90' lang='lat' dir='ltr'><strong>qu</strong></span> <span class='ocrx_word' id='word_1_30' title='bbox 2688 879 2756 937; x_wconf 89' lang='lat' dir='ltr'><strong>ia</strong></span> <span class='ocrx_word' id='word_1_31' title='bbox 2800 880 2929 952; x_wconf 88' lang='lat' dir='ltr'><strong>qui</strong></span> 
     </span>
     <span class='ocr_line' id='line_1_5' title="bbox 672 981 2925 1057; baseline -0.001 -15"><span class='ocrx_word' id='word_1_32' title='bbox 672 1000 807 1044; x_wconf 90' lang='lat' dir='ltr'><strong>uon</strong></span> <span class='ocrx_word' id='word_1_33' title='bbox 852 983 1154 1043; x_wconf 88' lang='lat' dir='ltr'><strong>introiit</strong></span> <span class='ocrx_word' id='word_1_34' title='bbox 1196 1000 1321 1057; x_wconf 88' lang='lat' dir='ltr'><strong>per</strong></span> <span class='ocrx_word' id='word_1_35' title='bbox 1363 983 1631 1042; x_wconf 87' lang='lat' dir='ltr'><strong>ostium</strong></span> <span class='ocrx_word' id='word_1_36' title='bbox 1675 981 1748 1041; x_wconf 89' lang='lat' dir='ltr'><strong>in</strong></span> <span class='ocrx_word' id='word_1_37' title='bbox 1792 983 2112 1042; x_wconf 81' lang='lat' dir='ltr'><strong>chortem</strong></span> <span class='ocrx_word' id='word_1_38' title='bbox 2156 981 2424 1054; x_wconf 88' lang='lat' dir='ltr'><strong>ouium,</strong></span> <span class='ocrx_word' id='word_1_39' title='bbox 2472 982 2596 1041; x_wconf 90' lang='lat' dir='ltr'><strong>sed</strong></span> <span class='ocrx_word' id='word_1_40' title='bbox 2626 982 2925 1042; x_wconf 88' lang='lat' dir='ltr'><strong>descen-</strong></span> 
     </span>
     <span class='ocr_line' id='line_1_6' title="bbox 673 1083 2965 1160; baseline 0 -16"><span class='ocrx_word' id='word_1_41' title='bbox 673 1086 782 1145; x_wconf 90' lang='lat' dir='ltr'><strong>dit</strong></span> <span class='ocrx_word' id='word_1_42' title='bbox 834 1103 958 1160; x_wconf 91' lang='lat' dir='ltr'><strong>per</strong></span> <span class='ocrx_word' id='word_1_43' title='bbox 1015 1085 1325 1146; x_wconf 87' lang='lat' dir='ltr'><strong>alteram</strong></span> <span class='ocrx_word' id='word_1_44' title='bbox 1378 1087 1688 1158; x_wconf 86' lang='lat' dir='ltr'><strong>partem,</strong></span> <span class='ocrx_word' id='word_1_45' title='bbox 1753 1083 1888 1144; x_wconf 92' lang='lat' dir='ltr'><strong>ille</strong></span> <span class='ocrx_word' id='word_1_46' title='bbox 1948 1085 2065 1144; x_wconf 79' lang='lat' dir='ltr'><strong>fur</strong></span> <span class='ocrx_word' id='word_1_47' title='bbox 2122 1088 2193 1144; x_wconf 92' lang='lat' dir='ltr'><strong>et</strong></span> <span class='ocrx_word' id='word_1_48' title='bbox 2235 1086 2430 1144; x_wconf 88' lang='lat' dir='ltr'><strong>latro</strong></span> <span class='ocrx_word' id='word_1_49' title='bbox 2476 1088 2605 1145; x_wconf 89' lang='lat' dir='ltr'><strong>est.</strong></span> <span class='ocrx_word' id='word_1_50' title='bbox 2669 1085 2809 1143; x_wconf 87' lang='lat' dir='ltr'><strong>item</strong></span> <span class='ocrx_word' id='word_1_51' title='bbox 2854 1085 2965 1145; x_wconf 76' lang='lat' dir='ltr'><strong>ins</strong></span> 
     </span>
     <span class='ocr_line' id='line_1_7' title="bbox 675 1187 2923 1265; baseline -0.002 -15"><span class='ocrx_word' id='word_1_52' title='bbox 675 1191 869 1250; x_wconf 89' lang='lat' dir='ltr'><strong>eodem</strong></span> <span class='ocrx_word' id='word_1_53' title='bbox 913 1205 1133 1265; x_wconf 88' lang='lat' dir='ltr'><strong>quoque</strong></span> <span class='ocrx_word' id='word_1_54' title='bbox 1177 1190 1292 1249; x_wconf 84' lang='lat' dir='ltr'><strong>ait:</strong></span> <span class='ocrx_word' id='word_1_55' title='bbox 1363 1205 1602 1248; x_wconf 90' lang='lat' dir='ltr'><strong>omnes</strong></span> <span class='ocrx_word' id='word_1_56' title='bbox 1661 1188 1784 1263; x_wconf 85' lang='lat' dir='ltr'><strong>qui</strong></span> <span class='ocrx_word' id='word_1_57' title='bbox 1838 1190 2199 1249; x_wconf 89' lang='lat' dir='ltr'><strong>uenerunt</strong></span> <span class='ocrx_word' id='word_1_58' title='bbox 2241 1188 2443 1248; x_wconf 84' lang='lat' dir='ltr'><strong>fures</strong></span> <span class='ocrx_word' id='word_1_59' title='bbox 2487 1191 2659 1248; x_wconf 89' lang='lat' dir='ltr'><strong>sunt</strong></span> <span class='ocrx_word' id='word_1_60' title='bbox 2704 1190 2775 1246; x_wconf 86' lang='lat' dir='ltr'><strong>et</strong></span> <span class='ocrx_word' id='word_1_61' title='bbox 2816 1187 2923 1246; x_wconf 89' lang='lat' dir='ltr'><strong>la-</strong></span> 
     </span>
     <span class='ocr_line' id='line_1_8' title="bbox 669 1287 2925 1368; baseline -0.001 -15"><span class='ocrx_word' id='word_1_62' title='bbox 669 1296 834 1353; x_wconf 80' lang='lat' dir='ltr'><strong>tron</strong></span> <span class='ocrx_word' id='word_1_63' title='bbox 847 1311 876 1353; x_wconf 90' lang='lat' dir='ltr'><strong>e</strong></span> <span class='ocrx_word' id='word_1_64' title='bbox 890 1311 937 1353; x_wconf 90' lang='lat' dir='ltr'><strong>s.</strong></span> <span class='ocrx_word' id='word_1_65' title='bbox 988 1293 1084 1368; x_wconf 91' lang='lat' dir='ltr'><strong>qui</strong></span> <span class='ocrx_word' id='word_1_66' title='bbox 1114 1293 1216 1352; x_wconf 90' lang='lat' dir='ltr'><strong>isti</strong></span> <span class='ocrx_word' id='word_1_67' title='bbox 1245 1295 1397 1365; x_wconf 88' lang='lat' dir='ltr'><strong>sunt,</strong></span> <span class='ocrx_word' id='word_1_68' title='bbox 1429 1291 1539 1351; x_wconf 84' lang='lat' dir='ltr'><strong>nisi</strong></span> <span class='ocrx_word' id='word_1_69' title='bbox 1569 1293 1887 1352; x_wconf 84' lang='lat' dir='ltr'><strong>desertores</strong></span> <span class='ocrx_word' id='word_1_70' title='bbox 1914 1287 2050 1352; x_wconf 90' lang='lat' dir='ltr'><strong>fidei</strong></span> <span class='ocrx_word' id='word_1_71' title='bbox 2076 1294 2136 1351; x_wconf 89' lang='lat' dir='ltr'><strong>et</strong></span> <span class='ocrx_word' id='word_1_72' title='bbox 2164 1295 2617 1366; x_wconf 77' lang='lat' dir='ltr'><strong>transgressores</strong></span> <span class='ocrx_word' id='word_1_73' title='bbox 2646 1290 2925 1351; x_wconf 89' lang='lat' dir='ltr'><strong>ecclesiae</strong></span> 
     </span>
     <span class='ocr_line' id='line_1_9' title="bbox 671 1394 2924 1472; baseline -0.001 -16"><span class='ocrx_word' id='word_1_74' title='bbox 671 1397 806 1470; x_wconf 88' lang='lat' dir='ltr'><strong>Dei,</strong></span> <span class='ocrx_word' id='word_1_75' title='bbox 871 1397 970 1472; x_wconf 88' lang='lat' dir='ltr'><strong>qui</strong></span> <span class='ocrx_word' id='word_1_76' title='bbox 1021 1399 1220 1456; x_wconf 86' lang='lat' dir='ltr'><strong>contra</strong></span> <span class='ocrx_word' id='word_1_77' title='bbox 1269 1395 1681 1455; x_wconf 86' lang='lat' dir='ltr'><strong>ordinationem</strong></span> <span class='ocrx_word' id='word_1_78' title='bbox 1730 1395 1839 1455; x_wconf 92' lang='lat' dir='ltr'><strong>Dei</strong></span> <span class='ocrx_word' id='word_1_79' title='bbox 1886 1395 2189 1454; x_wconf 76' lang='lat' dir='ltr'><strong>nituntur?</strong></span> <span class='ocrx_word' id='word_1_80' title='bbox 2236 1412 2377 1469; x_wconf 88' lang='lat' dir='ltr'><strong>quos</strong></span> <span class='ocrx_word' id='word_1_81' title='bbox 2426 1395 2628 1454; x_wconf 85' lang='lat' dir='ltr'><strong>merito</strong></span> <span class='ocrx_word' id='word_1_82' title='bbox 2679 1394 2924 1468; x_wconf 87' lang='lat' dir='ltr'><strong>spiritus</strong></span> 
     </span>
     <span class='ocr_line' id='line_1_10' title="bbox 673 1498 2924 1576; baseline -0.003 -14"><span class='ocrx_word' id='word_1_83' title='bbox 673 1504 906 1562; x_wconf 90' lang='lat' dir='ltr'><strong>sanctus</strong></span> <span class='ocrx_word' id='word_1_84' title='bbox 933 1519 1034 1576; x_wconf 88' lang='lat' dir='ltr'><strong>per</strong></span> <span class='ocrx_word' id='word_1_85' title='bbox 1063 1501 1392 1576; x_wconf 87' lang='lat' dir='ltr'><strong>prophetam</strong></span> <span class='ocrx_word' id='word_1_86' title='bbox 1433 1500 1690 1574; x_wconf 85' lang='lat' dir='ltr'><strong>increpat</strong></span> <span class='ocrx_word' id='word_1_87' title='bbox 1728 1500 1949 1560; x_wconf 83' lang='lat' dir='ltr'><strong>dicens:</strong></span> <span class='ocrx_word' id='word_1_88' title='bbox 1996 1499 2298 1560; x_wconf 87' lang='lat' dir='ltr'><strong>fecistis</strong></span> <span class='ocrx_word' id='word_1_89' title='bbox 2340 1498 2740 1558; x_wconf 89' lang='lat' dir='ltr'><strong>consilium</strong></span> <span class='ocrx_word' id='word_1_90' title='bbox 2782 1515 2924 1558; x_wconf 90' lang='lat' dir='ltr'><strong>non</strong></span> 
     </span>
     <span class='ocr_line' id='line_1_11' title="bbox 670 1600 2997 1680; baseline -0.002 -15"><span class='ocrx_word' id='word_1_91' title='bbox 670 1621 798 1680; x_wconf 88' lang='lat' dir='ltr'><strong>per</strong></span> <span class='ocrx_word' id='word_1_92' title='bbox 839 1623 969 1680; x_wconf 89' lang='lat' dir='ltr'><strong>me,</strong></span> <span class='ocrx_word' id='word_1_93' title='bbox 1036 1606 1106 1663; x_wconf 86' lang='lat' dir='ltr'><strong>et</strong></span> <span class='ocrx_word' id='word_1_94' title='bbox 1166 1602 1697 1676; x_wconf 86' lang='lat' dir='ltr'><strong>cogitationem</strong></span> <span class='ocrx_word' id='word_1_95' title='bbox 1742 1619 1877 1662; x_wconf 90' lang='lat' dir='ltr'><strong>non</strong></span> <span class='ocrx_word' id='word_1_96' title='bbox 1919 1619 2045 1675; x_wconf 85' lang='lat' dir='ltr'><strong>per</strong></span> <span class='ocrx_word' id='word_1_97' title='bbox 2090 1600 2439 1677; x_wconf 87' lang='lat' dir='ltr'><strong>spiritum</strong></span> <span class='ocrx_word' id='word_1_98' title='bbox 2482 1618 2736 1676; x_wconf 86' lang='lat' dir='ltr'><strong>meum,</strong></span> <span class='ocrx_word' id='word_1_99' title='bbox 2804 1602 2921 1660; x_wconf 87' lang='lat' dir='ltr'><strong>ad·</strong></span> <span class='ocrx_word' id='word_1_100' title='bbox 2944 1621 2997 1660; x_wconf 84' lang='grc' dir='ltr'><strong>ιο</strong></span> 
     </span>
     <span class='ocr_line' id='line_1_12' title="bbox 673 1705 2923 1781; baseline -0.001 -15"><span class='ocrx_word' id='word_1_101' title='bbox 673 1708 866 1769; x_wconf 89' lang='lat' dir='ltr'><strong>icere</strong></span> <span class='ocrx_word' id='word_1_102' title='bbox 910 1708 1214 1780; x_wconf 87' lang='lat' dir='ltr'><strong>peccata</strong></span> <span class='ocrx_word' id='word_1_103' title='bbox 1259 1723 1474 1779; x_wconf 88' lang='lat' dir='ltr'><strong>super</strong></span> <span class='ocrx_word' id='word_1_104' title='bbox 1516 1709 1835 1781; x_wconf 87' lang='lat' dir='ltr'><strong>peccata.</strong></span> <span class='ocrx_word' id='word_1_105' title='bbox 1898 1706 2035 1780; x_wconf 88' lang='lat' dir='ltr'><strong>quid</strong></span> <span class='ocrx_word' id='word_1_106' title='bbox 2079 1707 2151 1766; x_wconf 88' lang='lat' dir='ltr'><strong>ad</strong></span> <span class='ocrx_word' id='word_1_107' title='bbox 2195 1706 2311 1764; x_wconf 87' lang='lat' dir='ltr'><strong>ista</strong></span> <span class='ocrx_word' id='word_1_108' title='bbox 2364 1705 2741 1778; x_wconf 83' lang='lat' dir='ltr'><strong>respondeant</strong></span> <span class='ocrx_word' id='word_1_109' title='bbox 2790 1721 2923 1779; x_wconf 88' lang='lat' dir='ltr'><strong>per-</strong></span> 
     </span>
     <span class='ocr_line' id='line_1_13' title="bbox 676 1809 2923 1884; baseline -0.001 -13"><span class='ocrx_word' id='word_1_110' title='bbox 676 1810 989 1871; x_wconf 87' lang='lat' dir='ltr'><strong>uersissimi</strong></span> <span class='ocrx_word' id='word_1_111' title='bbox 1021 1810 1122 1869; x_wconf 90' lang='lat' dir='ltr'><strong>isti</strong></span> <span class='ocrx_word' id='word_1_112' title='bbox 1162 1809 1474 1870; x_wconf 83' lang='lat' dir='ltr'><strong>Nouatiani</strong></span> <span class='ocrx_word' id='word_1_113' title='bbox 1503 1809 1598 1870; x_wconf 90' lang='lat' dir='ltr'><strong>uel</strong></span> <span class='ocrx_word' id='word_1_114' title='bbox 1630 1827 1781 1869; x_wconf 90' lang='lat' dir='ltr'><strong>nunc</strong></span> <span class='ocrx_word' id='word_1_115' title='bbox 1810 1809 2189 1870; x_wconf 90' lang='lat' dir='ltr'><strong>infelicissimi</strong></span> <span class='ocrx_word' id='word_1_116' title='bbox 2218 1811 2419 1884; x_wconf 83' lang='lat' dir='ltr'><strong>pauci:</strong></span> <span class='ocrx_word' id='word_1_117' title='bbox 2467 1809 2567 1883; x_wconf 89' lang='lat' dir='ltr'><strong>qui</strong></span> <span class='ocrx_word' id='word_1_118' title='bbox 2596 1809 2669 1868; x_wconf 92' lang='lat' dir='ltr'><strong>ad</strong></span> <span class='ocrx_word' id='word_1_119' title='bbox 2698 1811 2923 1870; x_wconf 86' lang='lat' dir='ltr'><strong>tantam</strong></span> 
     </span>
     <span class='ocr_line' id='line_1_14' title="bbox 677 1912 2923 1987; baseline -0 -15"><span class='ocrx_word' id='word_1_120' title='bbox 677 1913 886 1972; x_wconf 88' lang='lat' dir='ltr'><strong>furoris</strong></span> <span class='ocrx_word' id='word_1_121' title='bbox 940 1912 1280 1973; x_wconf 85' lang='lat' dir='ltr'><strong>dementiam</strong></span> <span class='ocrx_word' id='word_1_122' title='bbox 1329 1915 1714 1987; x_wconf 87' lang='lat' dir='ltr'><strong>proruperunt</strong></span> <span class='ocrx_word' id='word_1_123' title='bbox 1742 1915 1810 1971; x_wconf 92' lang='lat' dir='ltr'><strong>ut</strong></span> <span class='ocrx_word' id='word_1_124' title='bbox 1838 1930 1941 1972; x_wconf 85' lang='lat' dir='ltr'><strong>nec</strong></span> <span class='ocrx_word' id='word_1_125' title='bbox 1970 1913 2085 1973; x_wconf 90' lang='lat' dir='ltr'><strong>Deo</strong></span> <span class='ocrx_word' id='word_1_126' title='bbox 2116 1929 2221 1971; x_wconf 92' lang='lat' dir='ltr'><strong>nec</strong></span> <span class='ocrx_word' id='word_1_127' title='bbox 2276 1912 2489 1972; x_wconf 87' lang='lat' dir='ltr'><strong>homini</strong></span> <span class='ocrx_word' id='word_1_128' title='bbox 2538 1913 2923 1972; x_wconf 86' lang='lat' dir='ltr'><strong>reuerentiam</strong></span> 
     </span>
     <span class='ocr_line' id='line_1_15' title="bbox 675 2011 2923 2091; baseline -0.001 -15"><span class='ocrx_word' id='word_1_129' title='bbox 675 2016 1022 2078; x_wconf 75' lang='lat' dir='ltr'><strong>habuerint?</strong></span> <span class='ocrx_word' id='word_1_130' title='bbox 1066 2016 1190 2075; x_wconf 90' lang='lat' dir='ltr'><strong>illic</strong></span> <span class='ocrx_word' id='word_1_131' title='bbox 1217 2015 1556 2091; x_wconf 89' lang='lat' dir='ltr'><strong>inpudenter</strong></span> <span class='ocrx_word' id='word_1_132' title='bbox 1585 2019 1647 2076; x_wconf 91' lang='lat' dir='ltr'><strong>et</strong></span> <span class='ocrx_word' id='word_1_133' title='bbox 1674 2016 1797 2076; x_wconf 87' lang='lat' dir='ltr'><strong>sine</strong></span> <span class='ocrx_word' id='word_1_134' title='bbox 1826 2015 1947 2075; x_wconf 89' lang='lat' dir='ltr'><strong>ulla</strong></span> <span class='ocrx_word' id='word_1_135' title='bbox 1974 2014 2357 2076; x_wconf 79' lang='lat' dir='ltr'><strong>ordinationis</strong></span> <span class='ocrx_word' id='word_1_136' title='bbox 2388 2011 2518 2089; x_wconf 82' lang='lat' dir='ltr'><strong>lege</strong></span> <span class='ocrx_word' id='word_1_137' title='bbox 2562 2015 2923 2090; x_wconf 85' lang='lat' dir='ltr'><strong>episcopatus</strong></span> 
     </span>
     <span class='ocr_line' id='line_1_16' title="bbox 675 2117 2995 2193; baseline 0 -13"><span class='ocrx_word' id='word_1_138' title='bbox 675 2120 984 2193; x_wconf 85' lang='lat' dir='ltr'><strong>adpetitur,</strong></span> <span class='ocrx_word' id='word_1_139' title='bbox 1031 2119 1124 2178; x_wconf 88' lang='lat' dir='ltr'><strong>hic</strong></span> <span class='ocrx_word' id='word_1_140' title='bbox 1165 2121 1299 2178; x_wconf 88' lang='lat' dir='ltr'><strong>dum</strong></span> <span class='ocrx_word' id='word_1_141' title='bbox 1343 2119 1594 2193; x_wconf 90' lang='lat' dir='ltr'><strong>propriis</strong></span> <span class='ocrx_word' id='word_1_142' title='bbox 1638 2119 1869 2179; x_wconf 87' lang='lat' dir='ltr'><strong>sedibus</strong></span> <span class='ocrx_word' id='word_1_143' title='bbox 1898 2121 1955 2179; x_wconf 90' lang='lat' dir='ltr'><strong>et</strong></span> <span class='ocrx_word' id='word_1_144' title='bbox 1986 2118 2287 2179; x_wconf 85' lang='lat' dir='ltr'><strong>cathedrae</strong></span> <span class='ocrx_word' id='word_1_145' title='bbox 2318 2117 2429 2178; x_wconf 90' lang='lat' dir='ltr'><strong>sibi</strong></span> <span class='ocrx_word' id='word_1_146' title='bbox 2458 2117 2706 2179; x_wconf 86' lang='lat' dir='ltr'><strong>traditae</strong></span> <span class='ocrx_word' id='word_1_147' title='bbox 2735 2136 2771 2177; x_wconf 89' lang='lat' dir='ltr'><strong>a</strong></span> <span class='ocrx_word' id='word_1_148' title='bbox 2798 2117 2921 2180; x_wconf 89' lang='lat' dir='ltr'><strong>Deo</strong></span> <span class='ocrx_word' id='word_1_149' title='bbox 2942 2140 2995 2180; x_wconf 68' lang='grc' dir='ltr'><strong>ιε</strong></span> 
     </span>
     <span class='ocr_line' id='line_1_17' title="bbox 673 2221 2923 2296; baseline -0.001 -13"><span class='ocrx_word' id='word_1_150' title='bbox 673 2223 1054 2285; x_wconf 82' lang='lat' dir='ltr'><strong>renuntiatur.</strong></span> <span class='ocrx_word' id='word_1_151' title='bbox 1121 2223 1244 2282; x_wconf 91' lang='lat' dir='ltr'><strong>illic</strong></span> <span class='ocrx_word' id='word_1_152' title='bbox 1293 2223 1540 2283; x_wconf 83' lang='lat' dir='ltr'><strong>ueritas:</strong></span> <span class='ocrx_word' id='word_1_153' title='bbox 1601 2224 2094 2296; x_wconf 89' lang='lat' dir='ltr'><strong>aspernantur</strong></span> <span class='ocrx_word' id='word_1_154' title='bbox 2138 2238 2269 2293; x_wconf 91' lang='lat' dir='ltr'><strong>me,</strong></span> <span class='ocrx_word' id='word_1_155' title='bbox 2338 2223 2416 2280; x_wconf 91' lang='lat' dir='ltr'><strong>ut</strong></span> <span class='ocrx_word' id='word_1_156' title='bbox 2474 2221 2923 2280; x_wconf 83' lang='lat' dir='ltr'><strong>sacrificent</strong></span> 
     </span>
     <span class='ocr_line' id='line_1_18' title="bbox 675 2323 2921 2387; baseline -0.002 0"><span class='ocrx_word' id='word_1_157' title='bbox 675 2327 849 2387; x_wconf 88' lang='lat' dir='ltr'><strong>mihi</strong></span> <span class='ocrx_word' id='word_1_158' title='bbox 895 2343 1021 2386; x_wconf 89' lang='lat' dir='ltr'><strong>nec</strong></span> <span class='ocrx_word' id='word_1_159' title='bbox 1063 2326 1394 2387; x_wconf 85' lang='lat' dir='ltr'><strong>offerunt</strong></span> <span class='ocrx_word' id='word_1_160' title='bbox 1449 2325 1867 2386; x_wconf 87' lang='lat' dir='ltr'><strong>oblationes</strong></span> <span class='ocrx_word' id='word_1_161' title='bbox 1936 2327 2234 2384; x_wconf 87' lang='lat' dir='ltr'><strong>sanctas</strong></span> <span class='ocrx_word' id='word_1_162' title='bbox 2287 2323 2621 2383; x_wconf 88' lang='lat' dir='ltr'><strong>filiorum</strong></span> <span class='ocrx_word' id='word_1_163' title='bbox 2676 2323 2921 2383; x_wconf 88' lang='lat' dir='ltr'><strong>Israel</strong></span> 
     </span>
     <span class='ocr_line' id='line_1_19' title="bbox 679 2427 2922 2501; baseline -0.001 -12"><span class='ocrx_word' id='word_1_164' title='bbox 679 2445 813 2489; x_wconf 91' lang='lat' dir='ltr'><strong>nec</strong></span> <span class='ocrx_word' id='word_1_165' title='bbox 856 2430 1212 2489; x_wconf 86' lang='lat' dir='ltr'><strong>accedunt</strong></span> <span class='ocrx_word' id='word_1_166' title='bbox 1257 2428 1534 2489; x_wconf 83' lang='lat' dir='ltr'><strong>offerre</strong></span> <span class='ocrx_word' id='word_1_167' title='bbox 1579 2431 1835 2488; x_wconf 86' lang='lat' dir='ltr'><strong>sancta</strong></span> <span class='ocrx_word' id='word_1_168' title='bbox 1878 2430 2323 2500; x_wconf 89' lang='lat' dir='ltr'><strong>sanctorum,</strong></span> <span class='ocrx_word' id='word_1_169' title='bbox 2384 2427 2506 2486; x_wconf 90' lang='lat' dir='ltr'><strong>sed</strong></span> <span class='ocrx_word' id='word_1_170' title='bbox 2548 2427 2922 2501; x_wconf 88' lang='lat' dir='ltr'><strong>accipient</strong></span> 
     </span>
     <span class='ocr_line' id='line_1_20' title="bbox 673 2529 2921 2609; baseline -0.002 -16"><span class='ocrx_word' id='word_1_171' title='bbox 673 2533 1146 2609; x_wconf 81' lang='lat' dir='ltr'><strong>ignominiam</strong></span> <span class='ocrx_word' id='word_1_172' title='bbox 1211 2549 1407 2592; x_wconf 85' lang='lat' dir='ltr'><strong>suam</strong></span> <span class='ocrx_word' id='word_1_173' title='bbox 1472 2532 1546 2592; x_wconf 91' lang='lat' dir='ltr'><strong>in</strong></span> <span class='ocrx_word' id='word_1_174' title='bbox 1611 2548 1855 2592; x_wconf 89' lang='lat' dir='ltr'><strong>errore</strong></span> <span class='ocrx_word' id='word_1_175' title='bbox 1921 2548 2055 2607; x_wconf 89' lang='lat' dir='ltr'><strong>quo</strong></span> <span class='ocrx_word' id='word_1_176' title='bbox 2122 2533 2581 2591; x_wconf 86' lang='lat' dir='ltr'><strong>errauerunt.</strong></span> <span class='ocrx_word' id='word_1_177' title='bbox 2652 2529 2797 2590; x_wconf 87' lang='lat' dir='ltr'><strong>satis</strong></span> <span class='ocrx_word' id='word_1_178' title='bbox 2840 2531 2921 2589; x_wconf 89' lang='lat' dir='ltr'><strong>sit</strong></span> 
     </span>
     <span class='ocr_line' id='line_1_21' title="bbox 673 2634 2993 2713; baseline 0 -18"><span class='ocrx_word' id='word_1_179' title='bbox 673 2636 871 2712; x_wconf 89' lang='lat' dir='ltr'><strong>paucis</strong></span> <span class='ocrx_word' id='word_1_180' title='bbox 923 2637 1193 2713; x_wconf 87' lang='lat' dir='ltr'><strong>probasse</strong></span> <span class='ocrx_word' id='word_1_181' title='bbox 1246 2636 1517 2710; x_wconf 81' lang='lat' dir='ltr'><strong>quidnam</strong></span> <span class='ocrx_word' id='word_1_182' title='bbox 1547 2636 1685 2696; x_wconf 86' lang='lat' dir='ltr'><strong>sint.</strong></span> <span class='ocrx_word' id='word_1_183' title='bbox 1731 2636 1921 2696; x_wconf 89' lang='lat' dir='ltr'><strong>audite</strong></span> <span class='ocrx_word' id='word_1_184' title='bbox 1964 2635 2163 2711; x_wconf 79' lang='lat' dir='ltr'><strong>igitur,</strong></span> <span class='ocrx_word' id='word_1_185' title='bbox 2204 2635 2534 2707; x_wconf 81' lang='lat' dir='ltr'><strong>Nouatiaui,</strong></span> <span class='ocrx_word' id='word_1_186' title='bbox 2588 2634 2741 2709; x_wconf 90' lang='lat' dir='ltr'><strong>apud</strong></span> <span class='ocrx_word' id='word_1_187' title='bbox 2770 2652 2915 2709; x_wconf 86' lang='lat' dir='ltr'><strong>quos</strong></span> <span class='ocrx_word' id='word_1_188' title='bbox 2938 2656 2993 2696; x_wconf 67' lang='lat' dir='ltr'><strong>ao</strong></span> 
     </span>
     <span class='ocr_line' id='line_1_22' title="bbox 673 2738 2923 2815; baseline -0.001 -16"><span class='ocrx_word' id='word_1_189' title='bbox 673 2740 990 2814; x_wconf 87' lang='lat' dir='ltr'><strong>scripturae</strong></span> <span class='ocrx_word' id='word_1_190' title='bbox 1019 2741 1296 2801; x_wconf 81' lang='lat' dir='ltr'><strong>caelestes</strong></span> <span class='ocrx_word' id='word_1_191' title='bbox 1325 2740 1596 2814; x_wconf 76' lang='lat' dir='ltr'><strong>leguntur</strong></span> <span class='ocrx_word' id='word_1_192' title='bbox 1624 2739 1818 2815; x_wconf 88' lang='lat' dir='ltr'><strong>potius</strong></span> <span class='ocrx_word' id='word_1_193' title='bbox 1848 2756 2017 2813; x_wconf 88' lang='lat' dir='ltr'><strong>quam</strong></span> <span class='ocrx_word' id='word_1_194' title='bbox 2048 2738 2481 2812; x_wconf 82' lang='lat' dir='ltr'><strong>intelleguntur,</strong></span> <span class='ocrx_word' id='word_1_195' title='bbox 2510 2738 2701 2812; x_wconf 87' lang='lat' dir='ltr'><strong>palam</strong></span> <span class='ocrx_word' id='word_1_196' title='bbox 2746 2739 2923 2798; x_wconf 88' lang='lat' dir='ltr'><strong>etiam</strong></span> 
     </span>
    </p>

    <p class='ocr_par' dir='ltr' id='par_1_3' title="bbox 674 2840 2996 3332">
     <span class='ocr_line' id='line_1_23' title="bbox 675 2840 2923 2917; baseline -0.004 -9"><span class='ocrx_word' id='word_1_197' title='bbox 675 2877 704 2908; x_wconf 65' lang='grc' dir='ltr'><strong>ια</strong></span> <span class='ocrx_word' id='word_1_198' title='bbox 729 2877 758 2907; x_wconf 64' lang='grc' dir='ltr'><strong>,ι</strong></span> <span class='ocrx_word' id='word_1_199' title='bbox 787 2843 838 2903; x_wconf 91' lang='lat' dir='ltr'><strong>si</strong></span> <span class='ocrx_word' id='word_1_200' title='bbox 867 2860 978 2903; x_wconf 89' lang='lat' dir='ltr'><strong>non</strong></span> <span class='ocrx_word' id='word_1_201' title='bbox 1007 2843 1438 2917; x_wconf 82' lang='lat' dir='ltr'><strong>interpolentur.</strong></span> <span class='ocrx_word' id='word_1_202' title='bbox 1485 2845 1621 2903; x_wconf 87' lang='lat' dir='ltr'><strong>sunt</strong></span> <span class='ocrx_word' id='word_1_203' title='bbox 1650 2843 1799 2902; x_wconf 89' lang='lat' dir='ltr'><strong>enim</strong></span> <span class='ocrx_word' id='word_1_204' title='bbox 1830 2844 2057 2901; x_wconf 87' lang='lat' dir='ltr'><strong>uestrae</strong></span> <span class='ocrx_word' id='word_1_205' title='bbox 2084 2842 2416 2917; x_wconf 86' lang='lat' dir='ltr'><strong>praeclusae</strong></span> <span class='ocrx_word' id='word_1_206' title='bbox 2456 2858 2621 2901; x_wconf 89' lang='lat' dir='ltr'><strong>aures</strong></span> <span class='ocrx_word' id='word_1_207' title='bbox 2662 2844 2722 2901; x_wconf 91' lang='lat' dir='ltr'><strong>et</strong></span> <span class='ocrx_word' id='word_1_208' title='bbox 2750 2840 2923 2901; x_wconf 86' lang='lat' dir='ltr'><strong>corda</strong></span> 
     </span>
     <span class='ocr_line' id='line_1_24' title="bbox 675 2944 2923 3021; baseline -0.001 -15"><span class='ocrx_word' id='word_1_209' title='bbox 675 2951 921 3020; x_wconf 86' lang='lat' dir='ltr'><strong>caecata,</strong></span> <span class='ocrx_word' id='word_1_210' title='bbox 975 2948 1071 3020; x_wconf 91' lang='lat' dir='ltr'><strong>qui</strong></span> <span class='ocrx_word' id='word_1_211' title='bbox 1113 2945 1332 3006; x_wconf 89' lang='lat' dir='ltr'><strong>nullum</strong></span> <span class='ocrx_word' id='word_1_212' title='bbox 1362 2948 1431 3006; x_wconf 85' lang='lat' dir='ltr'><strong>de</strong></span> <span class='ocrx_word' id='word_1_213' title='bbox 1473 2945 1830 3021; x_wconf 84' lang='lat' dir='ltr'><strong>spiritalibus</strong></span> <span class='ocrx_word' id='word_1_214' title='bbox 1860 2963 1927 3005; x_wconf 87' lang='lat' dir='ltr'><strong>ac</strong></span> <span class='ocrx_word' id='word_1_215' title='bbox 1956 2944 2304 3005; x_wconf 88' lang='lat' dir='ltr'><strong>salutaribus</strong></span> <span class='ocrx_word' id='word_1_216' title='bbox 2334 2944 2566 3004; x_wconf 85' lang='lat' dir='ltr'><strong>monitis</strong></span> <span class='ocrx_word' id='word_1_217' title='bbox 2594 2945 2785 3003; x_wconf 87' lang='lat' dir='ltr'><strong>lumen</strong></span> <span class='ocrx_word' id='word_1_218' title='bbox 2814 2945 2923 3003; x_wconf 88' lang='lat' dir='ltr'><strong>ad·</strong></span> 
     </span>
     <span class='ocr_line' id='line_1_25' title="bbox 675 3047 2923 3110; baseline -0.001 -1"><span class='ocrx_word' id='word_1_219' title='bbox 675 3050 925 3110; x_wconf 89' lang='lat' dir='ltr'><strong>mittitis.</strong></span> <span class='ocrx_word' id='word_1_220' title='bbox 973 3050 1120 3109; x_wconf 90' lang='lat' dir='ltr'><strong>sicut</strong></span> <span class='ocrx_word' id='word_1_221' title='bbox 1151 3050 1354 3109; x_wconf 84' lang='lat' dir='ltr'><strong>Esaias</strong></span> <span class='ocrx_word' id='word_1_222' title='bbox 1383 3050 1496 3109; x_wconf 86' lang='lat' dir='ltr'><strong>ait:</strong></span> <span class='ocrx_word' id='word_1_223' title='bbox 1544 3048 1922 3109; x_wconf 83' lang='lat' dir='ltr'><strong>excaecati</strong></span> <span class='ocrx_word' id='word_1_224' title='bbox 1968 3050 2139 3107; x_wconf 88' lang='lat' dir='ltr'><strong>sunt</strong></span> <span class='ocrx_word' id='word_1_225' title='bbox 2182 3048 2383 3107; x_wconf 89' lang='lat' dir='ltr'><strong>serui</strong></span> <span class='ocrx_word' id='word_1_226' title='bbox 2428 3048 2573 3107; x_wconf 90' lang='lat' dir='ltr'><strong>Dei.</strong></span> <span class='ocrx_word' id='word_1_227' title='bbox 2620 3050 2679 3107; x_wconf 88' lang='lat' dir='ltr'><strong>et</strong></span> <span class='ocrx_word' id='word_1_228' title='bbox 2720 3047 2923 3106; x_wconf 83' lang='lat' dir='ltr'><strong>merito</strong></span> 
     </span>
     <span class='ocr_line' id='line_1_26' title="bbox 674 3147 2996 3228; baseline -0.002 -15"><span class='ocrx_word' id='word_1_229' title='bbox 674 3154 977 3228; x_wconf 82' lang='lat' dir='ltr'><strong>excaecati,</strong></span> <span class='ocrx_word' id='word_1_230' title='bbox 1031 3154 1166 3228; x_wconf 87' lang='lat' dir='ltr'><strong>quia</strong></span> <span class='ocrx_word' id='word_1_231' title='bbox 1215 3154 1482 3213; x_wconf 89' lang='lat' dir='ltr'><strong>uoluntas</strong></span> <span class='ocrx_word' id='word_1_232' title='bbox 1537 3152 2025 3213; x_wconf 87' lang='lat' dir='ltr'><strong>schismaticorum</strong></span> <span class='ocrx_word' id='word_1_233' title='bbox 2075 3170 2189 3213; x_wconf 90' lang='lat' dir='ltr'><strong>non</strong></span> <span class='ocrx_word' id='word_1_234' title='bbox 2242 3153 2331 3211; x_wconf 92' lang='lat' dir='ltr'><strong>est</strong></span> <span class='ocrx_word' id='word_1_235' title='bbox 2372 3151 2435 3209; x_wconf 89' lang='lat' dir='ltr'><strong>iu</strong></span> <span class='ocrx_word' id='word_1_236' title='bbox 2476 3151 2606 3224; x_wconf 87' lang='lat' dir='ltr'><strong>lege</strong></span> <span class='ocrx_word' id='word_1_237' title='bbox 2652 3166 2795 3224; x_wconf 86' lang='lat' dir='ltr'><strong>quae</strong></span> <span class='ocrx_word' id='word_1_238' title='bbox 2826 3147 2923 3210; x_wconf 80' lang='lat' dir='ltr'><strong>lex</strong></span> <span class='ocrx_word' id='word_1_239' title='bbox 2940 3168 2996 3210; x_wconf 72' lang='lat'><strong>25</strong></span> 
     </span>
     <span class='ocr_line' id='line_1_27' title="bbox 674 3254 2925 3332; baseline -0.002 -15"><span class='ocrx_word' id='word_1_240' title='bbox 674 3275 844 3317; x_wconf 90' lang='lat' dir='ltr'><strong>unam</strong></span> <span class='ocrx_word' id='word_1_241' title='bbox 873 3256 1040 3317; x_wconf 89' lang='lat' dir='ltr'><strong>nobis</strong></span> <span class='ocrx_word' id='word_1_242' title='bbox 1069 3260 1127 3318; x_wconf 91' lang='lat' dir='ltr'><strong>et</strong></span> <span class='ocrx_word' id='word_1_243' title='bbox 1157 3256 1506 3332; x_wconf 86' lang='lat' dir='ltr'><strong>singularem</strong></span> <span class='ocrx_word' id='word_1_244' title='bbox 1535 3257 1800 3331; x_wconf 85' lang='lat' dir='ltr'><strong>designat</strong></span> <span class='ocrx_word' id='word_1_245' title='bbox 1829 3255 2146 3330; x_wconf 87' lang='lat' dir='ltr'><strong>ecclesiam,</strong></span> <span class='ocrx_word' id='word_1_246' title='bbox 2178 3256 2239 3313; x_wconf 90' lang='lat' dir='ltr'><strong>in</strong></span> <span class='ocrx_word' id='word_1_247' title='bbox 2261 3254 2366 3315; x_wconf 88' lang='lat' dir='ltr'><strong>illa</strong></span> <span class='ocrx_word' id='word_1_248' title='bbox 2394 3254 2613 3313; x_wconf 88' lang='lat' dir='ltr'><strong>scilicet</strong></span> <span class='ocrx_word' id='word_1_249' title='bbox 2640 3270 2784 3327; x_wconf 75' lang='lat' dir='ltr'><strong>quae</strong></span> <span class='ocrx_word' id='word_1_250' title='bbox 2814 3254 2925 3313; x_wconf 86' lang='lat' dir='ltr'><strong>sub</strong></span> 
     </span>
    </p>
   </div>
   <div class='ocr_carea' id='block_1_3' title="bbox 672 3472 2925 3626">
    <p class='ocr_par' dir='ltr' id='par_1_4' title="bbox 672 3472 2925 3626">
     <span class='ocr_line' id='line_1_28' title="bbox 875 3472 2925 3540; baseline -0.001 -11"><span class='ocrx_word' id='word_1_251' title='bbox 875 3474 909 3529; x_wconf 87' lang='lat'><strong>3</strong></span> <span class='ocrx_word' id='word_1_252' title='bbox 943 3475 1021 3530; x_wconf 89' lang='lat' dir='ltr'><strong>Io.</strong></span> <span class='ocrx_word' id='word_1_253' title='bbox 1060 3474 1143 3539; x_wconf 89' lang='lat'><strong>10,</strong></span> <span class='ocrx_word' id='word_1_254' title='bbox 1181 3476 1229 3529; x_wconf 92' lang='lat'><strong>1.</strong></span> <span class='ocrx_word' id='word_1_255' title='bbox 1259 3493 1264 3497; x_wconf 91' lang='lat'><em>·</em></span> <span class='ocrx_word' id='word_1_256' title='bbox 1370 3474 1404 3527; x_wconf 88' lang='lat'>6</span> <span class='ocrx_word' id='word_1_257' title='bbox 1438 3472 1512 3527; x_wconf 72' lang='lat' dir='ltr'><strong>Io,</strong></span> <span class='ocrx_word' id='word_1_258' title='bbox 1552 3474 1636 3539; x_wconf 91' lang='lat'><strong>10,</strong></span> <span class='ocrx_word' id='word_1_259' title='bbox 1671 3474 1723 3529; x_wconf 89' lang='grc'><strong>8.</strong></span> <span class='ocrx_word' id='word_1_260' title='bbox 1863 3476 1897 3530; x_wconf 88' lang='grc'>9</span> <span class='ocrx_word' id='word_1_261' title='bbox 1930 3474 2016 3529; x_wconf 89' lang='lat' dir='ltr'><strong>Es.</strong></span> <span class='ocrx_word' id='word_1_262' title='bbox 2056 3473 2141 3540; x_wconf 86' lang='lat'><strong>30,</strong></span> <span class='ocrx_word' id='word_1_263' title='bbox 2178 3474 2227 3529; x_wconf 91' lang='lat'><strong>1.</strong></span> <span class='ocrx_word' id='word_1_264' title='bbox 2372 3474 2437 3528; x_wconf 88' lang='grc'><strong>16</strong></span> <span class='ocrx_word' id='word_1_265' title='bbox 2472 3474 2562 3529; x_wconf 75' lang='lat' dir='ltr'><strong>Ea.</strong></span> <span class='ocrx_word' id='word_1_266' title='bbox 2597 3475 2683 3539; x_wconf 83' lang='lat'><strong>44,</strong></span> <span class='ocrx_word' id='word_1_267' title='bbox 2722 3474 2803 3528; x_wconf 89' lang='grc'><strong>10.</strong></span> <span class='ocrx_word' id='word_1_268' title='bbox 2840 3474 2925 3527; x_wconf 84' lang='grc'><strong>13.</strong></span> 
     </span>
     <span class='ocr_line' id='line_1_29' title="bbox 672 3560 2425 3626; baseline -0.003 -11"><span class='ocrx_word' id='word_1_269' title='bbox 672 3560 742 3615; x_wconf 90' lang='grc'><strong>22</strong></span> <span class='ocrx_word' id='word_1_270' title='bbox 775 3560 843 3615; x_wconf 87' lang='lat' dir='ltr'><strong>cf.</strong></span> <span class='ocrx_word' id='word_1_271' title='bbox 881 3561 1078 3615; x_wconf 84' lang='lat' dir='ltr'><strong>Matth.</strong></span> <span class='ocrx_word' id='word_1_272' title='bbox 1121 3560 1200 3624; x_wconf 88' lang='grc'><strong>13,</strong></span> <span class='ocrx_word' id='word_1_273' title='bbox 1239 3560 1319 3615; x_wconf 89' lang='grc'><strong>14.</strong></span> <span class='ocrx_word' id='word_1_274' title='bbox 1524 3560 1594 3615; x_wconf 89' lang='grc'><strong>24</strong></span> <span class='ocrx_word' id='word_1_275' title='bbox 1628 3560 1716 3614; x_wconf 86' lang='lat' dir='ltr'><strong>Es.</strong></span> <span class='ocrx_word' id='word_1_276' title='bbox 1752 3560 1838 3626; x_wconf 84' lang='grc'><strong>42,</strong></span> <span class='ocrx_word' id='word_1_277' title='bbox 1875 3561 1955 3615; x_wconf 88' lang='grc'><strong>19.</strong></span> <span class='ocrx_word' id='word_1_278' title='bbox 2420 3604 2425 3609; x_wconf 83' lang='grc'><strong><em>,</em></strong></span> 
     </span>
    </p>
   </div>
   <div class='ocr_carea' id='block_1_4' title="bbox 675 3748 2929 4079">
    <p class='ocr_par' dir='ltr' id='par_1_5' title="bbox 675 3748 2929 4079">
     <span class='ocr_line' id='line_1_30' title="bbox 811 3748 2863 3821; baseline -0.001 -17"><span class='ocrx_word' id='word_1_279' title='bbox 811 3751 842 3804; x_wconf 93' lang='grc'><strong>1</strong></span> <span class='ocrx_word' id='word_1_280' title='bbox 879 3750 1196 3804; x_wconf 84' lang='lat' dir='ltr'><strong>antecristos</strong></span> <span class='ocrx_word' id='word_1_281' title='bbox 1233 3748 1294 3802; x_wconf 88' lang='lat' dir='ltr'><strong><em>K</em></strong></span> <span class='ocrx_word' id='word_1_282' title='bbox 1453 3750 1494 3821; x_wconf 51' lang='grc'><strong>2,</strong></span> <span class='ocrx_word' id='word_1_283' title='bbox 1520 3749 1715 3819; x_wconf 61' lang='lat' dir='ltr'><strong>paz-leis</strong></span> <span class='ocrx_word' id='word_1_284' title='bbox 1753 3750 1974 3803; x_wconf 86' lang='lat' dir='ltr'><strong>simulat</strong></span> <span class='ocrx_word' id='word_1_285' title='bbox 2010 3749 2076 3803; x_wconf 97' lang='lat' dir='ltr'><strong>K</strong></span> <span class='ocrx_word' id='word_1_286' title='bbox 2104 3750 2125 3803; x_wconf 94' lang='lat' dir='ltr'><strong>l</strong></span> <span class='ocrx_word' id='word_1_287' title='bbox 2162 3763 2299 3804; x_wconf 70' lang='lat' dir='ltr'><strong>erae.</strong></span> <span class='ocrx_word' id='word_1_288' title='bbox 2455 3750 2491 3803; x_wconf 83' lang='lat'>4</span> <span class='ocrx_word' id='word_1_289' title='bbox 2522 3749 2762 3802; x_wconf 87' lang='lat' dir='ltr'><strong>hostium</strong></span> <span class='ocrx_word' id='word_1_290' title='bbox 2798 3748 2863 3802; x_wconf 93' lang='lat' dir='ltr'><strong>K</strong></span> 
     </span>
     <span class='ocr_line' id='line_1_31' title="bbox 675 3834 2928 3905; baseline -0.003 -12"><span class='ocrx_word' id='word_1_291' title='bbox 675 3838 857 3893; x_wconf 87' lang='lat' dir='ltr'><strong>chorte</strong></span> <span class='ocrx_word' id='word_1_292' title='bbox 880 3837 955 3901; x_wconf 90' lang='lat' dir='ltr'><strong>K,</strong></span> <span class='ocrx_word' id='word_1_293' title='bbox 978 3836 1118 3891; x_wconf 86' lang='lat' dir='ltr'><strong>ouile</strong></span> <span class='ocrx_word' id='word_1_294' title='bbox 1143 3835 1244 3889; x_wconf 81' lang='lat' dir='ltr'><strong>Er.</strong></span> <span class='ocrx_word' id='word_1_295' title='bbox 1268 3852 1302 3891; x_wconf 82' lang='grc' dir='ltr'><strong><em>υ</em></strong></span> <span class='ocrx_word' id='word_1_296' title='bbox 1404 3836 1437 3889; x_wconf 93' lang='grc'><strong>6</strong></span> <span class='ocrx_word' id='word_1_297' title='bbox 1461 3850 1639 3890; x_wconf 90' lang='lat' dir='ltr'><strong>omnes</strong></span> <span class='ocrx_word' id='word_1_298' title='bbox 1662 3836 1757 3905; x_wconf 86' lang='lat' dir='ltr'><strong>qui</strong></span> <span class='ocrx_word' id='word_1_299' title='bbox 1780 3836 1846 3891; x_wconf 88' lang='lat' dir='ltr'><strong><em>K</em></strong></span> <span class='ocrx_word' id='word_1_300' title='bbox 1862 3852 1906 3890; x_wconf 79' lang='lat' dir='ltr'><strong>s.</strong></span> <span class='ocrx_word' id='word_1_301' title='bbox 1932 3836 1968 3891; x_wconf 80' lang='lat' dir='ltr'><strong>l.</strong></span> <span class='ocrx_word' id='word_1_302' title='bbox 1994 3852 2063 3890; x_wconf 87' lang='lat' dir='ltr'><strong>m.</strong></span> <span class='ocrx_word' id='word_1_303' title='bbox 2088 3837 2130 3889; x_wconf 78' lang='lat'><em>2</em></span> <span class='ocrx_word' id='word_1_304' title='bbox 2233 3836 2265 3889; x_wconf 82' lang='lat'>7</span> <span class='ocrx_word' id='word_1_305' title='bbox 2287 3835 2412 3904; x_wconf 83' lang='lat' dir='ltr'><strong>nisi]</strong></span> <span class='ocrx_word' id='word_1_306' title='bbox 2437 3850 2545 3888; x_wconf 92' lang='lat' dir='ltr'><strong>non</strong></span> <span class='ocrx_word' id='word_1_307' title='bbox 2568 3834 2672 3888; x_wconf 81' lang='lat' dir='ltr'><strong>Er.</strong></span> <span class='ocrx_word' id='word_1_308' title='bbox 2748 3836 2928 3887; x_wconf 87' lang='lat' dir='ltr'><strong>trans-</strong></span> 
     </span>
     <span class='ocr_line' id='line_1_32' title="bbox 676 3922 2857 3993; baseline -0.001 -15"><span class='ocrx_word' id='word_1_309' title='bbox 676 3924 955 3993; x_wconf 80' lang='lat' dir='ltr'><strong>gressores]</strong></span> <span class='ocrx_word' id='word_1_310' title='bbox 991 3922 1284 3978; x_wconf 83' lang='lat' dir='ltr'><strong>desertores</strong></span> <span class='ocrx_word' id='word_1_311' title='bbox 1319 3923 1385 3977; x_wconf 97' lang='lat' dir='ltr'><strong>K</strong></span> <span class='ocrx_word' id='word_1_312' title='bbox 1515 3924 1584 3979; x_wconf 85' lang='lat'><strong>10</strong></span> <span class='ocrx_word' id='word_1_313' title='bbox 1618 3924 2001 3993; x_wconf 82' lang='lat' dir='ltr'><strong>cogitationem</strong></span> <span class='ocrx_word' id='word_1_314' title='bbox 2038 3922 2113 3987; x_wconf 88' lang='lat' dir='ltr'><strong>K,</strong></span> <span class='ocrx_word' id='word_1_315' title='bbox 2149 3924 2548 3977; x_wconf 85' lang='lat' dir='ltr'><strong>conuentionem</strong></span> <span class='ocrx_word' id='word_1_316' title='bbox 2571 3922 2857 3976; x_wconf 71' lang='lat' dir='ltr'><strong>Pamelius</strong></span> 
     </span>
     <span class='ocr_line' id='line_1_33' title="bbox 677 4007 2929 4079; baseline -0.001 -14"><span class='ocrx_word' id='word_1_317' title='bbox 677 4009 744 4065; x_wconf 89' lang='grc'><strong>12</strong></span> <span class='ocrx_word' id='word_1_318' title='bbox 767 4010 880 4079; x_wconf 86' lang='lat' dir='ltr'><strong>isti]</strong></span> <span class='ocrx_word' id='word_1_319' title='bbox 905 4010 1036 4063; x_wconf 87' lang='lat' dir='ltr'><strong>iusti</strong></span> <span class='ocrx_word' id='word_1_320' title='bbox 1061 4009 1126 4063; x_wconf 92' lang='lat' dir='ltr'><strong>K</strong></span> <span class='ocrx_word' id='word_1_321' title='bbox 1255 4008 1621 4065; x_wconf 82' lang='lat' dir='ltr'><strong>infelicissime</strong></span> <span class='ocrx_word' id='word_1_322' title='bbox 1650 4011 1924 4066; x_wconf 65' lang='lat' dir='ltr'><strong>(leoterius</strong></span> <span class='ocrx_word' id='word_1_323' title='bbox 2064 4009 2131 4063; x_wconf 84' lang='lat'><strong>13</strong></span> <span class='ocrx_word' id='word_1_324' title='bbox 2151 4009 2486 4079; x_wconf 87' lang='lat' dir='ltr'><strong>proruperint</strong></span> <span class='ocrx_word' id='word_1_325' title='bbox 2509 4008 2573 4062; x_wconf 88' lang='lat' dir='ltr'><strong><em>K</em></strong></span> <span class='ocrx_word' id='word_1_326' title='bbox 2707 4007 2775 4063; x_wconf 84' lang='lat'><strong>15</strong></span> <span class='ocrx_word' id='word_1_327' title='bbox 2797 4008 2929 4063; x_wconf 85' lang='lat' dir='ltr'><strong>dum</strong></span> 
     </span>
    </p>
   </div>
   <div class='ocr_carea' id='block_1_5' title="bbox 675 4094 2933 4339">
    <p class='ocr_par' dir='ltr' id='par_1_6' title="bbox 675 4094 2933 4339">
     <span class='ocr_line' id='line_1_34' title="bbox 675 4094 2933 4167; baseline -0.001 -16"><span class='ocrx_word' id='word_1_328' title='bbox 675 4096 752 4162; x_wconf 90' lang='lat' dir='ltr'><strong>K,</strong></span> <span class='ocrx_word' id='word_1_329' title='bbox 788 4098 965 4151; x_wconf 81' lang='lat' dir='ltr'><strong>autem</strong></span> <span class='ocrx_word' id='word_1_330' title='bbox 1000 4112 1035 4151; x_wconf 84' lang='lat' dir='ltr'><strong><em>v</em></strong></span> <span class='ocrx_word' id='word_1_331' title='bbox 1262 4097 1333 4153; x_wconf 89' lang='lat'><strong>16</strong></span> <span class='ocrx_word' id='word_1_332' title='bbox 1367 4099 1719 4167; x_wconf 85' lang='lat' dir='ltr'><strong>aspernantur</strong></span> <span class='ocrx_word' id='word_1_333' title='bbox 1753 4097 1855 4165; x_wconf 90' lang='lat' dir='ltr'><strong>me]</strong></span> <span class='ocrx_word' id='word_1_334' title='bbox 1892 4110 1985 4165; x_wconf 83' lang='lat' dir='ltr'><strong>per</strong></span> <span class='ocrx_word' id='word_1_335' title='bbox 2019 4110 2129 4148; x_wconf 91' lang='lat' dir='ltr'><strong>non</strong></span> <span class='ocrx_word' id='word_1_336' title='bbox 2162 4098 2219 4149; x_wconf 85' lang='lat' dir='ltr'><strong>te</strong></span> <span class='ocrx_word' id='word_1_337' title='bbox 2254 4095 2323 4149; x_wconf 90' lang='lat' dir='ltr'><strong>ad</strong></span> <span class='ocrx_word' id='word_1_338' title='bbox 2354 4110 2441 4148; x_wconf 90' lang='lat' dir='ltr'><strong>me</strong></span> <span class='ocrx_word' id='word_1_339' title='bbox 2476 4094 2543 4148; x_wconf 91' lang='lat' dir='ltr'><strong><em>K</em></strong></span> <span class='ocrx_word' id='word_1_340' title='bbox 2764 4111 2933 4150; x_wconf 85' lang='lat' dir='ltr'><strong>sacn-</strong></span> 
     </span>
     <span class='ocr_line' id='line_1_35' title="bbox 675 4180 2797 4253; baseline -0.001 -16"><span class='ocrx_word' id='word_1_341' title='bbox 675 4182 828 4239; x_wconf 90' lang='lat' dir='ltr'><strong>ficem</strong></span> <span class='ocrx_word' id='word_1_342' title='bbox 864 4182 929 4236; x_wconf 93' lang='lat' dir='ltr'><strong><em>K</em></strong></span> <span class='ocrx_word' id='word_1_343' title='bbox 1151 4184 1217 4239; x_wconf 87' lang='lat'><strong>19</strong></span> <span class='ocrx_word' id='word_1_344' title='bbox 1251 4183 1549 4253; x_wconf 81' lang='lat' dir='ltr'><strong>ignominia</strong></span> <span class='ocrx_word' id='word_1_345' title='bbox 1583 4199 1681 4238; x_wconf 85' lang='lat' dir='ltr'><strong>sua</strong></span> <span class='ocrx_word' id='word_1_346' title='bbox 1716 4182 1782 4237; x_wconf 97' lang='lat' dir='ltr'><strong><em>K</em></strong></span> <span class='ocrx_word' id='word_1_347' title='bbox 2013 4182 2082 4237; x_wconf 88' lang='grc'><strong>20</strong></span> <span class='ocrx_word' id='word_1_348' title='bbox 2118 4181 2389 4250; x_wconf 85' lang='lat' dir='ltr'><strong>quidnam]</strong></span> <span class='ocrx_word' id='word_1_349' title='bbox 2427 4180 2555 4250; x_wconf 89' lang='lat' dir='ltr'><strong>quid</strong></span> <span class='ocrx_word' id='word_1_350' title='bbox 2588 4196 2694 4236; x_wconf 91' lang='lat' dir='ltr'><strong>non</strong></span> <span class='ocrx_word' id='word_1_351' title='bbox 2730 4182 2797 4235; x_wconf 90' lang='lat' dir='ltr'><strong>K</strong></span> 
     </span>
     <span class='ocr_line' id='line_1_36' title="bbox 675 4266 2931 4339; baseline -0.002 -14"><span class='ocrx_word' id='word_1_352' title='bbox 675 4270 745 4325; x_wconf 93' lang='grc'><strong>21</strong></span> <span class='ocrx_word' id='word_1_353' title='bbox 779 4270 959 4338; x_wconf 83' lang='lat' dir='ltr'><strong>palam</strong></span> <span class='ocrx_word' id='word_1_354' title='bbox 993 4270 1208 4338; x_wconf 77' lang='lat' dir='ltr'><strong>scripsi,</strong></span> <span class='ocrx_word' id='word_1_355' title='bbox 1241 4286 1426 4339; x_wconf 88' lang='lat' dir='ltr'><strong>param</strong></span> <span class='ocrx_word' id='word_1_356' title='bbox 1461 4270 1534 4335; x_wconf 89' lang='lat' dir='ltr'><strong><em>K,</em></strong></span> <span class='ocrx_word' id='word_1_357' title='bbox 1570 4284 1761 4339; x_wconf 86' lang='lat' dir='ltr'><strong>parum</strong></span> <span class='ocrx_word' id='word_1_358' title='bbox 1794 4284 1829 4322; x_wconf 82' lang='grc' dir='ltr'><strong><em>υ</em></strong></span> <span class='ocrx_word' id='word_1_359' title='bbox 1988 4267 2203 4322; x_wconf 84' lang='lat' dir='ltr'><strong>etiamsi</strong></span> <span class='ocrx_word' id='word_1_360' title='bbox 2237 4267 2312 4332; x_wconf 90' lang='lat' dir='ltr'><strong><em>K,</em></strong></span> <span class='ocrx_word' id='word_1_361' title='bbox 2348 4266 2395 4319; x_wconf 71' lang='lat' dir='ltr'><strong>ni</strong></span> <span class='ocrx_word' id='word_1_362' title='bbox 2430 4282 2463 4321; x_wconf 83' lang='lat' dir='ltr'><strong><em>v</em></strong></span> <span class='ocrx_word' id='word_1_363' title='bbox 2654 4268 2723 4321; x_wconf 88' lang='grc'><strong>22</strong></span> <span class='ocrx_word' id='word_1_364' title='bbox 2760 4267 2931 4321; x_wconf 81' lang='lat' dir='ltr'><strong>inter-</strong></span> 
     </span>
    </p>
   </div>
   <div class='ocr_carea' id='block_1_6' title="bbox 672 4353 2937 4509">
    <p class='ocr_par' dir='ltr' id='par_1_7' title="bbox 672 4353 2937 4509">
     <span class='ocr_line' id='line_1_37' title="bbox 672 4353 2937 4425; baseline -0 -16"><span class='ocrx_word' id='word_1_365' title='bbox 672 4353 948 4425; x_wconf 82' lang='lat' dir='ltr'><strong>poliantur</strong></span> <span class='ocrx_word' id='word_1_366' title='bbox 975 4355 1041 4409; x_wconf 89' lang='lat' dir='ltr'><strong><em>K</em></strong></span> <span class='ocrx_word' id='word_1_367' title='bbox 1055 4356 1187 4421; x_wconf 63' lang='lat' dir='ltr'><strong>Em</strong></span> <span class='ocrx_word' id='word_1_368' title='bbox 1211 4356 1338 4423; x_wconf 77' lang='lat' dir='ltr'><strong>fort.</strong></span> <span class='ocrx_word' id='word_1_369' title='bbox 1365 4356 1645 4425; x_wconf 86' lang='lat' dir='ltr'><strong>poliuntur</strong></span> <span class='ocrx_word' id='word_1_370' title='bbox 1668 4356 1841 4408; x_wconf 89' lang='lat' dir='ltr'><strong>sinon</strong></span> <span class='ocrx_word' id='word_1_371' title='bbox 1866 4354 2281 4423; x_wconf 87' lang='lat' dir='ltr'><strong>interpoliantur</strong></span> <span class='ocrx_word' id='word_1_372' title='bbox 2486 4356 2661 4408; x_wconf 86' lang='lat' dir='ltr'><strong>uestre</strong></span> <span class='ocrx_word' id='word_1_373' title='bbox 2686 4369 2757 4408; x_wconf 78' lang='lat' dir='ltr'><strong>ex</strong></span> <span class='ocrx_word' id='word_1_374' title='bbox 2778 4356 2937 4408; x_wconf 84' lang='lat' dir='ltr'><strong>ueste</strong></span> 
     </span>
     <span class='ocr_line' id='line_1_38' title="bbox 675 4438 2866 4509; baseline -0.002 -12"><span class='ocrx_word' id='word_1_375' title='bbox 675 4441 743 4497; x_wconf 91' lang='lat' dir='ltr'><strong>K</strong></span> <span class='ocrx_word' id='word_1_376' title='bbox 754 4457 822 4496; x_wconf 86' lang='lat' dir='ltr'><strong>m.</strong></span> <span class='ocrx_word' id='word_1_377' title='bbox 841 4446 880 4497; x_wconf 82' lang='lat'><strong><em>2</em></strong></span> <span class='ocrx_word' id='word_1_378' title='bbox 1019 4441 1088 4496; x_wconf 88' lang='grc'><strong>24</strong></span> <span class='ocrx_word' id='word_1_379' title='bbox 1111 4442 1362 4498; x_wconf 83' lang='lat' dir='ltr'><strong>exceciati</strong></span> <span class='ocrx_word' id='word_1_380' title='bbox 1381 4442 1445 4496; x_wconf 93' lang='lat' dir='ltr'><strong>K</strong></span> <span class='ocrx_word' id='word_1_381' title='bbox 1577 4442 1648 4495; x_wconf 83' lang='lat'><strong>25</strong></span> <span class='ocrx_word' id='word_1_382' title='bbox 1671 4441 2106 4496; x_wconf 83' lang='lat' dir='ltr'><strong>schimaticorum</strong></span> <span class='ocrx_word' id='word_1_383' title='bbox 2124 4440 2189 4494; x_wconf 93' lang='lat' dir='ltr'><strong>K</strong></span> <span class='ocrx_word' id='word_1_384' title='bbox 2204 4444 2269 4494; x_wconf 76' lang='lat' dir='ltr'><strong>ut</strong></span> <span class='ocrx_word' id='word_1_385' title='bbox 2283 4440 2416 4495; x_wconf 78' lang='lat' dir='ltr'><strong>solet</strong></span> <span class='ocrx_word' id='word_1_386' title='bbox 2554 4440 2639 4494; x_wconf 86' lang='lat' dir='ltr'><strong>dei</strong></span> <span class='ocrx_word' id='word_1_387' title='bbox 2662 4439 2781 4509; x_wconf 83' lang='lat' dir='ltr'><strong>lege</strong></span> <span class='ocrx_word' id='word_1_388' title='bbox 2800 4438 2866 4492; x_wconf 93' lang='lat' dir='ltr'><strong>K</strong></span> 
     </span>
    </p>
   </div>
   <div class='ocr_carea' id='block_1_7' title="bbox 3176 2115 3184 5092">
    <p class='ocr_par' dir='ltr' id='par_1_8' title="bbox 3176 2115 3184 5092">
     <span class='ocr_line' id='line_1_39' title="bbox 3176 2115 3184 5092; baseline 0 0"><span class='ocrx_word' id='word_1_389' title='bbox 3176 2115 3184 5092; x_wconf 95' lang='lat' dir='ltr'><strong> </strong></span> 
     </span>
    </p>
   </div>
  </div>
 </body>
</html>
