3217 5150
740 573 859 619 LIV

1208 708 1365 762 lectio
1400 725 1541 762 uera.

840 837 889 888 p.
920 824 1106 884 609,18
1140 821 1515 886 adfirmarunt

842 931 889 984 p.
919 919 1071 977 678,9
1142 922 1467 982 cooptarunt

842 1027 888 1079 p.
919 1015 1070 1076 684,3
1140 1025 1319 1076 nuper
1396 1010 1677 1078 yrauitate
1751 1009 1906 1064 dam-

1137 1109 1349 1158 narunt

842 1215 888 1266 p.
917 1203 1069 1261 505,1
1140 1215 1261 1251 cum
1288 1239 1300 1251 .
1323 1240 1333 1250 .
1358 1240 1368 1249 .
1399 1203 1609 1266 oportet

842 1309 889 1361 p.
918 1297 1069 1354 668,9
1140 1309 1261 1346 cum
1295 1292 1427 1345 deus
1460 1292 1615 1345 tradi
1639 1293 1912 1360 permittit

840 1403 888 1455 p.
916 1391 1104 1448 582,ιό
1141 1387 1321 1441 decem
1344 1403 1541 1442 nouem
1568 1385 1685 1440 dies

841 1497 889 1549 p.
916 1485 1104 1545 678,18
1138 1482 1347 1550 uiqinti
1368 1482 1611 1550 quinque

838 1593 889 1646 p.
916 1581 1103 1640 493‚10
1138 1577 1369 1630 hostiam
1391 1593 1446 1630 se
1476 1616 1487 1626 .
1512 1618 1522 1629 .
1546 1620 1555 1627 .
1582 1577 1840 1642 futurum

840 1688 889 1739 p.
916 1674 1069 1734 546‚7
1140 1671 1323 1724 docete
1364 1677 1549 1740 yentes
1584 1687 1766 1724 omnes
1801 1671 1912 1724 tin-

1134 1771 1355 1836 9uentes
1380 1782 1468 1818 eos

840 1875 888 1926 p.
917 1863 1068 1923 495‚6
1140 1860 1421 1928 accipiant
1456 1877 1687 1914 coronas
1721 1861 1810 1915 uel
1843 1861 1910 1914 de

1140 1971 1301 2021 opere
1329 1955 1593 2009 candidas

842 2063 891 2116 p.
920 2053 1073 2111 653,4
1140 2049 1341 2112 faciem
1372 2049 1714 2118 sinyulorum
1749 2047 1908 2102 uide·

1142 2159 1261 2196 mus

844 2252 890 2304 p.
921 2240 1073 2300 693,ss
1143 2253 1264 2290 cum
1320 2235 1560 2290 occidere
1606 2237 1915 2291 innocenti-

1137 2331 1234 2384 bus
1260 2347 1358 2384 nec
1385 2336 1659 2384 nocentem
1684 2331 1843 2385 liceat

846 2441 891 2494 p.
921 2427 1104 2490 578,11
1143 2427 1509 2493 spectaculum
1566 2425 1666 2478 deo
1715 2425 1913 2480 uestris

1137 2521 1438 2574 uirtutibus
1465 2519 1728 2574 exhibetis

842 2632 889 2684 p.
916 2620 1071 2679 492,3
1108 2617 1315 2683 accepit
1354 2630 1611 2669 coronam
1651 2616 1740 2668 dei
1781 2630 1910 2670 eon-

1134 2712 1491 2764 summatione
1512 2711 1746 2764 uirtutis

838 2823 888 2876 p.
916 2810 1104 2870 505,2o
1138 2805 1403 2875 quamdiu
1443 2806 1505 2858 in
1544 2805 1654 2858 uiis
1701 2804 1909 2858 domini

1140 2917 1252 2953 non
1263 2900 1706 2967 ambulauerunt‚
1725 2901 1911 2955 datam

1135 2993 1242 3049 sibi
1284 2996 1521 3065 qratiam
1567 3000 1754 3048 tenere
1799 3010 1912 3048 non

1142 3095 1441 3157 potuerunt

842 3201 891 3254 p.
922 3188 1108 3247 600,23
1138 3184 1510 3251 ponderantes
1574 3182 1716 3251 quod
1748 3224 1759 3235 .
1782 3223 1794 3235 .
1817 3223 1828 3234 .
1864 3188 1916 3236 et

1136 3278 1241 3347 lem?
1262 3278 1455 3332 debeat
1478 3284 1529 3332 et
1552 3277 1746 3331 audiri

841 3392 892 3443 p.
922 3378 1105 3437 764,22
1140 3373 1191 3426 si
1242 3374 1447 3441 scorpii
1479 3412 1491 3425 .
1514 3414 1525 3426 .
1546 3412 1559 3426 .
1592 3374 1670 3425 in·
1711 3388 1912 3440 aquam

1130 3469 1490 3537 praecipitati
1578 3468 1910 3535 praeualere

1136 3570 1365 3633 possunt
1410 3602 1422 3613 .
1445 3601 1455 3611 .
1480 3602 1491 3614 .
1514 3603 1531 3629 ,
1560 3567 1796 3631 possunt
1857 3567 1910 3614 et

1136 3658 1363 3726 spiritus
1412 3674 1640 3724 nequam
1780 3670 1912 3723 per-

1138 3766 1359 3805 manere
1397 3751 1546 3804 ultra
1586 3751 1650 3804 in
1683 3750 1914 3805 hominis

1142 3860 1367 3913 corpore

2207 708 2366 760 lectio
2399 707 2640 762 codicum
2677 707 2798 763 CR.

2111 819 2550 886 adfirmauerunt

2109 921 2502 984 cooptauerunt

2099 1011 2374 1080 9rauitate
2461 1026 2646 1080 nuper
2733 1010 2918 1065 dam-—

2115 1109 2390 1156 nauerunt

2095 1202 2227 1251 'cum
2255 1239 2266 1248 .
2287 1237 2302 1249 .
2323 1237 2334 1249 .
2363 1203 2608 1266 oporteat

2111 1309 2232 1345 cum
2266 1291 2399 1345 deus
2435 1292 2586 1347 tradi
2601 1293 2920 1360 permittat

2111 1385 2291 1440 decem
2317 1392 2366 1440 et
2391 1403 2588 1440 nouem
2612 1387 2736 1442 dies

2105 1480 2309 1548 uiginti
2331 1486 2382 1535 et
2405 1483 2652 1550 quinque

2107 1575 2342 1630 hostiam
2361 1591 2418 1628 se
2443 1613 2458 1628 .
2481 1615 2492 1627 .
2513 1616 2526 1629 .
2553 1577 2828 1641 futuram

2111 1669 2295 1723 docete
2334 1676 2513 1740 yentes
2558 1685 2748 1724 omnes
2789 1672 2918 1724 tin-

2111 1771 2335 1834 9uentes
2361 1781 2451 1818 eas

2105 1862 2382 1928 accipiant
2423 1875 2654 1914 coronas
2695 1861 2800 1915 uel
2838 1863 2918 1918 de

2113 1955 2366 2023 operibus
2389 1955 2661 2009 candidas

2105 2049 2280 2113 facies
2335 2049 2678 2119 sinyulorum
2729 2052 2916 2106 uide-

2112 2159 2232 2196 mus

2113 2253 2236 2292 cum
2285 2237 2530 2292 occidere
2581 2241 2914 2296 innocenti·
2945 2256 2952 2267 ·

2114 2334 2214 2388 bus
2241 2349 2338 2387 nec
2363 2339 2620 2387 nocentes
2643 2334 2815 2389 liceat

2108 2428 2478 2494 spectaculum
2497 2427 2596 2481 deo
2609 2428 2678 2481 de
2693 2431 2912 2484 uestris

2111 2522 2413 2577 uirtutibus
2437 2523 2697 2577 exhibetis

2107 2619 2318 2685 accepit
2367 2634 2619 2672 coronam
2655 2618 2726 2672 de
2762 2636 2904 2673 con·

2111 2714 2472 2767 summatione
2497 2714 2728 2767 uirtutis

2100 2822 2264 2875 quam
2301 2808 2402 2861 diu
2435 2809 2500 2861 in
2535 2808 2646 2861 uiis
2683 2806 2906 2861 domini

2104 2900 2551 2971 ambulauerunt,
2576 2902 2768 2958 datam
2789 2903 2904 2957 sibi

2106 2996 2348 3065 qratiam
2381 3002 2564 3049 tenere
2581 3003 2900 3065 potuerunt

2106 3184 2478 3252 ponderantes
2505 3184 2652 3253 quod
2680 3225 2690 3235 .
2714 3224 2724 3233 .
2747 3226 2759 3235 .
2790 3202 2900 3240 nec

2109 3278 2211 3349 leqi
2233 3278 2464 3333 debeant
2489 3294 2588 3333 nec
2610 3278 2806 3333 audiri

2103 3373 2154 3427 si
2208 3374 2527 3440 scorpii
2561 3374 2625 3425 in
2687 3390 2898 3441 aquam

2099 3468 2464 3535 praecipitati
2557 3468 2895 3535 praeualere

2103 3576 2216 3615 non
2261 3567 2496 3629 possunt
2529 3599 2649 3628 ...‚
2702 3562 2784 3617 sic
2837 3569 2896 3616 et

2107 3656 2338 3723 spiritus
2389 3672 2728 3723 nequam...
2751 3673 2893 3724 per·

2113 3766 2334 3803 manere
2355 3750 2507 3804 ultra
2529 3766 2641 3803 non
2657 3756 2896 3817 possunt

2111 3844 2175 3897 in
2197 3844 2430 3898 hominis
2452 3858 2674 3911 corpore
2697 3842 2802 3911 (C).

755 4014 946 4080 uerba
987 4011 1299 4095 simplicia
1341 4013 1410 4074 ut
1437 4010 1503 4075 in
1534 4009 1590 4073 V
1621 4010 1714 4074 ita
1742 4011 1810 4075 in
1839 4008 1942 4075 CR
1971 4010 2330 4093 compositis
2359 3998 2794 4093 permutantur
2822 4011 3012 4077 uelut

742 4125 975 4209 494‚17
1008 4126 1459 4205 peruenerunt,
1500 4122 1693 4201 510‚4
1732 4120 2052 4202 delimare,
2097 4121 2328 4200 597‚11
2361 4120 2729 4203 referebant,
2757 4122 3008 4201 678‚11

743 4253 1109 4319 coynoscere,
1150 4234 1385 4313 680‚23
1416 4232 1896 4313 praecluditur;
1935 4233 2046 4297 ubi
2089 4232 2466 4297 contrarium
2507 4232 2774 4296 occurrit
2803 4233 3012 4298 inter-

742 4346 1075 4432 polationis
1116 4346 1382 4427 suspicio
1424 4362 1544 4409 non
1588 4345 1765 4409 abest
1804 4344 1980 4410 uelut
2020 4344 2258 4425 599‚15
2301 4343 2655 4407 niterentur
2685 4347 3018 4424 qua-ntum
