3217 5150
587 535 630 600 8
1539 531 1915 602 Appendix.

583 693 774 753 totum
801 692 1045 780 otiosum
1073 691 1384 767 negotium,
1426 693 1595 753 immo
1627 710 1798 767 quam
1836 693 2085 769 turpiter
2120 695 2559 769 ignominiosum
2572 700 2601 756 ἰ’
2656 697 2831 770 hunc,

584 795 836 870 inquam,
865 796 1188 856 memoriter
1207 797 1388 856 totam
1409 796 1604 870 equini
1633 797 1859 871 generis
1888 796 2137 858 sobolem
2166 801 2587 873 computantem
2617 802 2676 859 et
2704 800 2833 860 sine

581 899 801 958 offensa
828 900 980 958 hunc
1007 900 1194 959 locum
1223 915 1430 973 magna
1471 899 1777 960 uelocitate
1814 899 2157 960 referentem
2174 930 2215 974 ,ι
2240 905 2505 975 parentes
2546 903 2762 963 Christi
2796 903 2855 962 si

583 1019 870 1076 perroges‚
913 1003 1116 1074 nescit,
1161 1003 1263 1061 aut
1302 1002 1583 1063 infelicior
1628 1003 1680 1062 si
1720 1002 1849 1064 scit.
1894 1020 2063 1077 quem
2092 1003 2146 1062 si
2174 1021 2372 1064 rursus
2398 1021 2695 1080 perrogem
2724 1022 2841 1080 quo

585 1107 657 1164 ad
695 1105 841 1164 illud
881 1105 1267 1179 spectaculum
1294 1104 1498 1164 itinere
1541 1105 1882 1179 peruenerit,
1913 1081 2278 1166 confitebitur
2304 1124 2406 1182 per
2444 1108 2829 1182 lupanarium,
2849 1123 2881 1164 ε

585 1225 687 1282 per
726 1209 1160 1282 prostitutarum
1203 1208 1357 1268 nuda
1399 1225 1651 1282 corpora,
1680 1224 1783 1282 per
1810 1207 2087 1268 lubricam
2117 1209 2432 1283 libidinem,
2461 1227 2563 1284 per
2592 1211 2839 1293 dedecus

585 1309 895 1385 publicum,
945 1329 1050 1385 per
1099 1312 1395 1386 uulgarem
1437 1311 1757 1384 lasciuiam,
1809 1328 1910 1385 per
1958 1329 2307 1372 communem
2344 1313 2595 1372 omnium
2635 1314 2842 1373 contu-

582 1414 828 1476 meliam.
875 1414 968 1475 cui
995 1416 1062 1474 ut
1090 1431 1206 1474 non
1235 1414 1478 1476 obiciam
1506 1415 1657 1489 quod
1684 1413 1929 1474 fortasse
1957 1414 2257 1488 commisit,
2290 1415 2437 1474 uidit
2464 1418 2659 1476 tamen
2686 1415 2843 1490 quod

578 1518 1046 1579 committendum
1095 1536 1210 1578 non
1261 1517 1374 1577 fuit
1427 1519 1486 1577 et
1540 1517 1735 1577 oculos
1786 1519 1859 1578 ad
1905 1517 2261 1578 idololatriae
2302 1519 2688 1593 spectaculum
2731 1535 2837 1593 per

582 1621 880 1682 libibinem
908 1622 1098 1680 duxit:
1121 1638 1304 1708 ,ausus
1333 1637 1522 1680 secum
1551 1623 1812 1680 sanctum
1838 1620 1901 1681 iu
1927 1621 2169 1695 lupanar
2189 1622 2412 1695 ducere,
2442 1622 2493 1682 si
2522 1623 2825 1697 potuisset,
2846 1641 2905 1683 ιο

581 1725 684 1799 qui
725 1725 1008 1785 festinans
1047 1724 1122 1783 ad
1161 1723 1550 1798 spectaculum
1597 1724 1871 1784 dimissus
1911 1741 1942 1783 e
1988 1723 2265 1784 dominico
2306 1726 2367 1784 et
2404 1725 2593 1784 adhuc
2635 1741 2843 1799 gerens

584 1844 776 1888 secum
824 1830 892 1886 ut
941 1827 1152 1886 assolet
1201 1827 1604 1886 eucharistiam
1669 1827 1821 1888 inter
1870 1844 2105 1902 corpora
2152 1827 2431 1888 obscoena
2476 1829 2843 1888 meretricum

585 1929 801 1990 Christi
851 1932 1114 1990 sanctum
1163 1946 1366 2004 corpus
1417 1929 1666 1990 infidelis
1719 1931 1832 1990 iste
1872 1930 2226 1990 circumtulit
2274 1927 2408 2005 plus
2458 1931 2843 1994 damnationis

597 2033 834 2094 meritus
863 2034 932 2093 de
959 2034 1164 2093 itinere
1193 2051 1364 2108 quam
1392 2034 1462 2092 de
1492 2032 1802 2108 spectaculi
1829 2033 2145 2108 uoluptate.

525 2143 568 2202 6
681 2138 792 2197 Sed
847 2139 914 2196 ut
970 2137 1043 2196 ad
1116 2153 1315 2197 scenae
1369 2137 1484 2196 iam
1544 2135 1695 2197 sales
1762 2137 2169 2198 inuerecuudos
2240 2137 2549 2196 transitum
2620 2136 2849 2212 faciam,
2868 2159 2925 2201 u

584 2240 760 2314 pudet
825 2239 1033 2300 referre
1092 2257 1238 2314 quae
1295 2240 1566 2300 dicuntur
1582 2284 1598 2312 ,
1670 2240 1845 2313 pudet
1904 2240 2075 2300 etiam
2132 2256 2398 2301 accusare
2456 2255 2601 2314 quae
2660 2240 2811 2299 fiunt
2830 2283 2849 2314 ,

581 2345 1045 2418 argumentorum
1114 2343 1378 2417 strophas
1397 2389 1412 2416 ‚
1485 2343 1871 2403 adulterorum
1927 2342 2190 2404 fallacias
2209 2388 2224 2417 ‚
2289 2343 2593 2402 mulierum
2651 2342 2845 2418 impu-

581 2447 810 2507 dicitias
825 2491 840 2519 ,
911 2445 1179 2506 scurriles
1248 2447 1398 2506 iocos
1411 2491 1426 2520 ‚
1492 2446 1777 2520 parasitos
1848 2446 2103 2507 sordidos
2126 2491 2143 2519 ,
2213 2445 2368 2519 ipsos
2448 2462 2668 2520 quoque
2737 2463 2847 2521 pa-

579 2553 700 2612 tres
758 2540 1008 2611 familias
1051 2552 1280 2625 togatos
1322 2550 1486 2611 modo
1541 2550 1801 2623 stupidos
1853 2551 2018 2611 modo
2062 2549 2367 2611 obscoenos
2381 2596 2396 2623 ,
2456 2550 2516 2609 in
2576 2549 2845 2611 omuibus
2894 2527 2915 2545 ’

577 2654 819 2715 stolidos
838 2698 853 2726 ,
927 2654 1098 2713 certis
1155 2654 1480 2715 nominibus
1550 2654 1973 2714 inuerecundoS.
2018 2656 2101 2713 .et
2158 2670 2285 2713 cum
2340 2652 2489 2713 nulli
2545 2652 2914 2719 hominumn

581 2760 684 2819 aut
750 2757 944 2830 generi
1013 2759 1114 2817 aut
1171 2758 1507 2831 professioni
1563 2758 1637 2817 ab
1706 2756 1979 2831 improbis
2045 2756 2159 2816 isto
2228 2772 2486 2817 sermone
2552 2758 2843 2831 parcatur,

579 2862 655 2920 ab
705 2859 965 2920 omnibus
1013 2862 1206 2920 tamen
1258 2862 1332 2921 ad
1381 2858 1767 2935 spectaculum
1826 2859 2179 2920 conuenitur.
2246 2875 2539 2918 commune
2590 2858 2837 2919 dedecus

575 2964 830 3025 delectat
895 2962 1160 3023 uidelicet
1225 2964 1320 3023 uel
1386 2979 1783 3038 recognoscere
1843 2962 1963 3021 otia
2023 2961 2119 3021 uel
2172 2962 2408 3021 discere.
2482 2961 2841 3023 concurritur

717 3173 748 3226 1
783 3171 1034 3241 turpiter]
1070 3173 1226 3240 turpe
1259 3173 1316 3226 et
1349 3172 1434 3226 Zv
1706 3170 2127 3241 ignominiosum
2160 3170 2235 3235 Z,
2270 3186 2379 3225 non
2414 3169 2654 3225 ociosum
2690 3185 2763 3241 m

575 3259 613 3313 2
647 3260 828 3313 totum
859 3274 1056 3327 equum
1088 3273 1121 3312 r
1266 3258 1301 3311 3
1334 3258 1478 3313 hunc
1512 3258 1691 3311 locum
1723 3274 1813 3327 νμ,
1848 3257 2137 3326 spectaculi
2174 3272 2295 3311 cum
2328 3258 2413 3313 Zv
2560 3256 2835 3327 parentes]

580 3346 759 3415 partes
793 3360 867 3413 rp.
1086 3344 1127 3401 4
1161 3359 1408 3413 perrogee
1442 3359 1533 3414 νμ,
1567 3358 1879 3413 praerogem
1915 3344 1969 3397 Z
2190 3342 2304 3414 aut]
2339 3345 2404 3398 ut
2436 3343 2522 3399 Zv
2748 3344 2833 3397 in·

577 3430 790 3485 felicius
829 3431 912 3485 Zv
1062 3430 1111 3484 si
1146 3430 1268 3499 scit]
1307 3430 1384 3484 sit
1417 3432 1472 3485 et
1505 3430 1641 3485 scire
1662 3431 1747 3485 Zv
1892 3430 2068 3500 quem]
2104 3429 2249 3499 quod
2284 3430 2371 3485 Zv
2506 3444 2717 3485 rursum
2739 3445 2776 3486 υ

583 3532 862 3587 prorogem
893 3532 984 3586 m,
1015 3531 1322 3585 praerogem
1357 3517 1442 3571 Zv
1521 3542 1526 3557 ·
1627 3516 1664 3571 5
1697 3514 1851 3586 illud]
1888 3514 2108 3584 aliquod
2143 3518 2195 3572 Z
2372 3516 2665 3585 spectaculi
2697 3531 2772 3584 νμ

577 3602 894 3671 lupanarum
929 3604 1035 3671 Ζμ,
1070 3602 1318 3672 luparum
1340 3618 1407 3658 νυ
1543 3603 1576 3657 6
1607 3604 1769 3671 prius
1802 3618 1896 3671 per
1930 3618 2032 3657 om.
2070 3603 2124 3657 Z
2257 3600 2517 3656 lubricam
2551 3603 2616 3668 Z,
2654 3600 2840 3671 publi-

575 3704 697 3743 cam
729 3706 851 3760 νμυ,
887 3688 1127 3743 urbicam
1158 3687 1287 3755 fort.
1496 3689 1565 3744 10
1597 3704 1756 3743 ausus
1792 3690 1876 3742 est
1910 3689 1963 3743 Z
2164 3689 2429 3757 sanctum]
2466 3674 2585 3757 epm
2610 3675 2721 3743 scm
2745 3704 2837 3757 ψ,

577 3773 769 3828 christi
803 3791 992 3844 corpus
1028 3774 1172 3844 quod
1205 3776 1288 3828 est
1319 3756 1432 3829 effi
1465 3774 1520 3827 Z
1730 3774 2070 3842 lupanarium
2106 3794 2146 3843 μ,
2354 3774 2417 3827 11
2454 3774 2713 3829 demissus
2744 3791 2837 3843 νμ,

577 3860 777 3915 amisso
801 3862 856 3915 Z
864 3880 877 3925 ;
904 3858 917 3879 ‘
921 3867 1048 3929 post
1068 3860 1319 3915 dimissus
1343 3860 1549 3915 lacum
1563 3860 1788 3933 patebat
1808 3860 1872 3914 in
1892 3858 2152 3915 manusc?
2180 3860 2446 3915 Latinius
2582 3875 2613 3914 e
2635 3875 2738 3915 om.
2758 3860 2839 3925 Z3

577 3961 607 3999 e
641 3945 908 4002 dominico
943 3964 1045 4003 om.
1078 3962 1113 4001 v
1249 3949 1321 4017 et]
1359 3947 1568 4001 ueniret
1601 3946 1767 4001 etiam
1805 3948 1859 4001 Z
2129 3946 2197 4001 12
2232 3949 2296 4000 ut
2328 3946 2526 4001 assolet
2570 3962 2675 4002 om.
2712 3947 2767 4000 Z

579 4031 646 4086 13
680 4032 870 4086 christi
899 4072 909 4083 .
937 4072 951 4086 .
980 4072 997 4087 .
1023 4032 1222 4087 circum
1255 4048 1360 4090 om.
1393 4047 1500 4102 νμω
1660 4033 1728 4087 14
1770 4031 1835 4087 de
1867 4032 2060 4087 itinere
2094 4047 2257 4102 quam
2292 4048 2393 4087 om.
2430 4046 2537 4102 νμυ
2693 4046 2842 4101 spec.-

579 4117 767 4187 taculi]
803 4118 998 4172 itinere
1031 4117 1160 4173 add.
1196 4119 1250 4173 Z
1486 4118 1554 4172 15
1589 4118 1659 4173 ad
1694 4133 1764 4175 sc.
1800 4118 1910 4172 iam
1946 4119 2084 4173 sales
2118 4134 2207 4188 m,
2244 4117 2309 4173 de
2344 4119 2447 4173 hoc
2482 4134 2553 4173 sc.
2590 4117 2843 4187 inquina-

580 4204 762 4257 mento
797 4204 880 4257 Zv
1039 4202 1388 4259 inuerecundo
1427 4204 1536 4257 iam
1571 4204 1656 4258 Zv
1828 4204 1894 4258 17
1931 4206 2385 4274 argumentorum]
2425 4205 2707 4274 agentium
2741 4217 2776 4259 v

577 4288 646 4342 19
680 4290 738 4342 et
769 4290 984 4359 togatos
1020 4290 1074 4343 Z
1241 4290 1463 4345 obsenos
1499 4295 1582 4360 μ’,
1618 4290 1851 4345 scenicos
1886 4291 1940 4344 Z
2110 4290 2185 4347 20
2218 4290 2377 4345 certis
2411 4289 2718 4345 nominibus
2750 4304 2846 4359 νμ,

577 4372 636 4427 in
674 4376 918 4430 omnibus
953 4376 1039 4430 Zv
1265 4376 1358 4430 -21
1394 4375 1463 4429 ab
1499 4390 1602 4431 om.
1638 4377 1692 4430 Z
1842 4374 1848 4379 ’
1951 4375 2316 4445 improborum
2351 4375 2579 4430 istorum
2616 4376 2703 4432 Ζυ

577 4459 648 4514 23
681 4460 933 4516 uidelicet
967 4476 1064 4532 νμ,
1101 4461 1282 4516 uidere
1314 4463 1398 4517 Zv
1651 4461 1766 4515 otia
1798 4476 1871 4531 τμ,
1885 4462 1913 4527 “,
1948 4462 2089 4516 uitia
2122 4462 2283 4532 Ζμέ.
2319 4461 2357 4519 1.
