3217 5150
710 525 879 572 XLIV

702 661 1021 728 Dominus
1076 661 1164 726 ad
1208 659 1507 726 Petrum:
1570 678 1699 744 eqo
1761 659 1913 724 tibi
1973 659 2178 740 dico,
2234 662 2464 742 inquit,
2523 665 2716 745 quia
2775 669 2864 728 tu
2911 685 3000 729 es

703 772 989 840 Petrus
1028 813 1117 823 —
1158 792 1682 855 quaecumque
1735 771 2078 838 solueris
2133 791 2366 854 super
2407 778 2704 840 terram
2745 783 3001 842 erunt

704 885 963 951 soluta
1006 891 1074 950 et
1117 885 1204 950 tn
1248 885 1517 950 caelis.
1560 888 1619 948 et
1647 883 1978 966 idempost
2017 885 2529 952 resurrectionem
2569 905 2756 952 suam
2785 888 3000 954 dicit:

694 1017 929 1079 pasoe
985 1016 1162 1062 ones
1217 1014 1443 1062 meas.
1512 1015 1706 1078 super
1762 1015 1966 1063 unum
2023 997 2318 1080 aedificat
2375 997 2694 1065 ecclesiam
2752 1005 2816 1064 et
2873 999 3002 1066 illi

699 1108 1056 1192 pascendas
1112 1127 1255 1176 oues
1310 1107 1580 1174 mandat
1635 1127 1807 1188 suas,
1866 1113 1923 1175 et
1973 1110 2272 1191 quamuis
2329 1110 2628 1193 apostolis
2681 1112 2994 1176 omnibus

698 1241 925 1303 parem
964 1221 1205 1286 tribuat
1236 1225 1622 1304 potestatem,
1663 1241 1866 1286 unam
1905 1225 2120 1286 tamen
2159 1221 2526 1288 cathedram
2563 1223 2898 1289 constituit
2931 1229 2998 1288 et

704 1332 981 1398 unitatis
1030 1333 1339 1416 originem
1387 1337 1574 1415 atque
1624 1333 1936 1399 rationem
1979 1352 2102 1399 sua
2151 1332 2270 1417 (sic
2313 1335 2410 1400 est
2449 1334 2809 1420 legendum,
2865 1337 2996 1401 ad-

706 1465 825 1527 que
872 1445 1181 1510 orationis
1229 1465 1381 1511 suae
1428 1444 1620 1548 MJQ¹
1663 1447 1774 1512 sed
1815 1451 2002 1528 atque
2049 1445 2286 1512 deleuit
2333 1445 2552 1530 M2Q2)
2603 1451 2996 1516 auctoritate

706 1558 1036 1641 disposuit.
1082 1557 1189 1623 hoc
1234 1563 1419 1624 erant
1461 1559 1677 1640 utique
1704 1563 1760 1624 et
1789 1559 1971 1625 ceteri
2021 1557 2188 1640 quod
2216 1556 2466 1637 Petrus,
2511 1559 2618 1626 sed
2656 1561 2998 1641 primatus

706 1669 895 1736 Petro
945 1669 1141 1736 datur
1182 1675 1255 1735 ut
1302 1669 1387 1757 (et
1417 1670 1636 1758 M¹Q¹)
1681 1691 1820 1737 uno
1867 1671 2123 1738 ecclesia
2165 1678 2224 1737 et
2267 1671 2568 1738 cathedra
2615 1693 2754 1736 una
2805 1692 2997 1737 mon·

705 1785 953 1848 stretur.
996 1787 1054 1848 et
1072 1787 1361 1864 pastores
1388 1788 1538 1848 sunt
1566 1801 1797 1862 omnes,
1837 1783 1946 1849 sed
1971 1804 2126 1868 yrex
2153 1805 2327 1851 unus
2353 1784 2723 1864 ostenditur,
2752 1787 2870 1866 qui
2899 1787 2990 1850 ab

705 1893 1002 1974 apostolis
1039 1895 1330 1960 omnibus
1356 1895 1666 1962 unanimi
1693 1897 2090 1962 consensione
2110 1901 2441 1979 pascatur.
2482 1895 2648 1963 hanc
2678 1901 2736 1960 et
2765 1895 2988 1961 Pauli

706 2006 1017 2072 unitatem
1056 2007 1169 2089 qui
1204 2025 1335 2070 non
1373 2010 1551 2090 tenet,
1604 2011 1808 2072 tenere
1833 2025 1900 2074 se
1923 2007 2112 2091 fidem
2155 2009 2353 2075 credit
2366 2009 2404 2074 ἓ
2457 2009 2570 2091 qui
2609 2008 2988 2074 cathedra-m

705 2116 889 2183 Petri
937 2135 1125 2199 super
1174 2137 1367 2199 quam
1413 2117 1698 2202 fundata
1747 2118 2001 2186 ecclesia
2050 2124 2140 2185 est
2189 2119 2434 2200 deserit,
2483 2121 2560 2184 in
2611 2119 2872 2186 ecclesia
2925 2141 2994 2184 se

707 2249 831 2296 esse
888 2229 1144 2312 confidit
1157 2231 1194 2294 ‚9
1252 2249 1329 2296 en
1386 2230 1790 2297 manifestum
1851 2229 2108 2298 alterius
2165 2229 2538 2299 recensionis
2600 2233 2990 2313 exemplum.

712 2361 901 2427 quam
945 2342 1050 2426 qui
1094 2342 1390 2409 confinxit
1416 2342 1722 2410 inlocum
1752 2344 2056 2428 genuinae
2085 2346 2426 2412 sententiae
2455 2345 2668 2427 reponi
2700 2345 2984 2411 uoluisse

712 2454 1048 2521 censendus
1090 2456 1220 2532 est;
1268 2475 1415 2522 nam
1456 2473 1580 2522 11011
1621 2456 1866 2539 poterat
1906 2473 2028 2522 11011
2069 2475 2415 2542 expungere
2443 2475 2600 2540 quae
2629 2456 2988 2539 interpola-

714 2566 948 2633 tionem
994 2567 1340 2651 proderent,
1388 2568 1581 2634 immo
1629 2567 1826 2651 ipsius
1874 2568 2190 2636 doctrinae
2238 2570 2673 2655 repugnarent.
2725 2569 2838 2636 sed
2869 2570 2986 2635 ille

711 2680 819 2761 qui
872 2678 1149 2745 codicem
1201 2699 1271 2745 ex
1318 2698 1437 2762 quo
1468 2678 1539 2743 M
1584 2680 1650 2745 et
1676 2678 1732 2759 Q
1779 2679 1902 2745 orti
1952 2683 2099 2746 sunt
2151 2681 2598 2749 additamentis
2649 2682 2980 2759 instruxit,

707 2791 971 2857 alteram
1010 2793 1429 2859 recensionem
1458 2792 1771 2877 integram
1799 2795 1941 2877 post
1971 2794 2289 2877 scriptoris
2319 2793 2514 2859 uerba
2543 2812 2734 2873 super
2761 2814 2976 2857 unum

709 2903 1003 2985 aedificat
1051 2902 1371 2969 ecclesiam
1421 2903 1654 2988 recepit
1697 2904 1764 2969 in
1809 2905 1978 2970 calee
2027 2888 2234 2971 uerbis
2285 2905 2488 2971 isdem
2537 2922 2728 2985 super
2775 2926 2983 2971 unum

708 3014 1003 3097 aedificat
1042 3015 1363 3081 ecclesiam
1406 3015 1685 3094 adiectis,
1733 3016 1960 3098 quibus
2000 3016 2376 3099 interpolata
2415 3019 2482 3082 et
2523 3016 2792 3100 genuina
2831 3033 2984 3081 con-

706 3126 1180 3193 seminarentur.
1212 3127 1479 3194 alterum
1506 3126 2005 3195 additamentum
2035 3128 2239 3194 maius
2267 3128 2334 3193 in
2363 3128 2496 3211 ipso
2526 3127 2709 3193 initio
2741 3127 2982 3193 codicis

708 3237 1031 3324 reperitur.
1094 3239 1397 3321 epistulae
1454 3241 1626 3307 enim
1679 3241 1789 3307 Ad
1830 3239 2164 3306 Donatum
2203 3240 2272 3305 M
2325 3242 2389 3307 et
2441 3237 2497 3318 Q
2553 3240 2978 3324 praemittunt

713 3351 1075 3435 epistolium
1110 3351 1274 3417 illud
1314 3351 1616 3417 ficticium
1645 3351 1895 3418 Donati
1923 3352 2011 3417 ad
2043 3351 2444 3434 Cyprimmm
2485 3348 2651 3433 quod
2681 3352 2973 3432 epistulis

711 3463 940 3546 spuriis
968 3464 1038 3529 in
1066 3462 1425 3547 Appendice
1466 3462 1654 3528 huius
1703 3464 1994 3531 editionis
2038 3467 2122 3547 (p.
2149 3464 2363 3544 2723)
2406 3463 2623 3530 adieci.
2673 3464 2780 3527 sed
2819 3462 2978 3529 haec

711 3577 1071 3642 correctoris
1114 3596 1337 3641 manus
1384 3593 1538 3657 quae
1567 3576 1632 3640 in
1663 3576 1960 3641 addendis
2005 3576 2264 3642 uocibus
2309 3575 2642 3641 manifesta
2687 3576 2968 3655 apparet,

708 3686 916 3752 nescio
940 3705 1020 3753 an
1044 3688 1258 3753 eadem
1282 3692 1347 3753 in
1367 3687 1731 3753 omittendis
1755 3689 2145 3770 agnoscatur,
2170 3688 2348 3765 uelut
2367 3708 2428 3771 p.
2449 3686 2678 3765 475‚2;
2702 3688 2972 3763 516‚11;

711 3798 975 3879 632,25;
1022 3800 1284 3879 638‚24;
1330 3800 1583 3885 673,15.
1627 3818 1822 3882 neque
1870 3820 2013 3866 uero
2060 3799 2430 3867 coniecturis
2461 3818 2532 3865 ea
2557 3816 2808 3882 prorsus
2857 3799 2972 3863 ab-

711 3911 955 3989 stinuit,
1009 3912 1117 3976 sed
1164 3912 1421 3977 conatus
1472 3910 1755 3993 plerique
1808 3913 2026 3978 rudem
2071 3911 2409 3977 admodum
2455 3912 2652 3977 artem
2697 3910 2970 3993 produnt

712 4021 817 4109 (cf.
861 4022 1125 4101 214‚24;
1166 4022 1391 4102 224‚2;
1434 4022 1660 4103 226‚5;
1704 4023 1936 4103 222,ss
1970 4041 2134 4107 8qq.;
2175 4024 2443 4105 477‚17;
2485 4023 2708 4101 496,4;
2741 4023 2972 4101 500‚5;

709 4134 975 4214 508‚19;
1000 4133 1190 4213 518,7
1218 4162 1299 4191 =
1322 4134 1545 4215 668,6;
1576 4134 1800 4218 519‚2;
1834 4134 2100 4219 627‚16;
2131 4135 2396 4219 630‚19;
2429 4134 2694 4215 702‚13;
2727 4136 2968 4221 705‚7).

709 4246 917 4311 omnia
936 4263 1081 4311 uero
1096 4246 1163 4312 id
1181 4265 1373 4331 genus
1391 4246 1575 4331 longe
1591 4244 2008 4328 frequentiora
2020 4247 2086 4311 in
2101 4246 2338 4312 libellis
2357 4236 2762 4312 obser-uantur
2780 4267 2974 4331 quam

708 4357 778 4422 in
807 4358 1115 4443 epistulis,
1159 4378 1347 4441 quare
1378 4358 1445 4422 in
1476 4376 1690 4423 eorum
1729 4358 1875 4423 crisi
1919 4378 2062 4423 eum
2091 4360 2285 4424 testes
2312 4358 2745 4442 integerrimos
2775 4359 2968 4425 habe-

709 4486 859 4548 rem,
890 4470 1025 4535 iure
1051 4488 1153 4535 me
1182 4468 1253 4538 M
1282 4472 1347 4535 et
1376 4467 1431 4548 Q
1460 4469 1802 4553 neglexisse
1831 4470 2114 4536 arbitror.
2147 4470 2270 4536 nisi
2300 4470 2649 4537 coniectura
2679 4470 2974 4539 audacior
