3217 5150
562 468 693 534 280
1505 465 1870 533 Appendix.

568 643 639 684 ne
668 623 892 686 doleret
910 623 1269 684 excedentem
1300 627 1517 696 patrem
1550 625 1836 698 suscipere
1867 624 2180 683 festinauit.
2213 642 2327 685 non
2355 626 2604 686 amisisti
2627 627 2818 687 nutri-

569 730 760 787 menta
788 731 907 787 tua.
940 728 991 786 si
1018 727 1209 786 luctus
1239 728 1528 788 horrueris
1558 731 1618 788 et
1647 745 1817 789 senex
1847 727 2125 788 obtulisse
2153 728 2366 802 pignus
2395 733 2556 790 tuum
2579 731 2820 792 Domino

569 834 841 905 deputare
870 831 1084 906 poteris
1102 833 1159 903 †,
1192 833 1503 891 secundum
1534 835 1723 892 uotum
1755 835 1887 906 post
1915 833 2230 904 Abraham,
2275 834 2328 892 si
2356 851 2468 894 non
2499 837 2664 910 potes
2691 837 2816 910 pri-

568 953 741 1008 mum,
774 938 839 993 ut
868 936 1015 1009 quod
1044 933 1144 994 ille
1174 952 1289 993 non
1317 935 1632 1008 trepidauit
1659 935 1861 995 offerre
1889 938 1956 994 tu
1985 936 2190 995 saltem
2219 937 2470 998 uideatis
2493 939 2564 998 de
2587 939 2817 999 sublate

571 1040 837 1114 gaudere.
898 1040 971 1098 ab
1016 1038 1114 1096 illo
1160 1037 1437 1097 Dominus
1462 1038 1794 1112 postulauit,
1841 1057 1878 1096 a
1910 1041 1968 1098 te
1997 1039 2152 1098 tulit.
2199 1038 2299 1098 ille
2327 1039 2570 1099 iussioni
2599 1041 2816 1115 paruit,
2837 1061 2862 1100 ⁵

570 1147 637 1202 tu
660 1143 940 1202 uoluntati
962 1143 1238 1203 consenti.
1264 1142 1429 1202 illum
1450 1160 1552 1216 per
1574 1143 1838 1202 illicitam
1855 1143 2042 1216 legem
2055 1144 2294 1202 naturae
2317 1145 2500 1220 [quem
2523 1143 2819 1220 Dominus]

572 1246 836 1320 probauit
866 1246 979 1306 sibi
1010 1247 1295 1319 deuotum,
1326 1249 1385 1306 te
1416 1245 1622 1306 saltem
1651 1264 1753 1320 per
1779 1245 1998 1306 licitam
2029 1247 2416 1308 condicionem
2445 1247 2822 1307 mortalitatis

575 1352 811 1409 annotet
839 1349 1191 1424 religiosum.
1220 1368 1355 1408 nam
1385 1350 1436 1409 si
1468 1367 1571 1410 nec
1600 1351 1897 1410 uoluntate
1937 1367 2042 1410 nec
2081 1350 2422 1411 necessitate
2469 1350 2828 1425 compelleris

516 1443 523 1449 ⁸
574 1453 892 1514 deuotionis
919 1453 1158 1514 Domino
1172 1453 1392 1527 aliquid
1422 1453 1707 1526 exhibere,
1731 1454 1794 1512 in
1821 1470 1936 1528 qua
1959 1457 2122 1528 parte
2143 1455 2518 1515 christianum
2539 1457 2598 1512 te
2611 1455 2826 1532 peteris

577 1556 889 1630 approbare
904 1560 933 1616 ἰ’
966 1556 1264 1616 erubescat
1303 1557 1674 1616 incredulitas
1705 1561 1905 1618 nostra
1951 1575 2056 1617 nec
2107 1575 2234 1618 cum
2277 1556 2590 1631 gentilibus
2641 1585 2726 1628 a,
2771 1557 2828 1617 si
2845 1579 2904 1619 ιο

578 1659 695 1718 Deo
724 1660 853 1718 nult
882 1678 1009 1720 esse
1048 1662 1317 1721 subiecta.
1362 1661 1672 1721 communis
1701 1664 1789 1721 est
1815 1661 1982 1722 nobis
2011 1679 2141 1722 cum
2168 1661 2288 1720 illis
2317 1661 2506 1722 exitus
2533 1661 2738 1720 mortis
2765 1665 2830 1720 et

578 1763 799 1823 dolores
828 1764 1055 1824 illorum
1084 1782 1417 1840 superamus
1446 1766 1734 1826 doloribus
1763 1765 1994 1827 nostris.
2047 1765 2187 1839 quid
2215 1781 2510 1838 ageremus
2554 1764 2608 1824 si
2651 1780 2829 1837 pecu-

579 1866 721 1928 liare
774 1868 994 1942 aliquid
1042 1869 1362 1942 exigeretur
1402 1886 1437 1927 a
1466 1869 1671 1928 nobis?
1719 1868 1856 1942 quid
1899 1851 2076 1942 quod
2101 1869 2174 1928 ad
2227 1868 2470 1928 dedecus
2518 1870 2820 1926 nostrum?

581 1971 827 2045 gentiles
857 1971 1081 2031 dolores
1111 1989 1279 2046 saepe
1308 1975 1690 2046 contemnunt,
1723 1989 1850 2032 cum
1879 1989 1994 2031 non
2022 1972 2095 2031 ad
2125 1972 2407 2044 promissa
2431 1971 2705 2031 caelestia
2725 1971 2828 2030 sed

581 2075 655 2133 ad
684 2091 893 2147 poenas
925 2074 1128 2134 tartari
1158 2075 1469 2148 rapiantur.
1503 2077 1563 2134 et
1589 2093 1698 2134 nos
1727 2076 2049 2150 plangimus
2079 2079 2282 2135 euntes
2311 2077 2385 2135 ad
2413 2074 2652 2134 caelum.
2697 2091 2832 2133 con·-
2855 2099 2906 2138 ιε

584 2177 801 2246 sideret
831 2177 1179 2238 christianus
1202 2178 1342 2238 talis
1375 2180 1511 2252 quid
1539 2181 1806 2253 deinceps
1859 2181 2142 2239 mereatur
2185 2179 2287 2252 qui
2315 2195 2419 2238 nec
2443 2177 2658 2248 imitari
2688 2193 2828 2238 con-

584 2280 774 2340 tendit
802 2282 1060 2355 exempla
1088 2285 1413 2344 sauctorum
1442 2299 1547 2342 nec
1576 2285 1960 2356 contemptum
1988 2283 2198 2342 habere
2226 2281 2552 2356 gentilium.
2585 2280 2676 2343 illi
2703 2281 2828 2340 luc-

586 2393 681 2449 tus
711 2389 1056 2462 desperando
1086 2391 1425 2463 despiciunt,
1480 2394 1541 2450 et
1580 2407 1685 2450 nos
1714 2392 1988 2464 sperando
2049 2391 2336 2464 despicere
2389 2406 2500 2448 non
2542 2406 2830 2448 conamur.

589 2495 827 2570 denique
858 2495 1101 2554 uendere
1132 2495 1341 2552 liberos
1370 2511 1539 2568 saepe
1568 2511 1683 2552 non
1715 2487 2000 2565 dubitant,
2031 2496 2097 2552 ut
2125 2492 2308 2565 uiuos,
2351 2494 2504 2566 quod
2531 2493 2692 2566 peius
2721 2494 2830 2564 est,

589 2602 877 2674 spernant.
938 2601 999 2657 et
1028 2616 1128 2657 nos
1150 2616 1254 2657 nec
1284 2599 1676 2658 defunctorum
1717 2598 1906 2658 obitus
1937 2598 2260 2670 subleuant,
2299 2597 2556 2656 sublatos
2586 2597 2832 2671 captiui·-
2853 2619 2910 2659 ιο

734 2856 766 2907 1
804 2854 1068 2922 suscipere
1102 2868 1203 2907 om.
1242 2853 1296 2906 Z
1496 2869 1603 2907 non
1640 2851 1894 2922 amisisti]
1933 2851 2132 2905 misisti
2167 2852 2276 2919 νμὴ
2469 2851 2504 2905 2
2537 2854 2634 2905 tua
2669 2850 2844 2903 nutri-

594 2943 777 2995 menta
814 2941 895 2995 Zv
907 2960 928 3009 ‚·
962 2940 1163 2994 christo
1200 2940 1328 2994 add.
1366 2941 1403 2993 h
1645 2939 1693 2992 si
1729 2956 1828 2993 om.
1865 2939 1920 2991 Z
2153 2938 2358 2991 luctum
2393 2938 2463 2991 hv
2691 2951 2848 2989 senex

594 3044 692 3079 om.
732 3028 815 3081 ΖῙι
1062 3028 1119 3079 te
1154 3025 1417 3081 obtulisse
1452 3042 1504 3094 p.
1544 3027 1588 3079 t.
1625 3026 1723 3091 Zh,
1761 3028 1916 3079 tuum
1953 3024 2216 3079 obtulisse
2252 3026 2448 3093 pignus
2483 3040 2516 3077 v
2747 3021 2840 3075 do-

596 3115 742 3167 mino
780 3112 1069 3181 gratuleris
1104 3114 1157 3167 Z
1360 3114 1394 3167 3
1431 3112 1678 3181 deputari
1715 3112 1875 3182 ΖνμῙι
2087 3112 2313 3180 poteris]
2349 3112 2499 3179 potes
2535 3110 2600 3175 Z,
2637 3107 2846 3179 poteris

595 3201 749 3269 potes
784 3217 818 3255 v
1158 3198 1355 3253 habere
1388 3201 1512 3268 post
1548 3198 1647 3263 Zv,
1683 3200 1807 3267 post
1841 3218 1895 3266 μ,
1935 3214 2033 3251 om.
2071 3214 2119 3261 r,
2153 3199 2308 3249 tuum
2343 3194 2483 3249 habe
2516 3196 2640 3264 post
2673 3195 2710 3248 h

597 3288 779 3355 potest
811 3306 853 3356 Ιμ,
1061 3286 1099 3339 4
1131 3284 1450 3354 trepidauit]
1486 3284 1774 3341 dubitabat
1807 3285 1844 3338 h
2067 3284 2132 3336 tu
2165 3298 2268 3337 om.
2306 3282 2361 3334 Z
2510 3269 2524 3281 ⁸
2561 3282 2595 3335 6
2630 3294 2846 3335 consen-

596 3375 705 3428 tias
740 3375 791 3439 h,
828 3372 1098 3427 consensit
1122 3373 1186 3437 Z,
1226 3372 1545 3426 consensisti
1570 3388 1611 3437 ‚v
1748 3370 1906 3423 illum
1932 3370 1981 3433 h,
2020 3368 2116 3422 ille
2141 3368 2264 3437 Ζμν
2403 3380 2560 3435 quem
2595 3365 2846 3420 dominus

598 3476 698 3514 om.
734 3461 845 3529 mh
1119 3458 1150 3518 7
1186 3458 1295 3511 sibi
1329 3457 1581 3527 probauit
1615 3458 1694 3510 Zv
1969 3470 2062 3524 per
2084 3454 2492 3523 ...religiosum
2530 3469 2628 3507 om.
2667 3451 2716 3504 Z

600 3546 856 3602 illicitam
894 3568 934 3616 μ
1140 3544 1511 3615 mortalitatis]
1550 3542 1834 3613 religionis
1869 3561 1901 3597 v
2107 3544 2142 3596 8
2177 3540 2398 3594 aduocet
2433 3540 2740 3607 religiosum
2776 3536 2842 3599 Z,

599 3634 824 3688 annotet
858 3633 1169 3703 religiosum
1204 3631 1427 3686 aduocet
1462 3630 1782 3700 religiosum
1817 3647 1851 3684 v
2126 3644 2250 3682 nam
2287 3628 2368 3680 si.
2392 3627 2494 3680 ..1.
2532 3628 2568 3679 9
2601 3624 2849 3679 exhibere

602 3733 704 3776 om.
741 3722 778 3775 h
1006 3720 1053 3773 si
1088 3719 1199 3789 nec]
1238 3718 1353 3772 siue
1390 3719 1471 3773 Zv
1709 3730 1807 3769 nec
1841 3730 1940 3769 om.
1979 3715 2028 3768 Z
2253 3712 2587 3781 compelleris
2624 3710 2852 3766 necessi·

601 3811 717 3862 tate
756 3808 807 3862 Z
996 3808 1031 3861 9
1066 3804 1161 3859 deo
1199 3805 1252 3858 Z
1444 3806 1501 3857 te
1537 3802 1893 3857 christianum
1931 3802 2014 3855 Ζυ
2211 3800 2278 3853 10
2312 3814 2408 3852 nec
2443 3814 2545 3852 om.
2583 3797 2679 3863 Zv,
2715 3812 2854 3864 quae

604 3910 700 3950 nec
734 3896 771 3949 h
918 3894 966 3947 si
1001 3904 1100 3947 om.
1136 3910 1237 3962 νμ;
1272 3896 1403 3945 ante
1437 3892 1483 3944 si
1520 3891 1755 3944 lacunae
1791 3890 2008 3959 siynwm
2034 3887 2200 3955 posui
2350 3886 2415 3939 11
2449 3883 2664 3938 domino
2704 3883 2784 3937 Ζυ

608 3980 675 4034 12
708 3980 997 4048 peculiarie
1032 4000 1089 4047 μ,
1123 3977 1471 4047 peculiariter
1508 3977 1592 4031 Zv
1800 3974 1867 4027 13
1901 3989 1935 4027 a
1969 3972 2121 4027 nobis
2159 3988 2260 4026 om.
2301 3986 2332 4023 r
2551 3967 2681 4038 quid
2715 3966 2862 4037 quod

608 4083 697 4136 νμ,
733 4064 994 4134 quidquid
1030 4066 1091 4131 Z,
1130 4064 1269 4133 quod
1304 4065 1374 4119 hv
1580 4062 1668 4131 ad]
1706 4078 1768 4115 ac
1803 4061 1854 4113 Z
2071 4057 2332 4127 nostrum]
2369 4054 2606 4124 pertin‘et
2639 4053 2768 4109 add.
2803 4054 2860 4117 1⁸,

611 4153 907 4222 pertineret
942 4152 1069 4206 add.
1106 4169 1139 4207 v
1304 4150 1372 4205 14
1407 4148 1642 4219 gentiles
1677 4164 1778 4202 om.
1815 4162 1847 4199 v·
2011 4144 2075 4199 15
2111 4160 2302 4214 penam
2337 4144 2380 4196 t.
2418 4142 2706 4212 rapiuntur
2741 4140 2798 4193 Z

614 4242 679 4295 16
714 4239 1007 4293 merebitur
1042 4236 1289 4308 deinceps
1326 4238 1363 4292 h
1603 4235 1672 4289 18
1706 4236 1776 4289 et2
1795 4250 1893 4287 nos
1922 4248 1997 4287 ex
2031 4233 2088 4286 et
2121 4247 2228 4285 non
2264 4252 2304 4300 μ
2337 4247 2407 4283 m.
2443 4232 2495 4296 2,
2531 4244 2632 4283 nes
2666 4227 2794 4281 eth

612 4344 717 4381 non
754 4343 853 4381 om.
890 4326 973 4381 Zv
1131 4327 1199 4380 19
1234 4324 1462 4393 denique
1484 4363 1497 4377 .
1520 4362 1531 4375 .
1554 4360 1565 4372 .
1587 4338 1642 4391 p.
1679 4324 1804 4385 281,
1839 4326 1869 4373 1
1907 4320 2154 4373 uolumus
2189 4333 2288 4372 om.
2323 4317 2362 4369 h
2505 4314 2578 4370 20
2610 4312 2870 4368 subleuat

615 4434 671 4481 μ,
709 4412 999 4480 amplectes
1035 4412 1090 4465 Z
1095 4431 1110 4475 3
1147 4414 1204 4465 et
1238 4426 1337 4464 nos
1372 4408 1501 4463 add.
1538 4424 1573 4463 v
1782 4406 2058 4461 sublatos.
2082 4446 2092 4457 .
2115 4444 2126 4457 .
2149 4403 2398 4458 uolumus
2434 4416 2536 4457 om.
2574 4418 2646 4469 τμ.
