3217 5150
738 553 913 600 LVIII

622 721 639 736 ·
740 687 852 773 (56
876 687 1116 752 omittit
1146 687 1332 752 codex
1364 687 1618 770 14460).
1654 687 1711 750 7.
1743 687 1844 764 76,
1885 684 2064 760 Quod
2099 684 2268 748 idola
2291 683 2388 748 dii
2411 701 2540 748 mm
2562 684 2714 761 sint,
2745 683 2852 748 De
2875 686 3018 748 sin-

732 797 1077 882 yularitate
1117 797 1500 874 clericorum,
1546 797 1646 861 De
1675 797 1910 860 dtwbus
1949 796 2278 874 montibus,
2321 797 2500 878 epist.
2523 797 2582 862 6.
2615 797 2719 862 55.
2755 797 2866 861 28.
2909 799 3013 861 11.

739 911 841 975 39.
872 911 975 975 58.
1008 911 1091 975 69
1132 909 1486 994 (dimidiam
1518 909 1662 974 inde
1693 929 1729 974 a
1757 909 2056 990 quaesisti
2090 937 2166 963 =
2199 928 2257 990 p.
2295 907 2572 992 760‚14).
2617 909 2721 972 48.
2753 909 2866 973 66.
2901 909 3014 984 40,

737 1019 1231 1096 Ad'Quirinum
1258 1020 1491 1084 librum
1521 1020 1552 1083 I
1584 1021 1648 1085 et
1677 1020 1741 1084 II
1775 1021 1838 1084 et
1861 1019 2328 1084 Reuelationem
2357 1021 2592 1101 eapitis
2619 1020 2788 1084 beati
2811 1021 3018 1084 Ioan—

736 1133 842 1197 nis
891 1133 1198 1213 baptistae
1250 1133 1446 1214 (deest
1496 1133 1648 1197 haec
1697 1133 1970 1198 narratio
2023 1133 2086 1196 in
2131 1131 2336 1196 codice
2394 1133 2578 1213 1654,
2630 1132 2814 1196 cuius
2867 1132 3014 1197 loco

738 1245 1061 1311 Sermones
1088 1244 1163 1308 de
1194 1245 1425 1307 Maria
1454 1243 1792 1324 adduntur)
1805 1245 1884 1328 *).
1927 1245 1994 1308 hi
2026 1246 2151 1308 tres
2183 1243 2420 1308 codices
2451 1242 3014 1326 interpolatissimi

736 1374 987 1438 operum
1030 1357 1211 1439 longe
1240 1357 1578 1421 maximam
1609 1358 1850 1439 partem
1881 1355 2025 1420 inde
2053 1355 2132 1420 ab
2163 1355 2431 1438 epistula
2461 1356 2542 1420 37
2574 1373 2772 1437 usque
2805 1357 2894 1420 ad
2923 1358 3018 1421 40

736 1469 1003 1550 exceptis
1034 1467 1267 1531 libellis
1290 1467 1389 1531 De
1418 1467 1868 1550 sinyularitate
1897 1467 2262 1532 clericorum
2289 1469 2353 1532 et
2375 1467 2474 1531 De
2503 1466 2741 1530 duobus
2771 1469 3016 1530 ‚nordi-

736 1579 851 1644 bus
877 1580 1211 1644 immutato
1240 1579 1451 1644 ordine
1480 1597 1552 1643 ex
1582 1579 1786 1644 codice
1803 1577 2162 1644 Oratoriano
2189 1579 2297 1664 (6),
2329 1579 2404 1643 (16
2433 1597 2552 1662 quo
2575 1599 2636 1662 p.
2652 1578 3011 1642 XXXVIII

739 1693 860 1776 egi,
922 1691 1307 1772 receperunt;
1368 1691 1607 1772 reliqua
1665 1691 1824 1755 unde
1881 1691 2050 1755 nacti
2109 1691 2251 1768 sint,
2313 1690 2536 1769 nescio,
2599 1690 2708 1754 sed
2767 1692 3014 1774 proprii

734 1803 895 1868 nihil
946 1802 1179 1867 habent
1228 1802 1349 1866 nisi
1400 1802 1904 1884 interpolationes
1954 1802 2273 1866 maximas.
2327 1801 2564 1866 codices
2603 1801 2851 1883 praeter
2903 1819 3014 1866 eos

737 1933 886 1998 quos
931 1914 1248 1979 nominaui
1290 1914 1355 1978 in
1398 1913 1792 1978 bibliothecis
1837 1913 2076 1978 Galliae
2107 1912 2475 1978 Germaniae
2519 1913 2743 1978 Italiae
2789 1913 3012 1978 inueni

737 2025 1105 2108 permultos;
1158 2025 1333 2089 nulla
1377 2023 1543 2088 enim
1590 2023 1855 2105 amplior
1903 2024 2278 2090 bibliotheca
2323 2025 2544 2103 exstat,
2596 2025 2664 2088 in
2708 2044 2839 2107 qua
2885 2043 3012 2090 11611

738 2135 1029 2221 Cypriani
1102 2137 1245 2200 libri
1314 2137 1722 2201 asseruentur.
1793 2135 1900 2200 sed
1959 2136 2399 2219 uulgatissima
2457 2139 2705 2202 tantum
2765 2137 3014 2220 scripta

738 2267 927 2331 eaque
956 2247 1506 2332 interpolatissima
1534 2247 1846 2326 exhibent,
1887 2267 2074 2330 quare
2105 2267 2204 2312 eos
2237 2247 2576 2313 describere
2604 2267 2831 2330 operae
2859 2269 3012 2332 pre-

741 2361 901 2426 tium
922 2379 1041 2426 non
1059 2362 1167 2424 est.
1192 2361 1367 2425 binas
1386 2359 1649 2442 denique
1667 2361 1964 2442 epistulas
1979 2360 2237 2426 rariores
2259 2362 2302 2424 4
2321 2361 2383 2424 et
2399 2361 2485 2425 80
2497 2359 3014 2446 wirceburgensi

468 2467 553 2534 W
584 2465 639 2534 G
740 2474 825 2539 56
848 2471 986 2558 (W)
1012 2491 1169 2538 saec.
1200 2471 1291 2535 IX
1318 2471 1418 2556 (Ρ),
1451 2473 1537 2536 80
1564 2474 1628 2536 et
1659 2471 1736 2536 81
1766 2470 2153 2556 Sangallensi
2183 2473 2312 2537 454
2337 2470 2446 2557 (G)
2473 2489 2626 2537 saec.
2661 2471 2752 2535 [X
2787 2473 3012 2540 debeo.

1486 2762 1774 2883 Caput
1831 2762 2229 2859 terfium.

448 3040 691 3093 Appendix.
824 3013 1117 3097 Cypriani
1174 3014 1459 3097 operibus
1519 3014 1803 3098 genuinis
1849 3012 2274 3097 Appendicem
2325 3012 2524 3077 adieci
2574 3013 2814 3095 scripta
2861 3014 3008 3079 eins

738 3126 1139 3209 suppositicia
1188 3145 1309 3191 non
1359 3146 1514 3209 quae
1566 3126 1941 3191 editionibus
1991 3126 2276 3191 feruntur
2321 3125 2550 3203 omnia,
2603 3126 2714 3189 sed
2757 3125 3006 3191 selecta

739 3240 1351 3322 conprehendentem.
1400 3238 1646 3323 neglexi
1693 3258 1839 3304 uero
1883 3256 1956 3303 ea
2001 3257 2158 3320 quae
2204 3237 2431 3320 quibus
2477 3237 2838 3303 auctoribus
2883 3241 3005 3305 ad-

738 3351 1061 3416 scribenda
1090 3351 1219 3416 sint
1246 3350 1428 3415 hodie
1458 3353 1559 3417 sat
1588 3352 1752 3415 certo
1783 3350 2046 3427 constat,
2079 3349 2255 3414 uelut
2279 3348 2486 3413 Rufini
2509 3347 3004 3429 Expositionem

738 3465 815 3528 in
887 3462 1243 3544 Symbolum
1317 3462 1738 3543 apostolorum
1807 3463 1871 3527 et
1939 3462 2204 3526 Arnoldi
2275 3460 2666 3526 Garnotensis
2741 3462 3004 3527 abbatis

734 3574 941 3639 Bonae
970 3574 1173 3639 Vallis
1214 3575 1583 3657 opusculum
1613 3573 1712 3637 De
1753 3572 2191 3639 cardinalibus
2223 3570 2468 3637 Christi
2517 3573 2805 3653 operibus
2855 3594 3002 3641 am-

737 3686 1115 3769 plissimum,
1157 3686 1320 3768 quod
1363 3704 1502 3751 cum
1546 3685 1808 3767 reliquis
1849 3684 2128 3749 eiusdem
2167 3684 2438 3749 auctoris
2479 3685 2732 3767 scriptis
2773 3686 3001 3754 Fellus

738 3799 803 3863 in
836 3798 1106 3863 editione
1136 3797 1324 3862 Oxon.
1372 3797 1762 3863 emendatius
1807 3797 2023 3875 edidit,
2067 3796 2288 3861 deinde
2329 3816 2400 3861 ea
2435 3795 2504 3861 in
2533 3796 2758 3879 quibus
2799 3814 3002 3883 argu-

804 3988 853 4055 *)
880 3986 967 4040 fol.
1010 3988 1135 4039 183b
1170 3987 1228 4040 in
1264 3985 1405 4041 calce
1438 3984 1546 4040 cod.
1586 3990 1721 4039 1654
1753 3984 1979 4055 leg-itur:
2022 3984 2108 4038 hic
2144 3989 2221 4037 est
2245 3984 2380 4037 111161·
2401 3966 2518 4039 sc‘i‘
2502 3986 2662 4040 Petri
2683 3986 3006 4041 collatas-sis

734 4074 923 4141 beatiq.
952 4072 1153 4127 Mauri
1192 4073 1418 4127 abbati-3.
1462 4072 1634 4140 siquis
1669 4087 1792 4125 eum
1825 4070 1893 4125 ab
1918 4070 2102 4124 eadem
2143 4072 2368 4127 ecclesia
2401 4072 2607 4137 fraude
2641 4073 2834 4141 aliqua
2866 4074 3002 4127 sub—

412 4176 557 4220 codox
574 4174 715 4217 Parin.
733 4161 987 4227 traxerit,
1023 4160 1094 4213 sit
1116 4158 1409 4213 anathema
1433 4159 1544 4211 uisi
1567 4158 1880 4211 restituerit.
1911 4188 1974 4197 —
2002 4158 2261 4227 epistulas
2294 4158 2470 4212 eodem
2503 4158 2688 4213 ordine
2722 4161 2886 4227 atque
2911 4160 3008 4215 ini

506 4248 619 4287 1⁹82-
732 4248 843 4299 tres
878 4244 1003 4298 inde
1038 4245 1107 4298 ab
1142 4245 1377 4313 epistula
1409 4248 1473 4297 57
1514 4260 1682 4312 usque
1717 4242 1783 4297 ad
1809 4248 1875 4297 63
1911 4244 2127 4298 exhibet
2161 4244 2320 4299 codex
2344 4244 2662 4298 Parisiensis
2689 4250 2824 4298 1922
2861 4263 3004 4301 saec.

732 4332 901 4395 X111;
938 4330 1129 4384 deinde
1163 4330 1459 4385 adduntur:
1496 4331 1730 4399 epistula
1763 4336 1844 4395 56,
1883 4331 2029 4384 Mihi
2061 4330 2278 4399 quidem
2312 4330 2622 4397 fidelissime
2649 4348 2812 4400 papa
2835 4332 3008 4388 Lau-

733 4418 881 4471 renti
931 4418 1021 4485 (.--·
1058 4418 1348 4484 Eoepositio
1392 4416 1589 4482 Rufini
1635 4417 1699 4469 in
1745 4417 2039 4485 symbolum
2091 4417 2502 4485 apostolorum),
2557 4417 2653 4471 Ad
2697 4416 3012 4486 Quirinum

732 4502 869 4556 liber
906 4502 934 4555 1
972 4504 1027 4555 et
1054 4502 1113 4557 11
1138 4506 1192 4556 et
1218 4503 1441 4555 aliorum
1470 4503 1681 4571 scripta.
