3217 5150
696 579 844 628 cx11
1501 557 1793 612 Caecilii
1829 557 2150 624 Cypriani

695 717 863 782 idem
894 715 1179 780 Galerius
1210 715 1521 780 Maximus
1555 714 1882 796 proconsul
1913 715 1982 781 in
2009 714 2202 779 aliam
2231 713 2396 779 diem
2429 713 2818 797 Cyprianum
2851 715 2978 780 sibi

695 819 995 886 reseruari
1039 819 1367 901 praecepit.
1414 821 1478 884 et
1528 835 1597 882 eo
1647 819 1922 900 tempore
1965 817 2184 883 beatus
2224 817 2570 901 Cyprianus
2615 819 2851 882 ductus
2899 819 2980 883 ad

694 923 1039 1006 principem
1069 923 1133 988 et
1154 923 1487 988 stratorem
1515 922 1792 988 eiusdem
1821 921 2012 987 officii
2035 920 2268 986 Galerii
2285 921 2545 986 Maximi
2575 921 2976 1002 proconsulis

696 1027 1028 1092 clarissimi
1075 1027 1197 1092 uiri
1244 1027 1516 1104 secessit,
1570 1027 1634 1090 et
1675 1025 1741 1090 in
1781 1025 2053 1108 hospitio
2105 1026 2238 1090 eius
2279 1043 2422 1090 cum
2465 1041 2534 1089 eo
2575 1025 2642 1088 in
2674 1025 2818 1089 uico
2863 1025 2975 1108 qui

692 1130 924 1196 dicitur
952 1131 1203 1196 Saturni
1244 1130 1408 1195 inter
1439 1129 1778 1195 Veneream
1811 1131 1874 1194 et
1905 1128 2280 1193 Salutariarn
2323 1127 2575 1193 mansit.
2616 1127 2780 1192 illuc
2823 1129 2974 1192 uni·
2993 1147 3012 1180 ε

692 1253 908 1300 uersus
947 1234 1210 1316 populus
1252 1235 1515 1300 fratrum
1558 1233 1862 1298 conuenit.
1907 1232 1972 1296 et
2001 1250 2140 1297 cum
2183 1233 2299 1296 hoc
2327 1235 2582 1297 sanctus
2613 1230 2972 1314 Cyprianus

693 1337 1111 1420 comperisset,
1156 1335 1455 1404 custodiri
1497 1335 1737 1418 puellas
1776 1335 2108 1418 praecepit,
2157 1335 2448 1417 quoniam
2479 1351 2694 1399 omnes
2727 1335 2796 1398 in
2829 1336 2974 1400 uico

694 1443 837 1507 ante
866 1442 1117 1506 ianuam
1144 1440 1403 1524 hospitii
1433 1439 1732 1523 principis
1759 1438 2133 1504 manserant.

632 1540 672 1603 2
776 1545 861 1610 Et
890 1545 983 1610 ita
1010 1544 1209 1610 altera
1250 1543 1352 1608 die
1392 1545 1614 1608 octaua
1655 1543 1896 1607 decima
1937 1541 2340 1607 kalendarum
2371 1540 2742 1606 Octobrium
2783 1561 2974 1607 mane

692 1648 897 1713 multa
952 1647 1138 1712 turba
1197 1646 1487 1712 conuenit
1538 1645 1616 1710 ad
1669 1644 1839 1711 Sexti
1899 1646 2238 1710 secundum
2287 1647 2689 1728 praeceptum
2747 1644 2972 1711 Galeri
2999 1671 3032 1705 ιι

691 1750 953 1816 Maximi
1003 1749 1399 1832 proconsulis.
1454 1751 1515 1815 et
1567 1750 1659 1813 ita
1707 1750 1877 1834 idem
1929 1747 2216 1814 Galerius
2267 1748 2580 1814 Maximus
2632 1751 2970 1831 proconsul

692 1857 905 1920 eadem
964 1855 1063 1919 die
1114 1853 1490 1938 Cyprianum
1542 1853 1666 1917 sibi
1719 1853 1924 1918 offerri
1974 1852 2290 1936 praecepit
2339 1854 2404 1917 in
2457 1853 2618 1917 atrio
2673 1852 2968 1918 Sauciolo

692 1959 947 2023 sedenti.
1003 1977 1265 2042 cumque
1314 1959 1563 2024 oblatus
1613 1957 1855 2036 fuisset,
1919 1955 2206 2023 Galerius
2257 1957 2571 2022 Maximus
2624 1959 2970 2038 proconsul

694 2060 997 2145 Cypriano
1040 2063 1319 2143 episcopo
1364 2061 1554 2124 dixit:
1610 2062 1682 2125 tu
1725 2079 1789 2124 es
1830 2059 2130 2124 Thascius
2173 2058 2559 2144 Cyprianus?
2611 2059 2968 2144 Cyprianus

696 2166 1021 2249 episcopus
1080 2165 1428 2246 respondit:
1490 2183 1626 2247 ego
1687 2182 1869 2229 sum.
1931 2163 2218 2229 Galerius
2261 2165 2576 2229 Maximus
2627 2165 2968 2246 proconsul
2987 2191 3030 2226 ιε

694 2270 881 2334 dixit:
942 2271 1015 2333 tu
1066 2287 1292 2350 papam
1344 2270 1407 2332 te
1466 2266 1804 2351 sacrilegae
1863 2268 2090 2332 mentis
2151 2266 2503 2332 hominibus
2561 2268 2968 2350 praebuisti?

692 2371 1035 2456 Cyprianus
1066 2373 1387 2455 episcopus
1415 2372 1750 2455 respondit.
1783 2390 1938 2454 ego.
1971 2369 2262 2436 Galerius
2280 2370 2590 2436 Maximus
2620 2373 2962 2452 proconsul

692 2477 885 2542 dixit:
917 2477 1230 2541 iusserunt
1252 2477 1315 2540 te
1338 2475 1746 2540 sacratissimi
1775 2476 2179 2558 imperatores
2203 2474 2658 2540 caeremoniari.
2693 2474 2968 2557 Cypria.-

690 2602 809 2647 nus
842 2582 1160 2664 episcopus
1203 2582 1390 2645 dixit:
1436 2598 1579 2644 non
1608 2578 1830 2645 facio.
1875 2578 2160 2645 Galerius
2187 2578 2502 2675 Maximus
2533 2579 2656 2643 ait:
2700 2580 2966 2643 consule

690 2685 829 2749 tibi.
876 2684 1218 2769 Cyprianus
1250 2685 1569 2767 episcopus
1599 2683 1947 2765 respondit:
1994 2682 2114 2748 fac
2157 2684 2351 2765 quod
2393 2682 2548 2746 tibi
2590 2702 2966 2766 praecep·
2983 2704 3026 2743 2·-

689 2789 849 2852 tum
896 2789 1028 2852 est.
1078 2788 1155 2852 in
1199 2806 1275 2851 re
1318 2788 1472 2851 tam
1515 2787 1726 2851 iusta
1769 2786 1986 2851 nulla
2031 2789 2146 2851 est
2193 2785 2698 2851 consultatio

632 2893 670 2953 4
776 2892 1061 2957 Galerius
1090 2892 1398 2957 Maximus
1447 2891 1787 2956 collocutus
1832 2908 1976 2954 cum
2021 2890 2284 2955 concilio
2329 2889 2704 2954 sententiam
2755 2890 2870 2953 uix
2903 2901 2968 2954 et

690 3016 871 3080 aegre
931 2996 1088 3061 dixit
1145 2996 1353 3061 uerbis
1398 2994 1786 3059 huiusmodi:
1847 2994 1956 3058 diu
2009 2994 2310 3077 sacrilega
2359 2993 2567 3057 mente
2619 2992 2844 3057 uixisti
2903 2996 2968 3057 et

797 3254 824 3305 1
848 3252 1159 3321 proconsule
1183 3252 1277 3317 M;
1303 3254 1389 3306 uir
1413 3251 1738 3305 clarissimus
1764 3250 1891 3305 add.
1920 3250 2052 3305 EM
2249 3250 2357 3303 alia
2379 3250 2466 3303 die
2489 3249 2548 3303 id
2571 3253 2654 3303 est
2677 3250 2848 3319 (idem
2871 3252 2970 3319 Μ)

690 3338 925 3391 crastina
958 3337 1133 3391 afferri
1162 3338 1271 3391 sibi
1294 3338 1561 3407 praecepit
1586 3338 1868 3406 (praecipit
1892 3338 1984 3406 M)
2006 3340 2060 3390 et
2084 3336 2165 3390 ita
2189 3337 2328 3390 idem
2351 3336 2634 3405 Cipriarms
2660 3352 2784 3390 cum
2809 3338 2970 3405 prin-

690 3426 805 3493 cipe
828 3429 883 3477 et
907 3428 1133 3478 stratore
1156 3424 1322 3478 officii
1344 3425 1562 3478 maximi
1588 3424 1715 3477 EM
1991 3424 2028 3477 4
2051 3440 2111 3477 eo
2137 3424 2254 3477 uico
2278 3424 2486 3477 saturni
2509 3424 2654 3476 inter
2677 3426 2968 3477 aenariam

688 3512 929 3578 (aenaria
954 3526 1023 3565 ex
1044 3512 1264 3565 ueneria
1287 3512 1368 3577 E)
1394 3513 1449 3564 et
1473 3510 1737 3563 salutaria
1763 3510 1894 3563 EM
2201 3510 2237 3563 5
2259 3508 2414 3577 illuc]
2439 3509 2558 3563 illic
2584 3512 2710 3562 ante
2735 3509 2968 3564 ianuam

690 3596 819 3651 EM
1018 3599 1051 3651 6
1075 3596 1344 3665 conuenit]
1370 3597 1571 3649 mansit
1594 3595 1723 3649 EM
1929 3596 2144 3649 sanctus
2167 3611 2266 3649 om.
2295 3595 2430 3648 EM
2633 3596 2665 3649 7
2691 3596 2968 3649 custodiri

688 3684 924 3753 Auqust.
952 3684 987 3739 Ζ.
1013 3701 1054 3738 c.
1080 3702 1134 3737 n.
1162 3688 1197 3737 4
1220 3690 1274 3737 et
1302 3684 1551 3753 Fulqent.
1577 3698 1733 3735 serm.
1757 3686 1809 3749 6,
1836 3681 2092 3751 castigari
2117 3682 2200 3745 M,
2229 3683 2284 3733 et
2307 3676 2564 3749 castigari
2587 3680 2650 3734 E
2905 3684 2964 3735 in

688 3772 809 3825 uico
831 3786 1015 3825 omnes
1040 3774 1165 3824 ante
1189 3770 1378 3824 ianuas
1402 3768 1644 3838 hospicio
1667 3768 1925 3837 principis
1951 3767 2198 3822 iacebant
2223 3766 2355 3821 EM
2591 3766 2623 3821 9
2647 3766 2757 3837 die]
2785 3768 2879 3822 die
2903 3768 2965 3821 id

689 3860 775 3912 est
796 3856 928 3912 EM
1170 3858 1239 3911 10
1258 3856 1421 3910 turba
1444 3857 1696 3911 conuenit
1717 3871 1816 3909 om.
1845 3855 1975 3909 EM
2213 3854 2408 3922 galleri
2431 3854 2507 3908 M
2743 3856 2810 3908 11
2835 3871 2966 3925 pro-

688 3944 923 4001 consulis
948 3944 1237 3999 clarissimi
1260 3942 1368 3997 uiri
1393 3942 1525 3997 EM
1733 3941 1892 3996 etita
1921 3984 1932 3996 .
1955 3980 1970 3995 .
1990 3982 2002 3993 .
2029 3941 2304 4011 praecepit
2327 3958 2424 3995 om.
2455 3941 2584 3996 ΕΜ
2807 3942 2880 3996 12
2903 3944 2966 3996 in

688 4032 831 4085 atrio
856 4031 1120 4101 Sauciolo]
1146 4030 1205 4083 in
1230 4030 1367 4083 atrio
1393 4028 1643 4083 sedentia.
1671 4028 1924 4083 obuoluto
1945 4028 2256 4094 (obuoluato
2285 4029 2376 4095 M)
2401 4029 2458 4081 et
2481 4028 2714 4082 sauciolo
2739 4027 2966 4081 oblatus

688 4121 772 4171 est
798 4117 929 4171 EM
934 4138 955 4185 ,·
999 4118 1070 4181 cf.
1102 4118 1257 4171 Cone.
1282 4116 1574 4171 matiscon.
1604 4114 1678 4169 11
1701 4132 1742 4169 c.
1771 4118 1872 4169 19:
1911 4118 1975 4169 ut
1997 4114 2066 4169 ad
2097 4115 2274 4168 locum
2309 4114 2720 4168 examinationis
2745 4130 2964 4169 reorum

684 4205 871 4259 nullus
906 4203 1131 4259 clericus
1170 4202 1389 4258 accedat
1409 4218 1579 4272 neque
1600 4202 1823 4257 intersit
1845 4202 1985 4257 atrio
2011 4201 2254 4255 Saucio'lo
2567 4201 2635 4255 13
2657 4216 2892 4269 cumque
2916 4218 2964 4255 o.

687 4291 901 4362 fuisset]
929 4307 1033 4360 quo
1055 4290 1269 4344 obolato
1291 4290 1433 4344 idem
1457 4290 1583 4343 EM
1776 4289 2060 4358 proconsul
2081 4288 2411 4342 clarissimus
2435 4287 2522 4341 uir
2547 4286 2617 4350 E,
2643 4274 2966 4355 proconsule

690 4378 1009 4433 durissimus
1032 4377 1118 4430 uir
1134 4376 1209 4431 M
1340 4378 1407 4431 14
1428 4380 1491 4431 tu
1516 4392 1571 4430 es
1600 4418 1614 4432 .
1636 4418 1646 4429 .
1671 4419 1680 4428 .
1711 4376 1750 4429 l.
1770 4380 1840 4430 16
1863 4375 2004 4429 dixit
2019 4390 2118 4429 om.
2140 4374 2270 4429 EM
2401 4374 2468 4427 16
2486 4374 2736 4441 papatem
2759 4372 2902 4426 EM

689 4464 995 4519 hominibus
1020 4464 1089 4527 E,
1116 4462 1361 4518 omnibus
1384 4463 1460 4517 M
1626 4461 1690 4516 17
1715 4463 2000 4531 cyprianus
2023 4460 2162 4515 <lixit
2186 4476 2283 4529 ego
2307 4460 2439 4513 EM
2594 4458 2835 4528 galerius
2867 4498 2882 4510 .
2903 4500 2920 4513 .
2943 4500 2958 4512 .

690 4551 724 4603 l.
748 4554 815 4605 21
842 4550 1166 4603 consultatio
1194 4565 1293 4603 om.
1318 4549 1443 4603 EM
1753 4549 1822 4602 22
1845 4548 2124 4617 proconsul
2159 4548 2370 4601 locutus
2391 4546 2461 4611 E,
2495 4545 2812 4614 proconsule
2835 4562 2970 4599 eon-

690 4634 901 4689 locutus
924 4634 999 4688 M
1200 4637 1256 4687 et
1279 4651 1376 4689 om.
1402 4651 1436 4688 v
