3217 5150
657 530 770 593 104
1590 525 1953 593 Appendix.

645 682 898 741 tionibus
939 682 1225 741 continuis
1269 682 1548 743 incumbe.
1595 683 1723 743 alea
1752 702 1823 744 ne
1855 684 2083 757 lusoria,
2132 686 2231 745 ubi
2259 686 2423 747 lusus
2451 688 2687 748 necinus
2716 691 2809 747 est
2840 692 2903 749 et

646 784 860 843 crimen
899 784 1158 857 mortale,
1210 784 1308 844 ubi
1349 786 1637 845 dementia
1664 787 1789 845 sine
1818 787 2289 861 consideratione,
2342 790 2443 849 ubi
2470 789 2631 849 nulla
2658 790 2899 864 uerita-S,

646 890 745 948 sed
797 885 1214 949 mendaciorum
1264 892 1518 949 mandra.
1565 892 1793 951 abscide
1842 893 1973 951 inde
2004 910 2233 952 manum
2264 896 2420 953 tuam
2450 898 2511 953 et
2539 897 2733 953 auerte
2764 896 2899 953 inde

645 1008 742 1051 cor
771 994 964 1051 tuumz
1009 994 1242 1052 extrahe
1273 990 1576 1067 caliginem
1605 993 1821 1053 inimici
1852 995 1925 1054 ab
1954 995 2136 1055 oculis
2165 996 2281 1055 tuis
2312 998 2370 1055 et
2398 996 2637 1070 purifica
2664 1014 2897 1057 manum

647 1097 805 1153 tuam
835 1113 870 1154 a
900 1093 1194 1155 sacrificiis
1227 1095 1474 1155 diaboli:
1521 1096 1681 1155 abice
1712 1098 1814 1157 abs
1845 1101 1903 1156 te
1935 1098 2157 1157 furaces
2186 1115 2393 1169 mores,
2423 1096 2546 1159 es‘to
2576 1100 2805 1173 patiens
2834 1104 2897 1159 et
2918 1123 2948 1161 s

644 1196 1008 1269 christianae,
1041 1201 1164 1257 esto
1195 1198 1302 1257 tibi
1324 1201 1382 1257 et
1405 1198 1557 1258 uitae
1585 1201 1721 1257 tuae
1750 1198 1811 1257 in
1842 1201 2265 1273 operationibus
2295 1200 2483 1261 iustus
2510 1205 2573 1261 et
2600 1203 2897 1275 prouidus,

643 1297 778 1371 fuge
807 1294 1098 1359 diabolum
1129 1304 1558 1375 persequentem
1589 1302 1651 1359 et
1678 1301 1811 1375 fuge
1842 1304 2023 1363 aleam
2052 1303 2340 1363 inimicam
2370 1321 2603 1378 operum
2630 1307 2893 1366 tuorum:

647 1402 899 1461 studium
928 1402 1007 1461 sit
1037 1402 1148 1461 tibi
1193 1402 1526 1475 sapientiae,
1579 1404 1927 1479 euangelicis
1958 1406 2189 1465 monitis
2218 1406 2459 1479 erudire,
2490 1424 2663 1480 puras
2692 1425 2899 1469 manus

644 1505 716 1562 ad
767 1504 1056 1563 Christum
1099 1506 1417 1579 extendere,
1469 1509 1536 1565 ut
1576 1508 1881 1580 promereri
1923 1507 2225 1569 Dominum
2268 1510 2474 1583 possis.
2538 1509 2724 1570 aleam
2774 1510 2900 1571 noli

643 1606 942 1680 respicere.
987 1622 1171 1666 amen.
1722 1584 1747 1608 ⁶
2916 1634 2981 1673 ιο

821 2258 1008 2357 vn.
1075 2258 1216 2357 DE
1282 2258 1843 2391 Moerssvs
1908 2258 2169 2358 SINA
2233 2260 2372 2357 ET
2436 2214 2745 2359 81on

585 2657 616 2712 l
725 2642 1004 2724 Probatio
1066 2665 1441 2737 capitulorum
1516 2681 1661 2739 quae
1717 2664 1779 2722 in
1838 2665 2137 2739 scripturis
2217 2665 2434 2727 deificis
2510 2669 2891 2734 continentur.

643 2783 790 2840 quae
841 2767 902 2824 in
955 2769 1148 2825 uetere
1195 2769 1536 2826 testamento
1587 2766 1905 2841 figuraliter
1948 2767 2162 2840 scripta
2204 2770 2357 2839 sunt,
2401 2785 2505 2842 per
2533 2786 2677 2829 nouo
2704 2772 2891 2830 testa·

645 2873 834 2928 mente
867 2868 1204 2942 spirltaliter
1245 2869 1637 2944 intellegenda
1680 2873 1835 2941 sunt,
1880 2887 2023 2944 quae
2074 2887 2175 2944 per
2198 2870 2488 2930 Christum
2539 2872 2600 2930 in
2641 2872 2889 2933 ueritate

643 2972 936 3044 adinpleta
989 2975 1140 3031 sunt.
1187 2972 1352 3031 nobis
1405 2974 1556 3031 enim
1583 2989 1687 3046 per
1714 2973 1901 3032 Iesum
1933 2972 2222 3032 Christum
2252 2974 2531 3047 spiritalis
2558 2975 2889 3035 intellectus
2908 3003 2969 3042 15

645 3076 815 3133 datus
847 3077 936 3132 est
965 3074 1087 3147 ipso
1119 3074 1253 3132 Iesu
1281 3073 1536 3133 dicente:
1581 3075 1791 3134 uobis
1834 3074 2117 3148 quidem
2158 3077 2401 3134 datum
2442 3079 2556 3136 est
2595 3077 2890 3138 intelle-

639 3191 808 3250 gere
867 3179 1325 3235 sacramenta
1379 3176 1540 3249 Dei,
1608 3176 1787 3236 aliis
1832 3181 2071 3236 autem
2116 3178 2187 3237 in
2234 3177 2890 3252 similitudinibuS,

778 3427 844 3480 16
879 3426 1039 3480 Marc.
1075 3427 1126 3491 4,
1163 3427 1247 3480 11.

775 3667 806 3718 1
842 3665 1108 3719 continuis
1143 3681 1242 3718 om.
1287 3664 1333 3733 Q
1553 3664 1727 3717 aleam
1762 3665 1821 3718 D
2042 3664 2260 3718 necibus
2304 3664 2402 3734 ΩΤ
2620 3667 2655 3719 2
2688 3667 2889 3722 inmor-

635 3751 748 3805 tale
789 3749 890 3819 ΩΤ
1111 3751 1148 3804 4
1181 3748 1386 3802 inimici
1423 3765 1524 3804 om.
1571 3749 1618 3820 Q
1842 3747 1877 3802 5
1911 3749 2069 3818 abige
2113 3749 2243 3819 QTv
2448 3752 2481 3804 7
2516 3752 2589 3821 et]
2626 3755 2683 3806 te
2727 3752 2828 3821 QT

639 3851 856 3905 operum
891 3839 1106 3889 tuorum
1139 3836 1213 3900 D,
1250 3851 1426 3889 rerum
1460 3838 1675 3889 tuarum
1720 3835 1849 3906 QTv
2054 3837 2089 3890 8
2124 3837 2219 3906 sit]
2257 3837 2305 3890 si
2344 3837 2394 3889 T
2594 3839 2890 3907 euangeliis

637 3921 880 3991 M102T,
919 3920 1188 3990 euangelii
1223 3920 1434 3991 1112010
1638 3923 1672 3975 9
1708 3921 1929 3975 extende
1974 3921 2053 3991 Qv
2088 3951 2154 3960 -
2192 3921 2427 3991 Explicit
2443 3922 2525 3978 de
2560 3923 2891 3978 aleatoribus

636 4008 718 4070 D,
766 4007 1036 4062 Aduersus
1082 4007 1342 4061 aleatores
1389 4007 1606 4075 explicit
1656 4006 1730 4076 ρ,
1784 4006 2037 4075 Epistula
2085 4007 2340 4077 Cypriani
2384 4008 2452 4062 ad
2498 4009 2761 4064 aleatores
2804 4027 2891 4064 ex-

637 4093 796 4162 plicit
833 4093 898 4146 T.
934 4123 998 4131 —

776 4177 975 4246 Incipit
1017 4177 1082 4232 de
1137 4177 1340 4232 duobus
1392 4177 1667 4231 montibus
1712 4178 1847 4242 MT,
1902 4178 1967 4232 de
2020 4178 2225 4234 duobus
2281 4179 2551 4234 montibus
2597 4179 2663 4234 de
2704 4183 2893 4235 monte

637 4264 782 4333 Syna
817 4266 872 4317 et
907 4267 1048 4334 Syon
1084 4264 1335 4318 aduersus
1373 4263 1562 4318 Iudeos
1599 4284 1655 4334 μ.
1698 4295 1759 4302 -
1798 4264 1864 4319 12
1896 4266 2123 4320 initium
2153 4267 2321 4320 huius
2352 4266 2480 4320 libri
2502 4267 2755 4320 mutilum
2777 4281 2889 4320 esee

635 4351 864 4404 uidetur
1014 4351 1079 4404 13
1113 4350 1283 4404 ueteri
1318 4367 1390 4419 μυ
1537 4366 1631 4418 per
1666 4365 1863 4403 nouum
1896 4353 2275 4405 testamentum
2313 4370 2387 4421 μυ
2526 4353 2595 4406 14
2628 4337 2891 4420 spfialiter

641 4457 678 4504 μ
715 4443 778 4490 ut
811 4436 942 4491 solet
1148 4436 1350 4491 christo
1387 4435 1440 4488 T
1643 4435 1706 4490 17
1743 4435 2099 4490 similitudine
2122 4461 2147 4491 ιι
2175 4438 2247 4492 Μ
2280 4453 2335 4491 m
2370 4453 2510 4492 eras.
