3217 5150
798 536 886 590 De
921 534 1272 591 duodecim
1307 537 1615 593 abusiuis
1650 539 1913 594 saeculi
1948 556 1993 595 c.
2032 540 2111 595 10.
2454 546 2575 613 169

327 695 447 757 uel
491 696 667 755 duos
709 698 974 771 testes,
1039 699 1116 756 ut
1178 697 1252 755 in
1295 713 1412 759 ore
1469 698 1602 759 duo
1621 716 1772 759 rum
1812 701 2119 761 testium
2176 702 2297 761 uel
2352 701 2577 762 trium

327 799 481 857 stet
524 815 726 858 omne
769 799 1088 859 uerbum:
1136 800 1200 859 si
1242 799 1423 861 illos
1466 818 1604 861 non
1634 802 1991 877 audierit,
2034 804 2150 865 dic
2178 803 2576 865 ecclesiae:

329 900 393 961 si
437 902 834 963 ecclesiam
897 921 1033 964 non
1075 902 1433 977 audierit,
1501 904 1603 965 sit
1666 906 1811 965 tibi
1872 907 2075 967 sicut
2124 908 2469 969 ethnicus
2512 910 2581 967 et

329 1020 420 1078 pu
433 1004 790 1065 blicanus.
849 1006 956 1065 tali
1009 1006 1204 1066 ordine
1283 1006 1649 1081 expellendus
1702 1013 1791 1069 est
1842 1010 1941 1084 qui
1985 1011 2313 1086 cuicumque
2366 1012 2584 1072 doctori

283 1129 310 1167 s
329 1106 425 1166 uel
456 1106 718 1182 episcopo
749 1109 1052 1169 adhaerere
1081 1108 1347 1170 noluerit.
1400 1113 1460 1170 et
1489 1112 1588 1184 qui
1616 1112 1722 1171 tali
1751 1112 1946 1173 ordine
1978 1112 2248 1187 expulsus
2290 1114 2468 1175 fuerit
2508 1114 2581 1173 ab

330 1206 445 1269 alio
477 1211 666 1284 aliquo
695 1211 920 1271 doctore
951 1212 1072 1272 siue
1094 1212 1354 1287 episcopo
1383 1213 1558 1289 recipi
1587 1232 1702 1276 non
1725 1216 1911 1275 debet.
1944 1215 2015 1276 de
2060 1217 2351 1276 sacerdote
2373 1216 2436 1276 in
2455 1217 2585 1291 lege

329 1312 637 1373 scribitur:
694 1314 986 1374 uiduam
1043 1317 1167 1374 aut
1220 1317 1687 1389 repudiatam
1743 1335 1877 1378 non
1922 1317 2245 1394 accipiet
2272 1335 2580 1379 uxorem.

329 1416 431 1491 qui
482 1433 617 1491 ergo
668 1418 1208 1485 excommunicatum
1267 1437 1302 1479 a
1342 1420 1621 1481 catholico
1672 1421 1773 1481 illo
1826 1438 1940 1481 non
1968 1420 2335 1495 permittente
2377 1421 2582 1495 recipit

327 1522 531 1581 contra
559 1520 874 1595 scripturae
907 1523 1127 1582 statuta
1155 1521 1278 1597 agit
1307 1540 1372 1583 ac
1402 1522 1528 1583 iura
1555 1524 1746 1584 sancti
1775 1523 2099 1597 sacerdotii,
2143 1524 2204 1583 in
2233 1525 2383 1599 quod
2413 1524 2578 1583 Chri·

255 1643 312 1683 ιο
329 1623 648 1683 stianorum
673 1640 857 1699 genus
886 1608 1128 1685 electum
1148 1627 1252 1685 est
1267 1669 1284 1697 ,
1337 1625 1576 1686 excedit.
1638 1627 1745 1685 hac
1774 1625 1995 1687 ratione
2024 1624 2347 1700 episcopum
2377 1626 2451 1685 ad
2480 1644 2579 1687 eos

330 1727 540 1816 quibus
583 1726 645 1785 in
684 1727 1069 1801 speculatione
1099 1729 1322 1802 positus
1353 1731 1442 1789 est
1470 1745 1594 1790 esse
1637 1732 1879 1804 oportet.
1926 1732 2177 1791 ceterum
2217 1747 2351 1791 uero
2393 1730 2579 1804 qualis

327 1829 392 1889 in
421 1832 605 1889 semet
631 1830 755 1903 ipso
784 1846 909 1889 esse
963 1832 1164 1891 debeat
1214 1830 1427 1891 Paulus
1457 1824 1749 1907 apostolus
1780 1832 2008 1907 exponit
2026 1876 2041 1905 ,
2101 1835 2168 1892 ut
2212 1832 2285 1891 ad
2342 1831 2583 1907 gradum

328 1933 605 2009 episcopii
634 1920 866 1995 ueniens
921 1933 1000 1993 sit
1030 1934 1252 1995 sobrius
1291 1936 1537 2010 prudens
1579 1938 1773 1995 castus
1804 1937 2035 2010 sapiens
2063 1935 2355 1995 modestus
2383 1935 2581 2010 hospi-

325 2036 488 2111 talia,
532 2036 682 2097 filios
711 2037 930 2096 habens
960 2037 1224 2099 subditos
1253 2056 1379 2097 cum
1409 2037 1560 2098 omni
1591 2040 1858 2099 castitate
1874 2083 1889 2112 ,
1933 2038 2327 2100 testimonium
2362 2038 2581 2099 habens

257 2158 312 2198 15
329 2140 542 2201 bonum
571 2139 645 2199 ab
674 2138 767 2199 his
796 2138 896 2215 qui
925 2139 1066 2200 foris
1097 2142 1262 2213 sunt,
1311 2140 1639 2216 praeferens
1685 2141 2069 2201 doctrinarum
2096 2140 2322 2201 fidelem
2364 2159 2578 2201 sermo-

327 2260 460 2324 nem
475 2287 492 2315 ,
537 2245 670 2302 ante
729 2242 1116 2318 episcopatum
1174 2228 1287 2303 non
1333 2242 1464 2318 plus
1509 2261 1680 2319 quam
1722 2261 1892 2305 unam
1921 2245 2142 2305 habens
2170 2262 2421 2305 uxorem.
2468 2262 2582 2305 non

325 2364 632 2423 percussor
653 2392 668 2420 ,
736 2364 850 2407 non
901 2346 1202 2421 bilinguis,
1271 2364 1384 2407 non
1427 2345 1715 2419 ebriosae,
1784 2364 1895 2407 non
1943 2348 2263 2423 neophytus
2278 2392 2292 2419 ,
2361 2350 2427 2406 ut
2478 2364 2579 2421 per

327 2451 474 2511 haec
494 2451 617 2525 ipse
644 2449 807 2526 prius
831 2450 1091 2511 ostendat
1113 2449 1174 2508 in
1194 2466 1360 2523 opere
1383 2450 1534 2525 quod
1554 2449 1701 2510 alios
1725 2451 1889 2510 docet
1910 2450 1970 2508 in
1994 2466 2248 2511 sermone
2271 2449 2575 2509 doctrinae.

331 2556 575 2616 caueant
603 2570 738 2630 ergo
767 2552 1138 2628 neglegentes
1167 2553 1450 2629 episcopi,
1508 2554 1657 2628 quod
1687 2551 1749 2612 in
1770 2554 2029 2628 tempore
2068 2552 2355 2614 uindictae
2382 2550 2578 2611 Domi-

253 2674 444 2718 nonus
473 2674 574 2732 per
608 2659 946 2732 prophetam
973 2655 1366 2732 conqueritur:
1419 2658 1757 2730 pastores
1798 2655 1983 2716 muti
2026 2653 2365 2715 demoliti
2410 2656 2581 2713 sunt

328 2736 668 2834 populum
735 2777 989 2832 meum,
1063 2763 1136 2818 et
1209 2776 1344 2819 non
1413 2758 1813 2834 pascebant
1882 2761 2221 2834 pastores
2294 2773 2579 2832 gregem

327 2880 574 2935 meum,
633 2863 759 2922 sed
815 2863 1217 2937 pascebant
1273 2865 1610 2937 pastores
1668 2863 1895 2922 semet
1950 2863 2180 2936 ip808,
2226 2861 2327 2922 sed
2384 2860 2577 2936 potius

470 3064 500 3117 7
535 3064 662 3118 Leu-
696 3063 785 3126 21,
822 3063 903 3118 14„
1111 3062 1182 3116 20
1214 3061 1306 3116 Ez.
1341 3062 1427 3127 34,
1465 3061 1514 3115 2.

468 3272 498 3324 1
533 3272 700 3324 testes
737 3285 836 3323 om.
881 3269 946 3334 G,
985 3267 1181 3323 fratres
1227 3267 1278 3320 V
1493 3267 1585 3322 uel
1619 3267 1786 3320 trium
1824 3266 2051 3320 testium
2085 3265 2201 3320 XV
2194 3281 2227 3319 v
2440 3265 2475 3320 2
2511 3264 2576 3334 si]

327 3355 470 3427 quod
506 3356 564 3414 si
590 3357 648 3408 X
813 3355 878 3425 si]
915 3355 964 3409 si
1000 3356 1180 3410 autem
1215 3353 1329 3408 XV
1493 3352 1528 3407 3
1563 3355 1621 3406 et
1654 3352 1929 3408 ecclesiam
1966 3355 2032 3406 X
2200 3351 2412 3407 ethicus
2459 3348 2512 3405 θ

325 3444 364 3498 4
399 3442 718 3512 quicumque
742 3441 884 3495 XVv
1087 3441 1122 3494 5
1157 3439 1391 3493 noluerit
1425 3454 1526 3494 om
1560 3438 1653 3502 Ψ,
1688 3439 2019 3508 contempnit
2050 3438 2191 3492 ΨΧ
2390 3436 2578 3506 fuerit]

325 3531 413 3584 est
446 3529 504 3580 X
775 3529 809 3582 6
846 3526 956 3582 alio
992 3542 1094 3582 orn.
1141 3525 1251 3580 GV
1505 3525 1695 3593 aliquo
1728 3541 1829 3580 om.
1868 3527 1934 3577 X
2183 3523 2318 3593 siue]
2358 3521 2446 3578 uel
2479 3537 2513 3576 v

325 3631 434 3670 non
472 3613 630 3669 debet
665 3613 832 3683 recipi
863 3630 900 3668 v
1125 3626 1357 3680 namque
1391 3610 1652 3680 scriptum
1685 3613 1771 3664 est
1804 3611 1864 3666 in
1897 3610 2019 3680 lege
2052 3625 2087 3664 v
2311 3609 2343 3663 7
2380 3609 2477 3662 aut
2511 3621 2582 3662 ex

327 3705 522 3771 autem¹
557 3700 610 3755 θ
830 3698 1061 3768 accipiat
1093 3715 1128 3754 υ
1363 3697 1398 3754 8
1433 3697 1578 3767 ergo]
1617 3696 1776 3750 illum
1810 3695 1941 3754 add.
1977 3711 2011 3752 v
2247 3693 2445 3763 recipit
2477 3709 2578 3748 om.

336 3787 486 3851 G¹V‚
537 3785 644 3842 sibi
690 3785 874 3856 iungit
907 3803 940 3840 v
1301 3785 1339 3840 9
1375 3784 1561 3838 contra
1605 3782 1901 3852 scripturae
1946 3797 1990 3835 s.
2044 3779 2166 3850 agit
2200 3795 2302 3836 om.
2348 3779 2513 3834 G¹Vv

328 3888 396 3927 ac
430 3871 550 3927 iura.
580 3872 792 3940 scripsi,
829 3869 1027 3926 bucina
1047 3871 1132 3924 ira
1160 3870 1225 3934 V,
1259 3869 1454 3924 bacina
1475 3869 1558 3922 ira
1589 3867 1666 3933 Ψ
1690 3884 1777 3924 ac.
1798 3906 1809 3918 .
1832 3865 2065 3922 ‚excedit
2092 3883 2194 3922 om.
2220 3867 2278 3918 X
2408 3880 2581 3920 sacer-

326 3958 444 4014 doti
479 3958 538 4012 in
571 3957 631 4011 in
666 3955 810 4027 quod
850 3955 918 4021 G,
953 3939 1236 4010 sacerdotii
1269 3956 1328 4010 in
1363 3970 1468 4023 quo
1501 3972 1535 4010 v
1710 3954 1777 4008 10
1809 3968 1979 4022 genus
2013 3967 2114 4006 om.
2161 3950 2272 4006 GV
2440 3949 2576 4006 elec-

325 4049 420 4100 tus
465 4045 576 4100 GV
786 4030 878 4114 eps
922 4043 976 4097 V
1193 4041 1260 4098 11
1297 4039 1715 4110 speculationem
1748 4055 1783 4098 v
1998 4036 2332 4106 praepositus
2376 4036 2519 4091 ΨΧ

328 4133 398 4187 13
431 4119 518 4201 epti
561 4129 667 4186 ΘΧ
949 4129 1016 4182 15
1049 4126 1320 4199 proferens
1356 4144 1392 4182 v
1674 4123 1974 4180 doctrinam
2010 4122 2135 4187 XV,
2171 4120 2443 4176 doctrinae
2482 4137 2515 4176 v

327 4219 397 4274 16
431 4220 558 4272 ante
593 4217 694 4287 ομ]
729 4219 1019 4285 antequam
1053 4215 1332 4284 episcopus
1365 4213 1444 4268 sit
1473 4229 1511 4268 v
1714 4225 1825 4265 non
1858 4211 2039 4279 plures
2085 4207 2166 4264 Vv
2379 4206 2582 4262 habens

323 4319 516 4360 uxores
552 4318 714 4372 quam
747 4317 914 4356 unam
955 4301 1037 4356 Vv
1273 4299 1343 4354 18
1376 4298 1527 4368 prius
1563 4313 1664 4354 om.
1698 4299 1795 4354 Xv
2017 4294 2207 4349 doceat
2248 4293 2303 4350 V
2522 4294 2581 4348 in

322 4407 428 4446 οηι
471 4389 614 4446 ΨΧ
813 4387 884 4442 20
917 4386 1258 4456 conqueritur
1289 4383 1468 4440 dicens
1509 4383 1588 4439 Vv
1800 4382 1941 4438 muti
1975 4395 2078 4436 om.
2123 4379 2266 4435 ΨΧ
2468 4394 2581 4434 mo-

325 4475 420 4530 liti
465 4474 602 4532 G¹V
851 4472 920 4526 21
955 4474 1194 4541 pastores
1229 4487 1332 4528 om.
1367 4487 1402 4525 v
1650 4469 1721 4524 22
1756 4470 1994 4538 pastores
2030 4466 2124 4521 sed
2158 4465 2444 4536 pascebant
2479 4482 2512 4520 υ
