3217 5150
34 249 42 308 -ν-
34 121 44 244 ’-π-
34 0 44 102 -ν--ι

720 518 804 582 66
1661 509 2025 581 Appendix.

723 675 793 732 et
849 689 1000 732 cum
1076 671 1487 743 inuenerit,
1533 675 1922 742 ‘conuocat
1990 671 2263 732 amicas
2322 673 2393 733 et
2449 671 2741 730 uicinas
2800 687 2965 730 suas

719 774 1002 834 dicens:
1063 774 1552 849 gratulamini
1611 773 1820 847 mihi,
1881 776 2223 848 quoniam
2280 774 2535 834 inueni
2594 775 2965 833 denarium

717 895 920 952 quem
970 879 1446 952 perdideram.
1508 877 1670 936 dico
1718 876 1931 938 uobis
1985 878 2157 951 quia
2224 879 2375 938 tale
2427 877 2769 951 gaudium
2824 878 2965 936 erit

716 982 791 1040 in
831 985 1228 1057 conspectu
1269 980 1697 1054 angelorum
1728 979 1859 1039 Dei
1888 997 2108 1054 super
2136 998 2273 1040 uno
2302 983 2695 1056 peccatore
2722 981 2964 1054 paeni-

713 1082 1024 1146 tentiam
1073 1087 1355 1159 agente.
1417 1101 1448 1144 e
1490 1082 1771 1142 contrario
1814 1085 2005 1142 autem
2047 1100 2159 1143 non
2202 1087 2439 1158 agentes
2480 1083 2793 1142 facinorum
2834 1099 3009 1142 suo-s

713 1207 842 1249 rum
881 1188 1287 1262 paenitentiam
1327 1204 1471 1261 quae
1513 1203 1608 1246 eos
1650 1190 1915 1246 maneant
1956 1203 2026 1246 ex
2068 1187 2255 1260 ipsius
2300 1187 2529 1247 Domini
2568 1203 2841 1261 responso
2872 1204 2963 1247 co-

716 1294 1010 1366 gnoscant.
1072 1291 1316 1366 legimus
1347 1290 1498 1350 eniin
1527 1289 1589 1348 in
1618 1289 1913 1364 euangelio
1956 1291 2105 1363 quod
2147 1290 2437 1365 quidam
2478 1293 2843 1350 uenerunt
2884 1288 2963 1350 de

715 1379 1094 1454 Galilaeis'
1141 1395 1229 1452 ad
1283 1390 1702 1464 Dominum,
1776 1391 2304 1452 adnuntiantes
2358 1393 2423 1452 ei
2496 1394 2576 1452 de
2640 1392 2749 1452 eis
2804 1408 2964 1466 quo-

710 1513 865 1556 rum
895 1497 1318 1572 sanguinem
1347 1495 1644 1556 miscuit
1672 1495 1963 1554 Pilatus
1992 1511 2143 1555 cum
2172 1495 2586 1556 sacrificiis
2614 1495 2963 1570 ipsorum:

708 1600 980 1673 quibus
1037 1598 1422 1673 respondit
1479 1597 1831 1658 Dominus
1885 1597 2173 1658 dicens:
2238 1599 2545 1672 putatis
2602 1599 2774 1673 quia
2832 1599 3034 1658 illim

709 1701 1035 1762 Galilaei
1087 1717 1308 1776 super
1361 1704 1653 1762 ceteros
1715 1700 2107 1762 Galilaeos
2148 1705 2588 1776 peccatores
2632 1701 2957 1780 fuerant,

711 1806 887 1880 quia
943 1804 1144 1878 passi
1213 1807 1389 1864 sunt
1445 1804 1679 1866 talia?
1737 1822 1890 1865 non.
1960 1804 2129 1864 dico
2184 1805 2377 1864 enim
2430 1805 2687 1878 nobie,
2754 1803 2963 1878 inquit,

712 1907 882 1981 quia
934 1907 1090 1966 nisi
1145 1907 1677 1982 paenitentiam
1722 1905 2083 1981 egeritis,
2144 1925 2387 1970 omnes
2432 1907 2803 1968 similiter
2846 1925 2961 1982 pe·

707 2009 944 2070 rietis.
1025 1995 1152 2070 aut
1214 2011 1336 2070 illi
1417 2012 1659 2070 decem
1742 2014 1815 2070 et
1890 2014 2053 2071 octo
2128 2027 2351 2084 super
2426 2027 2604 2085 quos
2687 2011 2965 2070 cecidit

707 2112 944 2173 turris
987 2114 1060 2173 in
1117 2113 1349 2186 Siloa,
1393 2114 1687 2187 putatis
1744 2113 1917 2188 quia
1959 2113 2351 2174 debitores
2394 2113 2700 2174 fuerunt
2740 2115 3033 2175 mortiu

705 2233 923 2291 super
978 2233 1220 2277 omnes
1279 2217 1608 2277 homines
1655 2216 1779 2291 qui
1831 2215 2281 2278 habitabant
2324 2216 2399 2276 in
2438 2217 2961 2278 Hierusalem?

705 2337 860 2393 non,
907 2319 1067 2380 dico
1109 2320 1342 2393 uobis,
1387 2321 1594 2394 inquit,
1626 2320 1793 2394 quia
1835 2319 1985 2379 nisi
2028 2319 2574 2394 paenitentiam
2616 2319 2961 2394 egeritis,

705 2441 952 2484 omnes
997 2423 1365 2484 similiter
1408 2423 1757 2497 perietis.

612 2527 688 2587 16
789 2525 1118 2587 Excitemus
1157 2528 1350 2602 itaque
1391 2543 1494 2587 nos
1524 2529 1802 2602 quantum
1852 2543 2173 2603 possumne,
2220 2526 2427 2587 fratres
2458 2524 2819 2587 dilectissimi
2835 2571 2851 2599 ,
2900 2529 2963 2585 et

643 2710 646 2713 ῃ
707 2633 949 2705 abrupto
991 2630 1228 2689 inertiae
1269 2634 1329 2689 et
1381 2630 1709 2691 securitatis
1757 2646 1953 2691 somno
1992 2631 2067 2691 ad
2114 2630 2471 2689 obseruanda
2513 2629 2743 2689 Domini
2788 2645 2957 2701 prae·
2978 2646 3031 2687 eo

705 2738 870 2807 cepta
899 2732 1225 2807 uigilemus.
1267 2750 1604 2809 quaeramus
1656 2735 1783 2793 tota
1808 2734 1995 2793 mente
2026 2732 2178 2806 quod
2205 2732 2573 2805 perdidimus,
2604 2735 2669 2791 ut
2698 2731 2959 2791 inuenire

701 2836 1017 2909 possimus:
1083 2836 1252 2909 quia
1310 2835 1732 2913 quaerenti,
1800 2835 1883 2895 ait
1948 2834 2251 2909 scriptura,
2317 2834 2629 2895 dabitur
2686 2837 2755 2893 et
2798 2833 2959 2907 pul-

703 2937 910 2997 santi
951 2938 1371 3012 aperietur.
1433 2939 1771 2999 mundemus
1813 2940 2040 2999 domum
2090 2941 2345 2998 nostram
2375 2937 2654 2997 munditia
2684 2936 2959 3011 spiritali,

700 3042 765 3099 ut
817 3043 1036 3101 secreta
1087 3058 1340 3116 quaeque
1381 3044 1440 3101 et
1479 3041 1679 3101 abdita
1728 3041 1977 3115 pectoris
2020 3041 2199 3101 nostri
2246 3058 2379 3101 uero
2420 3038 2704 3114 euangelii
2734 3038 2955 3099 lumine

700 3143 922 3204 radiata
961 3144 1186 3203 dicant:
1239 3145 1381 3204 tibi
1435 3144 1585 3203 soli
1636 3144 1924 3219 deliqui
1973 3148 2049 3204 et
2111 3143 2639 3218 nequissimum
2678 3142 3031 3211 incon-2⁵

699 3250 960 3325 spectu
1009 3250 1134 3308 tuo
1184 3246 1358 3307 feci:
1419 3248 1552 3321 quia
1603 3265 1793 3307 mors
1850 3251 2328 3322 peccatorum
2386 3246 2577 3307 mala
2636 3248 2707 3305 et
2764 3246 2959 3320 apud

697 3348 978 3411 inferos
1029 3350 1508 3425 paenitentia
1559 3352 1804 3413 nulla:
1865 3351 2141 3411 habentes
2196 3351 2259 3409 in
2304 3347 2780 3424 contemplatione
2826 3366 2955 3409 ma·

701 3455 847 3514 xime
878 3452 1027 3514 diem
1056 3452 1252 3513 iudicii
1281 3457 1340 3513 et
1367 3454 1795 3515 retributionis:
1846 3457 1905 3514 et
1935 3454 2089 3528 quod
2118 3455 2190 3513 ab
2221 3453 2481 3514 omnibus
2510 3452 2676 3513 nobis
2708 3451 2950 3512 creden-

831 3697 863 3751 7
900 3698 1027 3753 Luc.
1076 3698 1166 3764 13,
1202 3699 1352 3752 1-5.
1700 3698 1771 3752 22
1818 3697 1939 3751 Luc.
1990 3697 2073 3761 11,
2111 3696 2194 3751 10.
2537 3695 2607 3749 25
2641 3696 2728 3750 PS·
2774 3694 2863 3759 ω,
2898 3696 2955 3749 6.

693 3782 764 3837 26
796 3782 884 3837 ΡΒ.
920 3784 1005 3848 33,
1041 3784 1124 3837 22.
1599 3804 1604 3807 ·

832 4007 863 4059 1
899 4022 1021 4061 suas
1058 4022 1164 4062 om.
1201 4024 1234 4063 v
1483 4008 1518 4063 2
1553 4006 2007 4078 congratulamini
2039 4023 2073 4063 v
2324 4006 2365 4062 4
2399 3988 2467 4059 do
2502 4003 2569 4059 K
2598 4018 2631 4057 o
2665 4004 2731 4057 in
2765 4017 2881 4057 ras.

694 4091 729 4144 5
763 4091 1049 4161 agentibus
1085 4092 1152 4147 K
1350 4094 1384 4148 6
1423 4097 1718 4165 agnoscant
1752 4094 1817 4148 K
2006 4082 2048 4145 '7
2086 4092 2229 4148 enim
2262 4106 2366 4147 om.
2400 4090 2469 4145 K
2662 4088 2731 4143 12
2766 4087 2961 4156 inquit

691 4176 1025 4246 quiaom.v
1230 4180 1586 4235 15siliaK¹
1797 4180 1864 4236 17
1901 4178 2463 4234 nisiexniKm.2
2668 4175 2961 4243 1990389-

689 4278 807 4319 mus
842 4265 909 4319 K
1071 4266 1142 4321 20
1175 4269 1233 4321 et
1267 4266 1592 4337 securitatis]
1630 4266 1883 4321 ueritatis
1917 4265 1984 4319 K
2148 4263 2353 4319 somnio
2388 4262 2455 4317 K
2607 4260 2693 4329 ad]
2729 4262 2787 4314 et
2821 4260 2891 4313 K

687 4350 756 4403 21
789 4352 1046 4422 inuenire]
1083 4368 1208 4407 uere
1241 4353 1309 4408 K
1313 4372 1328 4419 ς
1364 4354 1436 4420 cs.
1464 4370 1601 4423 paq.
1636 4356 1720 4419 57,
1756 4358 1826 4409 10
2046 4350 2117 4406 23
2150 4349 2443 4405 munditias
2480 4345 2744 4418 spiritalis
2782 4344 2851 4399 K
2864 4348 2882 4375 ²

685 4436 756 4490 24
789 4451 824 4490 a
857 4438 1082 4505 pectoris
1117 4438 1184 4493 K
1441 4438 1512 4495 25
1545 4438 1785 4509 delinqui
1821 4438 1888 4493 K
1897 4442 1915 4469 ²
2174 4436 2241 4491 27
2279 4433 2781 4504 contemplationem
2819 4430 2891 4486 K
