3217 5150
902 536 992 593 De
1030 535 1294 605 duplici
1328 536 1663 605 martyrio
1699 554 1741 592 c.
1778 537 1998 592 28—31.
2114 578 2123 585 -
2244 610 2249 621 Ι
2444 540 2568 605 241

324 696 545 771 religio,
578 712 681 755 nec
712 694 857 757 alios
888 693 1234 755 detestemur
1263 694 1378 770 ipsi
1405 696 1767 770 grauioribus
1798 696 2025 757 obnoxii
2054 697 2413 758 criminibus:
2467 715 2573 759 nec

320 801 459 861 alibi
511 799 690 859 simus
745 796 1010 873 religiose
1063 797 1272 871 timidi,
1328 797 1468 858 alibi
1519 799 1879 873 impudenter
1921 800 2101 874 impii.
2149 802 2251 860 sed
2280 800 2571 861 Christum

319 905 492 965 semel
521 903 770 978 professi
800 904 925 962 tota
952 902 1076 961 uita
1107 902 1409 965 reddamus
1439 901 1528 961 illi
1558 903 1967 976 testimonium,
2013 906 2071 964 et
2112 904 2358 979 undique
2374 904 2569 979 glori·-

317 1008 552 1070 ficemus
595 1007 758 1066 illum
805 1006 1134 1067 obedientes
1177 1005 1337 1067 illius
1367 1005 1717 1081 praeceptis:
1764 1008 1831 1066 ut
1860 1006 1921 1065 in
1949 1006 2057 1067 hoc
2088 1010 2435 1082 cognoscant
2462 1010 2568 1067 ho-

279 1130 300 1169 ⁵
318 1111 500 1170 mines
546 1109 699 1185 quod
739 1126 874 1170 uere
903 1108 1130 1169 fidimus
1157 1109 1270 1183 illi,
1321 1111 1473 1184 quod
1501 1127 1570 1171 ex
1600 1110 1787 1170 animo
1818 1109 2109 1184 diligimus
2140 1108 2304 1170 illum
2333 1113 2391 1171 et
2420 1112 2569 1185 quod

315 1232 426 1274 non
457 1213 724 1273 simulate
755 1214 828 1272 ad
860 1229 1083 1272 sacrum
1112 1212 1402 1271 lauacrum
1433 1211 1753 1272 addiximus
1782 1229 1887 1273 nos
1916 1211 2073 1272 illius
2102 1211 2373 1298 militiae.-

397 1316 616 1376 Beatus
657 1316 949 1390 apostolus
990 1313 1275 1389 praedixit
1317 1314 1465 1375 nulli
1495 1316 1586 1390 pie
1616 1316 1813 1376 uiuere
1840 1315 2056 1377 uolenti
2086 1316 2146 1374 in
2176 1315 2401 1375 Christo
2432 1317 2565 1377 Iesu
2587 1316 2669 1377 30

257 1495 268 1503 .
316 1420 641 1480 defuturam
691 1418 1162 1493 persecutionem.
1210 1419 1262 1477 si
1304 1418 1464 1479 deest
1505 1422 1807 1495 tyrannus,
1864 1420 1915 1479 si
1943 1399 2144 1494 tortor,
2178 1418 2229 1479 si
2258 1420 2561 1494 spoliator:

314 1542 428 1584 non
458 1524 641 1584 deerit
671 1521 1130 1598 concupiscentia
1159 1522 1422 1599 martyrii
1451 1524 1749 1584 materiam
1780 1522 2166 1597 quotidianam
2208 1523 2371 1583 nobis
2402 1524 2564 1584 exhi-

244 1642 294 1682 10
309 1628 470 1687 bens.
517 1628 800 1701 postremo
852 1626 995 1686 haec
1045 1625 1172 1701 ipsa
1221 1626 1375 1685 mala
1426 1643 1572 1700 quae
1626 1643 1817 1687 secum
1868 1626 2051 1686 defert
2090 1627 2213 1685 uita
2240 1626 2563 1687 mortalium

199 1710 202 1713 ⁴
310 1745 565 1804 quaeque
594 1729 707 1804 piis
737 1746 864 1789 cum
893 1728 1086 1802 impiis
1115 1729 1433 1789 communia
1455 1733 1610 1806 sunt,
1642 1730 1904 1807 martyrii
1927 1746 2188 1790 coronam
2210 1730 2375 1790 nobis
2397 1746 2561 1805 para·

305 1834 470 1906 bunt,
525 1831 576 1891 si
616 1831 858 1905 placide,
913 1830 964 1890 si
1005 1848 1134 1891 cum
1162 1833 1480 1908 gratiarum
1511 1835 1733 1896 actione
1761 1834 2180 1909 pertulerimus.
2225 1849 2409 1909 neque
2438 1835 2560 1908 pri·

305 1936 428 1995 uati
472 1937 608 1994 sunt
657 1934 921 2009 martyrii
962 1934 1146 2008 gloria
1187 1936 1526 2011 quicumque
1557 1937 1813 1998 uiolenta
1840 1940 2023 1997 morte
2052 1938 2423 1997 consummati
2450 1955 2562 1997 non

304 2042 455 2099 sunt.
505 2038 633 2114 quis
685 2040 874 2098 autem
925 2038 1078 2099 ausit
1129 2040 1222 2099 uel
1251 2040 1548 2100 Abraham
1598 2041 1986 2115 patriarcham
2038 2039 2131 2101 uel
2171 2039 2341 2100 huius
2382 2040 2562 2102 filium

235 2162 282 2201 ιε,
305 2143 472 2203 Isaac
502 2140 596 2202 uel
625 2142 856 2201 beatum
885 2142 989 2202 Iob
1020 2144 1262 2204 eximere
1293 2160 1324 2203 e
1354 2145 1667 2219 martyrum
1705 2160 1939 2204 numero
1954 2148 1983 2204 ⁴?
2029 2160 2174 2219 quae
2204 2144 2561 2205 carnificinae

305 2245 541 2320 grauius
599 2246 891 2305 torserunt
949 2263 1152 2319 corpus
1167 2291 1183 2319 ,
1263 2264 1432 2321 quam
1492 2247 1855 2321 patriarchae
1913 2250 2159 2307 mentem
2218 2248 2559 2322 torquebant

302 2349 540 2407 naturae
570 2348 827 2423 affectus,
859 2365 986 2408 cum
1015 2348 1412 2411 incunctanter
1441 2351 1514 2410 ad
1549 2350 1656 2411 Dei
1684 2350 1905 2411 iussum
1934 2352 2238 2425 appararet
2265 2350 2557 2410 immolare

305 2452 484 2512 filium
509 2452 738 2511 unicum
767 2454 828 2511 et
857 2453 1021 2513 unice
1053 2470 1265 2527 carum,
1313 2453 1374 2512 in
1404 2470 1516 2527 quo
1537 2432 1669 2514 ‘tota
1720 2471 1853 2529 spes
1882 2456 2007 2514 erat
2035 2454 2125 2512 illi
2152 2452 2507 2527 posteritatis
2526 2456 2553 2511 'l’

303 2554 442 2630 quid
472 2555 658 2616 defuit
685 2554 851 2617 Isaac
879 2557 1173 2632 martyrio,
1207 2554 1306 2631 qui
1337 2556 1482 2616 nihil
1512 2557 1945 2617 obmurmurans
1986 2574 2191 2632 passus
2220 2557 2311 2616 est
2342 2572 2405 2616 se
2435 2555 2552 2616 col-

229 2674 284 2715 πο
305 2660 477 2734 ligari
507 2663 566 2718 et
589 2659 804 2736 imponi
833 2660 1020 2734 busto,
1051 2675 1157 2719 nec
1187 2661 1418 2734 expauit
1446 2661 1506 2720 in
1536 2661 1815 2722 ceruicem
1842 2661 2127 2720 uibratam
2153 2662 2510 2720 machaeram
2523 2662 2551 2719 ἓ

297 2762 464 2823 cuius
515 2766 702 2822 autem
760 2762 1094 2839 martyrium
1139 2763 1472 2823 audebimus
1524 2765 1780 2825 conferre
1832 2782 1958 2825 cum
1998 2763 2100 2824 his
2153 2779 2297 2838 quae
2346 2779 2555 2838 passus

296 2869 388 2927 est
430 2866 534 2927 Iob
548 2870 578 2926 ’ἓ
1385 2927 1398 2941 ,

384 2969 542 3039 Quod
574 2968 624 3028 si
655 2969 785 3043 quis
816 2969 1004 3031 adhuc
1033 2970 1244 3029 diffidit
1275 2971 1519 3032 sermoni
1563 2973 1760 3030 nostro
1777 3015 1792 3045 ,
1838 2973 1992 3031 certe
2037 2969 2191 3030 beati
2218 2969 2387 3029 Pauli
2416 2987 2546 3030 uer·
2572 2967 2648 3025 31

291 3073 384 3132 bis
413 3091 527 3132 non
555 3073 776 3148 poterit
805 3072 1084 3133 diffidere.
1116 3073 1168 3133 is
1199 3073 1456 3134 scribens
1485 3074 1560 3132 ad
1585 3074 1877 3134 Hebraeos
1907 3091 2067 3134 orsus
2096 3074 2170 3133 ab
2198 3073 2347 3133 Abel
2368 3088 2548 3147 usque

219 3194 272 3234 25
295 3177 370 3235 ad
399 3175 713 3237 Gedeonem
735 3176 1026 3251 ingentem
1055 3179 1380 3237 sanctorum
1409 3177 1731 3252 catalogum
1760 3180 2035 3250 recenset,
2086 3177 2149 3236 in
2199 3193 2310 3251 quo
2353 3177 2549 3250 plures

289 3282 427 3340 sunt
455 3281 554 3355 qui
582 3297 696 3340 non
728 3279 984 3340 defuncti
1033 3284 1169 3340 sunt
1219 3282 1399 3341 morte
1425 3280 1679 3342 uiolenta
1697 3325 1713 3354 ,
1766 3281 1935 3341 immo
1986 3282 2153 3356 pauci
2174 3277 2314 3342 “sunt
2336 3281 2435 3354 qui
2464 3281 2549 3340 sic

285 3383 499 3443 mortui
528 3386 698 3443 sunt:
746 3385 807 3443 et
835 3385 1025 3444 tamen
1055 3386 1124 3444 de
1155 3383 1415 3444 omnibus
1443 3385 1809 3459 pronuntiat:
1872 3388 1939 3445 et
1982 3385 2059 3444 hi
2101 3387 2173 3444 te
2191 3403 2218 3445 s
2236 3384 2545 3444 timonio

285 3486 473 3546 fidei
516 3486 818 3563 probati
861 3487 1156 3548 inuenti
1212 3489 1414 3560 sunt,
1489 3487 1785 3562 perspicue
1844 3487 2139 3548 declarans
2188 3489 2361 3548 etiam
2420 3486 2545 3546 uita

283 3591 434 3650 bona
458 3591 664 3666 ‘peragi
691 3591 1027 3666 martyrium
1057 3589 1209 3651 fidei.
1257 3591 1526 3652 ecclesiae
1549 3591 1779 3666 quidem
1806 3607 1945 3651 usus
1984 3591 2258 3652 discernit
2282 3589 2415 3650 illos
2445 3607 2544 3650 co-

211 3713 264 3755 eo
283 3691 668 3769 gnominibus,
688 3696 968 3769 martyres
981 3693 1276 3770 appellans
1291 3709 1387 3754 eos
1405 3694 1502 3769 qui
1525 3695 1779 3755 uiolenta
1800 3696 1981 3754 morte
2004 3695 2387 3766 decesserunt,
2407 3710 2543 3753 con-

281 3796 530 3856 fessores
559 3795 658 3871 qui
687 3798 1017 3858 constanter
1045 3798 1106 3856 in
1135 3798 1481 3858 cruciatibus
1531 3814 1597 3858 ac
1649 3797 1821 3858 minis
1868 3796 2067 3858 mortis
2117 3796 2364 3871 professi
2407 3800 2543 3856 sunt

281 3917 488 3960 nomen
509 3898 738 3961 Domini
769 3900 900 3960 Iesu
928 3901 1118 3976 parati
1149 3904 1389 3962 mortem
1421 3903 1687 3977 oppetere
1716 3902 1809 3962 uel
1838 3901 2029 3977 potins
2052 3899 2311 3976 martyrii
2340 3917 2540 3975 supre-

281 4022 434 4064 mam
465 4021 726 4064 coronam
757 4003 1094 4064 ambientes.
1141 4006 1292 4080 apud
1321 4006 1503 4064 Deum
1531 4009 1725 4066 tamen
1754 4004 2090 4080 quicumque
2120 4021 2345 4066 carnem
2376 4021 2539 4065 suam

283 4107 684 4168 crucifixerunt
736 4125 862 4168 cum
904 4108 1066 4168 uitiis
1105 4111 1166 4167 et
1204 4110 1697 4183 concupiscentiis,
1751 4108 2089 4184 quicumque
2134 4109 2361 4170 Christo
2404 4127 2539 4170 uere

210 4233 262 4275 es
282 4212 615 4272 commortui
668 4214 802 4272 sunt
856 4211 1020 4287 eique
1067 4211 1128 4271 in
1155 4212 1438 4287 baptismo
1484 4213 1805 4288 consepulti
1835 4214 1989 4286 sunt,
2043 4212 2252 4273 utiam
2280 4230 2390 4273 non
2422 4213 2537 4272 sibi

277 4314 482 4375 uiuant
532 4331 715 4390 neque
767 4317 976 4377 mundo
1009 4315 1100 4377 cni
1130 4315 1306 4377 semel
1337 4318 1545 4377 mortui
1575 4319 1731 4391 sunt,
1786 4319 1887 4378 sed
1932 4318 1985 4377 ei
2015 4317 2113 4392 qui
2144 4334 2246 4392 pro
2276 4316 2418 4391 ipsis
2447 4318 2537 4375 est

417 4464 487 4518 26
520 4463 682 4518 Hebr.
723 4467 770 4532 1,
808 4465 892 4520 39.

481 4569 562 4616 111
601 4571 646 4616 A
2041 4561 2119 4619 16
