3217 5150
562 527 693 595 302
766 565 779 571 -
1498 525 1866 598 Appendix.

673 1013 760 1076 IV
760 1059 778 1077 .
834 1014 939 1075 AD
982 1015 1439 1075 SENATOREM
1480 1013 1581 1074 Ex
1626 1013 2090 1074 CHRISTIANA
2130 1013 2540 1073 RELIGIONE
2581 1012 2688 1074 AD

967 1131 1360 1196 IDOLORVM
1404 1135 1886 1198 SERVITVTEM
1928 1135 2398 1196 coNVERSVM.

940 1350 1089 1436 Gum
1116 1376 1175 1434 te
1205 1374 1447 1435 diuersis
1476 1374 1684 1435 iterum
1713 1373 1991 1449 uenisque
2017 1373 2270 1436 uiderem

936 1477 1223 1537 Inseruire
1252 1476 1431 1538 sacris
1457 1477 1758 1552 priscoque
1799 1494 1986 1538 errore
2016 1477 2218 1552 teneri,

937 1579 1199 1654 Obstipui
1228 1584 1435 1641 motus.
1468 1581 1603 1655 quia.
1633 1580 1886 1641 carmina.
1915 1597 2135 1655 semper
2161 1581 2396 1654 amasti,

936 1682 1195 1744 Carmine
1224 1685 1572 1758 respondens
1600 1683 1905 1759 properaui
1935 1683 2182 1744 scribere
2211 1698 2412 1743 uersus

857 1786 895 1847 5
937 1787 1019 1848 Vt
1043 1791 1102 1846 te
1132 1789 1502 1862 corriperem:
1536 1787 1801 1847 tenebras
1828 1803 2172 1862 praeponere
2201 1786 2315 1846 luci

940 1889 1079 1961 Quis
1106 1893 1365 1965 patiatur
1392 1891 1565 1964 enim,
1594 1893 1654 1951 te
1682 1892 1923 1950 matrem
1953 1891 2182 1950 credere
2211 1905 2477 1964 magnam

937 1994 1111 2054 Posse
1141 1993 1303 2054 deam
1332 1992 1447 2053 dici
1476 2010 1786 2068 rursusque
1815 1995 2016 2069 putare
2045 1993 2360 2066 colendam,

939 2096 1109 2156 Cuius
1138 2098 1387 2157 cultores
1414 2096 1652 2156 infamia
1681 2097 1870 2171 turpis
1899 2096 2120 2157 inurit?

941 2199 1203 2275 Namque
1236 2201 1561 2261 sacerdotes
1592 2199 1805 2262 tunicis
1834 2200 2207 2260 muliebribus
2230 2200 2381 2260 idem

821 2305 901 2364 10
943 2303 1195 2364 Interius
1224 2303 1431 2364 uitium
1457 2303 1616 2363 cultu
1647 2301 1924 2363 exteriore
1952 2303 2230 2376 fatentur,

948 2407 1125 2482 quue
1155 2407 1327 2467 licere
1357 2409 1563 2482 putant
1594 2408 1743 2480 quod
1769 2424 1884 2467 non
1913 2406 2080 2467 licet:
2111 2407 2262 2466 unde
2291 2423 2390 2481 per
2420 2403 2614 2464 urbem

942 2511 1173 2570 Leniter
1201 2512 1469 2570 incedunt
1496 2509 1721 2570 mollita
1749 2527 1885 2570 uoce
1914 2510 2232 2585 loquentes,

942 2614 1323 2690 Lassatosqne
1353 2618 1567 2675 tenent·
1580 2618 1810 2673 extenso
1839 2613 2044 2689 pollice
2072 2614 2296 2675 lumbos

946 2716 1025 2777 Et
1042 2720 1335 2794 proprium
1363 2720 1589 2779 mutant
1618 2719 1856 2792 uulgato
1887 2718 2122 2778 crimine
2153 2733 2367 2778 sexum.

821 2820 897 2879 15
944 2820 1192 2895 Cumque
1222 2839 1354 2882 suos
1384 2822 1678 2881 celebrant
1705 2821 1872 2894 ritus,
1904 2821 1998 2881 his
2025 2838 2150 2881 esse
2178 2820 2378 2879 diebus

947 2924 1015 2983 Se
1048 2927 1236 2983 castos
1263 2928 1607 2984 memorant:
1639 2928 1702 2983 at
1731 2926 1782 2985 si
1813 2924 2201 2984 tantummodo
2227 2926 2366 2983 tunc
2396 2924 2530 2983 sunt

946 3026 1025 3085 Vt
1052 3028 1353 3100 perhibent
1383 3028 1547 3100 casti,
1578 3027 1800 3101 reliquo
1828 3027 1944 3087 iam
1973 3030 2225 3101 tempore
2251 3026 2390 3101 quid
2418 3028 2592 3086 sunt?

946 3128 1055 3188 Sed
1084 3129 1219 3204 quia
1246 3134 1527 3205 coguntur
1556 3130 1752 3191 saltim
1781 3131 1958 3190 semel
1991 3146 2118 3190 esse
2145 3130 2360 3204 puffici,

942 3232 1133 3291 Mente
1162 3232 1426 3307 fremunt,
1458 3234 1715 3293 lacerant
1745 3252 1948 3309 corpus
1980 3234 2334 3308 funduntque
2365 3250 2640 3293 cruorem.

817 3336 901 3395 20
943 3334 1119 3406 Quale
1150 3354 1371 3397 sacrum
1402 3339 1488 3397 est
1518 3355 1653 3398 uero
1684 3338 1834 3411 quod
1864 3337 2042 3398 fertur
2072 3336 2294 3397 nomine
2325 3336 2558 3412 sanguis
2579 3340 2608 3394 ¹?

704 3674 977 3744 Incipiunt
1011 3676 1133 3745 (om.
1170 3674 1249 3745 F)
1285 3692 1469 3731 uersus
1506 3675 1680 3731 sancti
1714 3676 1970 3746 Cypriani
2009 3676 2243 3745 episcopi
2278 3677 2336 3729 et
2369 3677 2623 3754 martyris
2648 3676 2810 3743 (chri-

568 3762 644 3815 sti
676 3760 803 3816 add.
831 3762 920 3833 Η)
958 3762 1026 3817 ad
1062 3763 1323 3832 quendam
1360 3765 1655 3817 senatorem
1691 3778 1752 3817 ex
1793 3762 2100 3819 Christiana
2134 3763 2392 3832 religione
2429 3762 2497 3817 811
2548 3762 2810 3817 idolorum

569 3848 886 3902 seruitutem
921 3864 1232 3903 conuersum
1266 3850 1397 3903 FH.
1435 3879 1503 3889 —
1541 3851 1571 3903 1
1608 3850 1869 3917 uenisque
1903 3849 2033 3913 ΡΗ,
2070 3848 2342 3917 uariisque
2375 3864 2408 3902 v
2646 3848 2680 3901 3
2717 3846 2810 3901 ob—

566 3934 751 4003 stupui
783 3934 866 3989 F²
1032 3938 1209 3990 motus
1244 3936 1372 4001 ΓΗ,
1409 3936 1648 3990 monitus
1685 3936 1969 3989 Pameliue
2129 3936 2164 3989 9
2199 3934 2393 3988 tonicis
2431 3935 2500 3988 H
2651 3934 2811 3987 muli·-

570 4018 746 4073 eribus
780 4020 853 4073 H
992 4010 995 4019 ’
1038 4022 1197 4091 idem]
1234 4022 1294 4076 id
1330 4025 1414 4075 est
1446 4038 1583 4077 corr.
1624 4022 1686 4075 F
1714 4024 1776 4075 in
1811 4023 1986 4091 ipsum
2020 4022 2083 4075 in
2116 4037 2282 4091 mry.
2481 4020 2550 4073 10
2583 4020 2811 4073 interius

570 4105 766 4160 uitium
800 4107 862 4160 F
888 4108 951 4161 in
982 4126 1166 4183 mqry„
1204 4109 1348 4163 inter
1382 4108 1658 4163 iusticiam
1695 4109 1758 4163 F
1783 4110 1849 4163 in
1885 4114 2043 4163 textu
2249 4107 2523 4176 exteriore]
2561 4106 2812 4159 interiore

571 4191 854 4247 Pameliue
1172 4196 1237 4248 11
1274 4195 1457 4249 urbem
1492 4195 1618 4259 FH‚
1659 4195 1836 4249 orbem
1871 4212 1904 4249 v
2238 4194 2304 4247 13
2339 4194 2676 4264 lapsatosque
2710 4209 2744 4247 v

568 4278 760 4345 pollice
794 4294 937 4335 corr.
972 4280 1034 4334 in
1066 4280 1249 4349 podice
1282 4281 1344 4334 F
1372 4298 1441 4335 m.
1474 4285 1515 4339 2
1722 4282 1789 4335 15
1823 4280 2099 4335 delebrant
2123 4280 2188 4334 H
2389 4280 2454 4335 16
2490 4283 2550 4333 at
2584 4294 2719 4332 corr.
2747 4281 2814 4331 in

568 4378 630 4417 ac
664 4364 725 4417 F
752 4381 820 4419 m.
855 4368 892 4421 2
1096 4366 1163 4421 18
1197 4366 1289 4421 sed
1326 4384 1448 4436 exp.
1485 4366 1547 4421 F
1576 4373 1628 4421 et
1665 4384 1806 4425 corr.
1844 4371 1904 4422 at
1937 4369 1999 4422 in
2030 4384 2198 4438 mry.
2407 4366 2600 4421 saltem
2635 4382 2683 4428 υ,
2721 4364 2814 4417 secl

568 4449 673 4503 tim
706 4450 1015 4518 H,·sedF
