3217 5150
1378 531 1702 586 Carmina.

779 653 1075 753 Humanos
1105 693 1256 751 inter
1286 707 1487 750 sensus
1516 690 1816 766 ipsumque
1845 691 2152 765 labantem,

776 796 1005 856 Vertice
1034 797 1099 854 ut
1127 794 1349 854 abiecto
1378 809 1592 868 pronus
1623 794 1756 867 post
1783 809 1951 852 crura
1978 795 2228 855 uirorum

778 900 1064 972 Serperet,
1094 899 1161 956 ut
1186 897 1373 956 calcet
1404 897 1536 955 dum
1565 896 1766 956 labens
1795 897 2108 957 comminus
2136 897 2338 959 instat.

774 1002 1008 1064 Femina
1051 999 1398 1076 fraudigeris
1428 1000 1632 1060 misere
1661 1000 1898 1074 decepta
1925 1000 2196 1074 suadelis,

611 1106 730 1166 115
776 1105 1134 1179 Praecipitur
1163 1105 1306 1164 duro
1336 1103 1663 1163 discrimine
1692 1119 1900 1178 ponere
1928 1107 2156 1179 partum

777 1207 1197 1281 seruitiumque
1216 1207 1308 1267 sui
1336 1206 1527 1267 studio
1556 1207 1810 1280 perferre
1839 1207 2052 1268 mariti.

776 1311 863 1371 'l'u
891 1329 1027 1373 uero
1059 1311 1152 1370 cui
1180 1309 1309 1371 uisa
1336 1310 1451 1370 fuit
1480 1310 1768 1370 sententia
1799 1327 1972 1370 uerax

776 1414 1069 1488 Coniugis,
1098 1414 1306 1474 immiti
1337 1413 1512 1474 cessit
1540 1429 1686 1487 quae
1716 1414 1873 1475 uicta
1901 1415 2154 1487 draconi,

771 1518 1021 1578 Deflebis
1050 1517 1319 1578 miserum
1347 1534 1450 1592 per
1478 1519 1738 1592 tempora
1764 1518 1938 1592 longa
1965 1518 2249 1578 laborem:

605 1621 729 1682 120
772 1621 924 1680 Nam
965 1620 1076 1680 tibi
1104 1619 1365 1680 triticeae
1396 1622 1594 1694 surget
1621 1636 1724 1692 pro
1748 1620 2004 1694 germine
2033 1620 2236 1682 messis

770 1723 1029 1784 Carduae
1060 1726 1120 1783 et
1148 1724 1331 1798 spinis
1361 1723 1605 1783 multum
1634 1723 1893 1797 paliurus
1924 1724 2134 1797 acutis,

763 1829 845 1890 Vt
875 1845 1003 1888 cum
1032 1828 1347 1890 uisceribus
1376 1826 1549 1886 lassis
1580 1829 1642 1886 et
1670 1830 1896 1902 pectore
1930 1829 2146 1888 maesto

768 1931 1024 1991 Plurima
1052 1931 1329 1992 sollicitos
1357 1932 1653 2004 praestent
1683 1929 1931 2005 suspiria
1960 1931 2168 2004 uictus,

770 2034 961 2095 Donec
990 2035 1053 2094 in
1081 2034 1313 2096 occiduo
1341 2034 1628 2094 uenientis
1657 2037 1912 2109 tempore
1955 2035 2178 2108 mortis,

607 2137 728 2197 125
772 2138 937 2198 Vnde
968 2138 1121 2212 geris
1149 2154 1371 2212 corpus,
1402 2139 1590 2197 terrae
1618 2138 1858 2197 reddare
1879 2137 2108 2198 iacenti.

854 2241 965 2300 His
994 2241 1139 2302 actis
1167 2241 1443 2302 Dominus
1470 2240 1718 2320 trepidis
1749 2241 1851 2300 dat
1879 2242 2070 2301 taedia
2100 2241 2274 2314 uitae,

772 2343 1145 2418 Deiectosque
1174 2345 1373 2418 procul
1402 2345 1649 2405 sacratis
1683 2340 1938 2406 dimouet
1965 2344 2148 2404 hortis

772 2447 1167 2522 Obuersosque
1196 2448 1349 2509 locat
1376 2447 1674 2523 medioque
1703 2447 1965 2508 eliminat
1993 2447 2116 2522 igni
2134 2493 2150 2520 ,

776 2550 847 2609 In
878 2567 988 2625 quo
1017 2551 1293 2626 perceleri
1324 2550 1628 2612 Cherubim
1657 2550 1944 2613 euoluitur
1971 2553 2152 2625 aestu,

613 2654 737 2714 130
778 2654 927 2715 Dum
957 2654 1176 2716 calidus
1206 2655 1465 2715 deferuet
1492 2672 1636 2730 apex
1667 2656 2034 2729 flammasque
2064 2655 2311 2715 uolutat.

775 2758 919 2829 Quis
945 2758 1241 2832 Dominus,
1286 2760 1450 2833 pigro
1481 2776 1553 2819 ne
1582 2758 1798 2833 frigore
1826 2759 2080 2819 membra
2107 2758 2380 2833 rigerent,

777 2862 1015 2922 consuit
1043 2863 1273 2923 euulsas
1304 2864 1585 2937 pecudum
1615 2863 1686 2923 (16
1711 2862 1928 2923 11166616
1957 2860 2137 2937 pelles

777 2964 1051 3039 Operiens
1080 2966 1263 3025 nudos
1293 2966 1497 3026 calidis
1528 2967 1597 3026 (16
1629 2966 1890 3026 uestibus
1923 2968 2106 3025 artus,

860 3068 1014 3142 Ergo
1043 3068 1145 3128 ubi
1172 3068 1438 3143 coniugio
1461 3086 1586 3131 sese
1617 3070 1732 3129 iam
1761 3070 1907 3129 fidus
1935 3070 2192 3131 Adamus

609 3169 731 3229 135
775 3170 918 3230 Esse
948 3171 1137 3230 uirum
1166 3172 1368 3245 sensit,
1399 3190 1603 3233 nomen
1634 3172 1935 3247 genitricis
1963 3175 2186 3232 amatae

771 3273 1019 3333 Exhibet
1048 3275 1224 3333 uxori.
1271 3275 1437 3335 binos
1467 3275 1565 3350 qui
1594 3275 1850 3350 germine
1881 3275 2071 3335 factus
2191 3304 2202 3312 ’

773 3375 1052 3436 Continuo
1082 3376 1309 3451 genitor
1338 3376 1584 3439 diuersis
1615 3381 1907 3453 nuncupat
1951 3380 2120 3439 orsis.

770 3478 965 3554 Atqm
996 3480 1137 3540 Cain
1165 3480 1259 3541 hic
1286 3498 1491 3541 nomen
1521 3482 1715 3555 habet,
1745 3482 1840 3541 cui
1867 3482 2098 3541 1111161116
2125 3480 2375 3541 Abalus:

768 3582 1051 3644 Innocuas
1080 3585 1263 3646 multa
1292 3585 1560 3645 seruabat
1587 3602 1726 3646 cura
1753 3585 2034 3659 bidentes,

602 3685 725 3745 140
767 3686 849 3745 At
879 3686 1029 3745 alius
1057 3704 1229 3749 curuo
1256 3691 1469 3752 terram
1500 3689 1767 3748 uertebat
1795 3691 2009 3749 aratro.

771 3789 851 3848 Hi
880 3807 1008 3850 cum
1035 3794 1310 3866 perpetuo
1340 3793 1560 3853 ferrent
1588 3810 1695 3853 sua
1724 3792 1873 3854 dona
1901 3790 2147 3865 tonanti,

2521 536 2648 602 287

531 4113 632 4168 111
669 4112 938 4169 labentem
973 4112 1031 4169 Β
1350 4115 1453 4169 113
1486 4114 1693 4170 calcent
1735 4114 1928 4171 Ochler
1963 4113 2218 4179 (Teo-tull.
2257 4114 2336 4171 11
2355 4132 2417 4185 p.
2451 4118 2575 4181 775)

393 4198 499 4255 114
532 4200 768 4257 suadelis
812 4200 895 4267 Β,
942 4200 1172 4270 loquelis
1216 4200 1489 4255 Herelius
1534 4206 1585 4256 et
1620 4218 1654 4256 v
2063 4201 2168 4255 118
2218 4200 2483 4270 cessitque
2519 4200 2576 4256 Β

394 4286 497 4340 127
532 4288 665 4341 ortis
701 4285 759 4342 Β
1080 4286 1183 4341 130
1214 4286 1417 4342 calidos
1454 4287 1511 4343 Β
1831 4287 1933 4341 131
1968 4288 2190 4341 menbra
2223 4286 2486 4356 frigerent
2521 4286 2575 4341 Β

395 4370 501 4426 133
532 4373 809 4443 opperiens
842 4372 1146 4430 Fabricius
1304 4374 1407 4428 136
1440 4372 1569 4428 bino
1605 4372 1883 4429 Mortuus
1915 4378 1969 4427 et
2002 4389 2036 4429 v
2196 4372 2299 4429 138
2334 4373 2485 4427 cuius
2521 4372 2575 4427 R

391 4456 497 4512 139
528 4458 705 4513 multa
738 4459 811 4526 Β,
846 4460 1009 4515 11111116
1042 4460 1313 4516 Herelius
1347 4464 1401 4515 et
1434 4476 1467 4515 v
1676 4458 1778 4514 140
1811 4460 1872 4512 at
1906 4458 1977 4525 Β,
2015 4460 2104 4515 ast
2137 4476 2171 4516 v
