3217 5150
685 526 814 593 184
1622 520 1987 591 Appendix.

681 698 1176 757 quaecumque
1221 682 1454 741 uultis
1497 682 1641 741 illa
1694 682 2023 741 faciatis.
2066 682 2249 741 babes
2298 700 2451 741 1111110
2496 698 2725 741 earnem
2776 686 2939 743 tum

685 804 858 861 qnam
885 801 1124 860 superes
1149 800 1404 859 semper:
1464 786 1604 860 quid
1654 784 1766 843 tibi
1794 784 1887 843 uis
1938 784 2183 843 alteram
2228 786 2323 845 uel
2350 784 2705 845 conducere?
2768 802 2935 845 nemo

679 906 852 963 super
876 906 1050 949 unam
1087 888 1306 948 febrem
1343 890 1502 963 eupit
1547 888 1821 949 adhibere
1858 888 2107 961 peiorem
2124 934 2141 961 ,
2198 904 2273 949 ne
2300 888 2545 963 incipiat
2572 889 2937 950 hemitritaeo

681 990 990 1053 insanabili
1017 991 1276 1053 laborare
1290 1037 1307 1066 ,
1357 991 1452 1051 eni
1477 990 1677 1051 nullus
1704 991 1899 1051 ualeat
1922 992 2179 1053 medicus
2228 993 2553 1053 subuenire,
2606 1010 2791 1068 neque
2820 993 2935 1053 ali-

677 1094 808 1169 quis
835 1111 1008 1169 super
1035 1112 1180 1155 onus
1205 1094 1498 1170 proprium
1547 1094 1707 1153 tollit
1732 1094 1967 1169 insuper
1996 1094 2264 1168 alienum,
2306 1112 2381 1154 ne
2410 1096 2679 1156 oneribus
2708 1097 2937 1158 duobus
2954 1119 2979 1157 s

673 1214 978 1272 oppreoeus
1005 1216 1186 1271 usqne
1213 1199 1290 1257 ad
1315 1197 1532 1257 inferos
1559 1197 1943 1272 demergatur.
1986 1200 2137 1259 unde
2188 1198 2273 1257 sio
2298 1198 2623 1259 ffieremias
2650 1200 2937 1275 propheta

673 1301 838 1361 deest
865 1301 1194 1361 sanctitatis
1221 1300 1444 1375 pondus
1471 1300 1845 1375 m'ngulnriter
1872 1299 2287 1361 susfinendnm.
2342 1302 2601 1362 benum
2642 1305 2795 1377 est,
2840 1303 2937 1363 in-

673 1404 828 1482 quit,
873 1404 1035 1465 niro
1063 1422 1214 1465 eum
1241 1404 1667 1479 portauerit
1693 1403 1944 1479 iugum
1970 1422 2205 1479 graue
2228 1406 2301 1464 in
2344 1405 2735 1467 iuuentute
2768 1424 2935 1468 sua:

667 1506 964 1570 sedebit
1005 1506 1504 1583 singulariter
1543 1510 1617 1568 et
1664 1506 1960 1582 silebit,
2004 1509 2347 1583 quoniam
2388 1509 2575 1569 tulit
2604 1526 2829 1586 super
2856 1528 2935 1573 se

671 1609 914 1687 iugum
959 1626 1199 1687 graue.
1846 1688 1857 1705 .
2954 1632 3004 1672 1⁰

575 1718 660 1777 10
761 1715 872 1775 Sed
899 1714 1202 1788 qnisquam
1229 1714 1518 1789 malignus
1545 1714 1849 1776 obsonator
1898 1717 1973 1774 ad
2004 1715 2221 1775 dietum
2248 1716 2497 1791 apostoli
2525 1717 2695 1777 Pauli
2724 1718 2929 1779 confu-

665 1816 790 1891 giat
848 1817 1072 1876 dicens:
1139 1833 1364 1877 onera
1407 1821 1665 1877 uestra
1704 1818 2085 1879 sustinete
2124 1818 2467 1894 inuicem,
2536 1824 2611 1881 et
2652 1820 2761 1881 sie
2804 1823 2927 1881 im-

663 1919 984 1995 plebitis
1027 1919 1258 1993 legem
1301 1920 1608 1979 Christi.
1654 1937 1769 1980 non
1796 1921 1938 1981 haee
1966 1924 2103 1981 sunt
2128 1939 2303 1982 onera
2342 1939 2489 1997 quse
2516 1922 2735 1983 Paulus
2780 1940 2923 1999 apo-

667 2022 852 2082 stolus
879 2022 1124 2098 imperat
1149 2022 1546 2098 subuehenda,
1597 2024 1701 2083 sed
1730 2026 1796 2085 ut
1842 2024 2157 2085 tolerantes
2196 2027 2419 2086 nosmet
2446 2027 2607 2101 ipsos
2634 2026 2927 2087 discordia

667 2125 828 2185 nulla
853 2126 1142 2187 discernet
1167 2130 1232 2187 et
1257 2127 1322 2185 in
1349 2127 1821 2201 temptationibus
1848 2129 2177 2188 constitutis
2218 2129 2496 2190 frutribus
2524 2132 2725 2191 mutua
2752 2147 2921 2205 prae-
2942 2150 2993 2189 u

671 2229 906 2291 beamus
935 2231 1170 2303 auxilia,
1199 2246 1314 2289 11011
1341 2234 1408 2290 ut
1435 2230 1548 2304 ipsi
1573 2231 1743 2290 nobis
1770 2234 2183 2306 temptamenta
2220 2248 2325 2307 per
2363 2232 2605 2293 feminas
2644 2251 2919 2308 procure-

661 2348 790 2392 mus
805 2376 821 2406 ,
881 2334 981 2393 sed
1009 2336 1076 2393 ut
1101 2336 1641 2409 temptamentorum
1670 2335 1856 2409 magis
1884 2336 2137 2409 pondera
2162 2334 2557 2396 subleuemus:
2610 2354 2741 2397 oum
2770 2336 2919 2397 seiat

665 2436 832 2511 quale
861 2436 942 2497 sit
971 2436 1300 2497 sanctitatis
1331 2436 1528 2511 iugum
1571 2437 1725 2511 quod
1752 2438 1851 2496 uix
1878 2438 2171 2512 singulare
2220 2441 2496 2513 portetur.
2560 2439 2631 2499 de
2661 2457 2773 2514 quo
2801 2456 2915 2500 non

657 2540 842 2602 solum
871 2540 996 2615 ipse
1023 2540 1124 2602 sed
1153 2543 1214 2601 et
1234 2540 1508 2601 Dominus
1537 2540 1725 2601 noluit
1752 2542 1971 2601 eertum
1992 2540 2227 2602 definire
2256 2543 2625 2618 praeceptum
2638 2589 2653 2616 ,
2686 2542 2915 2604 dicens:

655 2660 792 2704 non
835 2661 1080 2704 omnes
1109 2645 1412 2717 capiunt
1439 2645 1735 2704 uerbum
1766 2643 2001 2720 istud,
2048 2646 2175 2705 sed
2205 2646 2477 2720 quibus
2505 2646 2751 2708 datum
2780 2651 2985 2710 estne

659 2747 982 2808 etiterum:
1029 2746 1151 2821 qui
1193 2750 1446 2821 potest
1491 2764 1752 2821 capere
1794 2748 2069 2822 capiat.
2114 2749 2167 2808 si
2218 2767 2355 2823 ergo
2388 2749 2619 2810 difficile
2646 2749 2910 2825 singula-

657 2849 800 2910 riter
827 2848 1160 2924 magnitudo
1187 2849 1358 2910 istius
1387 2849 1655 2924 ponderis
1685 2850 1989 2924 toleratur,
2022 2855 2299 2927 quomedo
2320 2853 2664 2914 tolerabitur
2677 2899 2694 2927 ,
2724 2853 2779 2914 si
2808 2870 2910 2930 ge·

657 2950 890 3015 minatis
917 2952 1264 3026 ponderibus
1291 2956 1745 3028 prsegrauetur?
1795 2957 1855 3014 et
1906 2956 1957 3014 si
1988 2956 2311 3030 singulares
2366 2973 2543 3030 paene
2590 2973 2787 3018 omnes
2814 2957 2913 3018 uix

655 3055 864 3114 durant
891 3055 1150 3116 carnales
1179 3054 1418 3115 insidias
1448 3057 1752 3131 sustinere,
1785 3059 1923 3132 quid
1952 3059 2175 3120 faciunt
2202 3059 2297 3118 ini
2324 3060 2423 3135 qui
2452 3077 2523 3120 ex
2550 3062 2795 3134 utroque
2822 3061 2911 3120 la-

651 3158 774 3216 tere
803 3157 1016 3231 gladiis
1043 3157 1500 3233 impendentibus
1543 3177 1660 3220 non
1688 3164 2027 3224 cunctantur
2053 3163 2375 3224 incumbere
2388 3167 2417 3222 9
2486 3163 2621 3238 plus
2650 3163 2796 3224 dieo.
2856 3164 2911 3223 si
2930 3185 2981 3226 2³

650 3259 845 3320 mariti
874 3262 934 3320 et
961 3276 1163 3320 uxores
1216 3261 1497 3322 desideria
1525 3264 1851 3338 eoniugalia
1891 3265 2099 3326 cotidie
2140 3270 2407 3341 gerentes
2436 3283 2551 3328 non
2598 3266 2713 3327 sibi
2742 3266 2909 3327 suffi-

649 3361 826 3436 ciunt,
879 3363 1020 3437 quid
1071 3367 1252 3440 agunt
1281 3364 1373 3424 illi
1401 3367 1500 3440 qui
1529 3366 1602 3425 ad
1630 3369 1923 3442 augendas
1950 3369 2391 3445 inpugnationes
2418 3370 2649 3432 feminis
2682 3369 2908 3432 socian-

647 3467 785 3527 tur?
817 3483 888 3526 ex
929 3467 1218 3541 inprouiso
1245 3469 1341 3529 uel
1369 3471 1736 3530 transeunter
1764 3472 1841 3531 ad
1868 3473 2067 3540 heram
2096 3473 2377 3534 femineus
2406 3475 2675 3548 aspectus
2704 3489 2904 3534 oecur-

645 3585 777 3630 rens
801 3571 960 3630 uelut
989 3569 1236 3646 sagittas
1265 3571 1469 3634 alienis
1500 3573 1679 3634 oeulis
1708 3574 1905 3635 iactat.
1940 3577 2165 3650 quando
2186 3576 2369 3642 libera
2396 3594 2510 3637 11011
2539 3579 2629 3637 est
2660 3576 2904 3652 simplex

781 3841 812 3894 7
851 3839 1042 3927 Tluen.
1081 3841 1132 3907 3,
1167 3841 1251 3896 27.
1461 3843 1529 3898 12
1566 3841 1687 3898 Gal.
1728 3848 1778 3909 6,
1812 3844 1865 3902 2.
2072 3845 2142 3900 20
2175 3845 2371 3900 Metth.
2413 3846 2495 3913 19,
2536 3847 2619 3901 11.

780 4096 815 4151 2
849 4096 956 4168 uel]
993 4097 1133 4153 uelle
1176 4099 1222 4155 G
1441 4099 1475 4154 3
1511 4098 1783 4154 emitriteo
1820 4099 1865 4155 C
2088 4101 2125 4154 4
2159 4100 2343 4156 labore
2387 4101 2455 4157 0¹
2674 4104 2711 4158 5
2746 4119 2903 4174 super

648 4183 696 4236 0
722 4197 765 4237 s.
803 4181 838 4237 l.
873 4199 942 4238 m.
981 4187 1022 4239 2
1207 4186 1242 4241 8
1277 4200 1401 4240 uero
1446 4185 1514 4241 0¹
1702 4185 1769 4240 11
1805 4185 2083 4256 confugiet
2118 4186 2346 4242 dieentis
2383 4205 2416 4242 v
2608 4189 2676 4244 15
2710 4192 2902 4245 mutua

641 4283 742 4326 om.
779 4285 814 4324 v
960 4269 1030 4325 25
1065 4270 1496 4340 impendentibus
1530 4288 1631 4326 om.
1674 4275 1718 4327 0
1862 4274 1911 4326 si
1952 4276 2000 4328 0
2024 4289 2065 4328 s.
2102 4273 2141 4329 l.
2175 4290 2247 4329 m.
2282 4278 2319 4328 2
2466 4274 2535 4329 26
2571 4275 2751 4330 uxoris
2791 4277 2837 4332 0

643 4355 752 4410 sibi
785 4370 892 4410 non
925 4371 960 4410 v
1179 4357 1248 4412 27
1283 4357 1540 4428 iugendas
1584 4359 1632 4414 Ο
1851 4359 1921 4414 28
1954 4360 2250 4428 improuisa
2294 4360 2341 4416 0
2544 4361 2613 4416 29
2648 4361 2821 4418 libera
2860 4363 2907 4420 C

533 4519 540 4525 ἱ
637 4441 751 4496 sed.
789 4457 879 4496 ere
910 4457 954 4497 s.
991 4442 1026 4498 l.
1061 4456 1132 4498 m.
1168 4445 1207 4498 2
1411 4444 1637 4514 simplex
1668 4461 1740 4502 ex
1774 4445 2038 4516 supplicia
2074 4447 2121 4502 G
2150 4464 2218 4502 m.
2254 4450 2294 4502 2
