3217 5150
2315 571 2542 618 LXXXI

285 706 498 770 textus
539 721 685 770 uero
722 702 1069 770 innumeris
1110 703 1264 770 locis
1303 705 1688 773 emendatus«
1698 707 1778 770 et.
1791 704 1870 774 ad
1901 705 2236 790 genuinam
2273 706 2540 772 formam

288 803 581 882 redactus
604 820 719 898 est,
748 820 823 882 ut
844 817 1094 884 Erasmi
1123 817 1389 884 recensio
1420 817 1786 903 integritate
1809 819 1888 887 ab
1911 839 1984 888 ca
2005 820 2190 902 longe
2219 820 2544 902 supersim·

289 930 561 1012 exceptis
592 949 739 996 sane
766 928 1083 996 nonnullis
1110 929 1294 996 libris
1324 931 1389 995 et
1416 930 1653 1014 spuriis
1681 930 2013 1014 plerisque,
2056 930 2124 996 in
2153 932 2380 1015 quibus
2407 933 2546 996 teia

289 1040 369 1106 ab
398 1041 656 1106 Erasmo
689 1043 934 1123 pendet.

366 1150 621 1218 -Nounm
648 1170 900 1236 prorsus
932 1154 1105 1220 uiam
1132 1154 1352 1220 eodem
1380 1155 1660 1238 tempore
1687 1155 2007 1239 ingressus
2037 1155 2138 1222 est·
2161 1154 2544 1224 finilielmus
2561 1178 2710 1223 Editio
2728 1178 2871 1224 1020-

287 1262 608 1344 Morelius„
651 1265 760 1347 qui
798 1264 1109 1346 prioribus
1152 1264 1530 1332 editionibus
1570 1265 1876 1349 neglectis
1907 1263 2544 1349 maximam-scripto·
2649 1249 2786 1293 ¹¹⁸⁸*

286 1395 431 1442 rum
471 1376 715 1458 partem
756 1395 829 1442 ex
844 1376 1173 1444 codicibus
1216 1377 1414 1448 denuo
1453 1377 1938 1459 imprimendam
1967 1378 2216 1444 curauit
2242 1378 2306 1442 et
2319 1377 2546 1460 ‚spuria

293 1487 591 1570 conplura
631 1488 879 1554 adiecit.
924 1488 1161 1572 prodiit
1201 1488 1393 1556 editio
1422 1488 1690 1557 Parisiis
1717 1489 1899 1572 apud
1929 1487 2093 1554 Guil.
2126 1489 2390 1556 Desbois
2413 1491 2543 1554 ,sub

290 1597 431 1664 Sole
442 1617 625 1664 aureo
636 1599 741 1664 uia
754 1599 1049 1666 Iacobaea
1058 1619 1114 1666 a.
1135 1600 1319 1666 1564.
1337 1599 1557 1666 insunt
1567 1599 1748 1665 haee:
1764 1598 2058 1664 Adriani
2069 1598 2349 1673 Turnebi
2355 1619 2548 1681 prae-

285 1709 450 1792 fatio
486 1710 577 1777 ad
619 1708 923 1779 Gwrolum
962 1711 1505 1778 Maximiliannm
1554 1709 1875 1776 Valesinm
1903 1711 2310 1778 Francorum
2345 1731 2547 1794 reyem

288 1821 907 1906 christianissimum,
956 1823 1105 1896 Vita
1134 1823 1451 1905 Cypriani
1468 1843 1589 1904 per
1619 1823 1946 1902 Pontium,
1981 1824 2182 1890 Aetas
2212 1823 2548 1890 Passionis

288 1933 471 1998 cuins
518 1933 805 2002 Pontius·
842 1935 1147 2014 meminit,
1201 1934 1429 2000 Passio
1472 1955 1593 2016 per
1633 1933 1920 2000 Paulum
1967 1934 2306 2002 diaconum
2353 1934 2546 2014 edita,

288 2045 606 2112 Passioex
614 2047 905 2128 antiquis
917 2047 1101 2112 libris
1111 2047 1443 2128 descripta,
1454 2046 1686 2112 Passio
1690 2067 1809 2128 per
1819 2045 2246 2112 Prudentinm
2255 2045 2548 2130 (Punica

292 2161 469 2222 terra
490 2157 641 2222 tulit
662 2157 831 2242 etc),
863 2156 1159 2244 Qualiter
1180 2163 1541 2224 sanctorum
1558 2158 1936 2240 Martyrum
1955 2157 2272 2240 Cypriani
2290 2157 2544 2240 Sperati

292 2268 717 2336 Pantaleonis
743 2270 1055 2352 reliquiae
1082 2259 1472 2353 Lnydunnm
1502 2262 1770 2350 adeptae
1799 2271 1944 2348 sint,
1980 2269 2194 2338 Sermo
2225 2269 2291 2336 S.
2323 2270 2546 2352 Augu-

290 2379 451 2444 stini
478 2381 555 2446 de
584 2380 651 2448 S.
688 2381 1015 2463 Cypriane
1041 2386 1318 2463 martyre
1346 2383 1411 2448 et
1439 2382 1565 2446 alia
1594 2381 1828 2465 elogia;
1885 2381 2106 2446 deinde
2133 2382 2338 2465 indice
2367 2399 2546 2464 prae-

290 2493 483 2558 misso
530 2484 713 2576 opera
757 2494 873 2559 hoc
918 2494 1166 2560 ordine:
1219 2493 1425 2558 libelli
1455 2494 1507 2558 Ι.
1538 2492 1618 2558 Χ.
1651 2493 1762 2571 ΙΧ,
1816 2493 2123 2577 epistulae
2167 2493 2270 2560 37.
2303 2493 2404 2559 38.
2443 2493 2543 2569 10,

290 2605 497 2671 libelli
525 2606 603 2670 V.
636 2606 779 2671 VH.
813 2606 991 2671 VIII.
1024 2606 1136 2671 XI.
1168 2604 1315 2673 XII.
1344 2606 1525 2671 XIII.
1558 2605 1670 2671 IV.
1706 2606 1817 2685 VI,
1847 2606 2283 2688 epistulam).
2309 2606 2410 2671 60.
2435 2605 2541 2673 57.

292 2718 396 2783 59.
442 2717 546 2783 52.
591 2717 697 2781 47.
740 2718 847 2785 45.
888 2718 995 2783 44.
1026 2718 1131 2784 51.
1180 2719 1279 2785 13.
1322 2719 1427 2783 43.
1478 2718 1582 2785 65.
1621 2720 1675 2784 1.
1709 2720 1814 2784 61.
1853 2719 1958 2785 46.
2003 2718 2108 2785 54.
2151 2718 2254 2783 32.
2303 2717 2406 2783 20.
2446 2717 2544 2784 12.

294 2829 399 2895 78.
431 2830 533 2895 67.
568 2829 669 2894 64.
700 2830 760 2895 2.
793 2831 852 2895 3.
892 2829 989 2894 14.
1019 2830 1126 2895 49.
1158 2830 1261 2895 50.
1292 2830 1395 2895 68.
1421 2832 1465 2911 †
1491 2830 1590 2895 75.
1623 2830 1729 2895 53.
1767 2831 1868 2897 16.
1903 2830 2001 2897 15.
2037 2830 2138 2895 17.
2173 2828 2275 2895 18.
2309 2828 2409 2895 19.
2439 2828 2544 2895 26.

294 2942 399 3010 25.
444 2942 504 3008 9.
548 2942 652 3008 29.
694 2942 799 3008 56.
836 2942 891 3006 7.
926 2943 987 3019 6,
1025 2941 1137 3007 lib.
1169 2942 1257 3020 ΙΙ,
1300 2942 1365 3007 4.
1394 2942 1498 3007 55.
1532 2942 1637 3007 28.
1673 2943 1773 3007 11.
1803 2942 1907 3007 39.
1937 2942 2042 3009 58.
2072 2942 2156 3008 69
2205 2937 2542 3026 (dimidia).

292 3054 397 3119 48.
431 3054 533 3120 66.
564 3053 669 3118 40.
701 3054 805 3131 63,
836 3051 939 3117 De
962 3052 1151 3119 lande
1172 3053 1497 3135 maa-tyrii,
1530 3054 1630 3117 73.
1665 3054 1764 3117 71.
1802 3054 1902 3131 70,
1935 3052 2294 3119 Sententiae
2319 3052 2548 3133 episco-

288 3184 537 3246 porum.
593 3165 695 3229 74.
747 3166 850 3231 69.
910 3165 1011 3230 72.
1062 3165 1168 3229 31.
1225 3165 1327 3243 77,
1383 3165 1485 3243 79,
1544 3166 1588 3245 †
1639 3164 1748 3229 Ad
1817 3163 2126 3247 Viqilinm
2173 3164 2545 3245 episcopum,

293 3277 340 3358 †
368 3275 699 3342 Aduersus
727 3275 999 3341 Iudaeos
1034 3276 1149 3357 qni
1187 3272 1458 3341 insecuti
1486 3279 1638 3341 sunt
1666 3276 1994 3340 dominnm
2021 3280 2308 3341 nostrwn
2334 3275 2550 3347 Iesum

296 3384 641 3465 Christum,
692 3388 795 3465 so,
849 3386 960 3451 Aa
994 3384 1347 3461 Quirinum
1371 3387 1523 3453 fibri
1550 3388 1700 3463 tres,
1752 3386 1856 3453 54.
1887 3388 1991 3454 23.
2025 3388 2126 3452 24.
2159 3390 2203 3469 †
2231 3387 2336 3454 21.
2357 3388 2413 3469 .†
2439 3370 2544 3455 22.

294 3499 341 3580 †
370 3499 427 3565 8.
464 3498 564 3563 35.
600 3500 701 3565 36.
736 3499 839 3565 33.
870 3499 973 3565 34.
1006 3498 1110 3564 41.
1142 3500 1203 3567 5.
1235 3500 1281 3581 †
1306 3496 1409 3563 De
1438 3498 1840 3577 aleatoribus,
1870 3496 1972 3565 De
1999 3499 2154 3565 bono
2169 3497 2547 3580 pudicitiae,

292 3606 407 3676 Ad
434 3610 883 3677 Nouatianum
934 3610 1311 3677 haereticum
1351 3610 1517 3692 qnod
1561 3610 1767 3691 lapsis
1806 3614 1946 3691 etc„
2000 3611 2099 3677 76.
2145 3610 2248 3675 42.
2294 3611 2396 3676 62.
2440 3612 2546 3689 81,

294 3721 399 3791 De
412 3722 805 3804 spectaculis,
834 3722 935 3787 De
950 3721 1197 3803 duplici
1216 3722 1542 3803 martyrio,
1572 3720 1674 3786 De
1695 3720 2146 3804 singularitate
2165 3721 2547 3800 clericorum,
2589 3744 2599 3765 ⁸

294 3835 401 3902 De
436 3834 877 3901 cardinalibus
907 3833 1151 3900 Christi
1196 3834 1503 3916 operibus,
1554 3833 1890 3915 Eaepositio
1927 3834 2006 3897 in
2045 3833 2404 3915 symbolum,
2433 3833 2548 3902 ,De

294 3948 609 4013 montibus
638 3946 807 4015 Sina
836 3950 893 4011 et
926 3947 1103 4025 Sion,
1149 3949 1193 4028 †
1220 3946 1323 4011 De
1350 3946 1674 4053 duodecim
1713 3946 2118 4011 abusionibus
2142 3944 2398 4023 saeculi,
2446 3944 2548 4012 De

295 4060 675 4125 reuelatione
700 4058 931 4140 capitis
960 4060 1097 4139 etc„
1125 4060 1171 4141 †
1190 4058 1545 4140 Dispositio
1573 4078 1814 4135 coenae,
1842 4056 2163 4123 Carmina
2190 4059 2236 4140 †
2266 4056 2546 4133 Genesis,
2609 4099 2622 4113 ·

295 4174 341 4255 †
370 4172 655 4253 Sodoma,
698 4170 799 4237 De
838 4191 1015 4237 cruce
1052 4170 1317 4247 domini,
1357 4166 1540 4252 †'Ad
1568 4169 1886 4251 quendam
1907 4172 2276 4236 senatorem.
2318 4187 2474 4251 quae
2503 4170 2547 4249 †
2659 4180 2677 4202 ⁸

297 4284 477 4369 signo
515 4285 729 4351 notaui
768 4285 907 4348 tum
949 4283 1189 4351 inedita
1230 4284 1423 4350 erant.
1466 4282 1767 4349 Mol-elius
1806 4282 2171 4363 priusquam
2209 4280 2544 4347 editionem

297 4396 575 4463 absoluit
613 4398 900 4463 mortuus
932 4394 1007 4460 de
1039 4394 1353 4461 codicibus
1381 4395 1445 4458 et
1474 4413 1626 4469 suae
1653 4392 2022 4459 recensionis
2060 4392 2298 4459 ratione
2326 4391 2546 4461 critica

294 4509 457 4578 nihil
496 4507 732 4593 docuit,
776 4507 941 4590 quod
980 4527 1125 4581 cum
1156 4507 1466 4581 ,audacius
1490 4507 1557 4571 in
1585 4524 1662 4571 ea
1685 4524 1754 4572 re
1781 4523 1852 4572 se
1877 4504 2145 4589 gessisse
2180 4518 2296 4569 non
2341 4501 2544 4571 uideri

498 4634 604 4680 111.
2109 4610 2143 4674 f
