3217 5150
687 503 770 567 62
1627 501 1996 570 Appendix.

687 657 930 731 gestiam
953 661 982 717 ἓ
1069 659 1524 733 quandoquidem
1603 659 1886 722 Niniuitis
1962 658 2292 734 Allophylis
2358 661 2418 719 et
2481 660 2649 736 longe
2714 678 2751 720 a
2814 661 2947 734 lege

687 760 911 820 Domini
955 762 1284 822 constitutis
1337 767 1570 837 propter
1638 763 1895 824 ciuitatis
1948 781 2085 824 suae
2126 763 2521 822 adnuntiatam
2586 763 2947 824 euersionem

687 865 1122 937 deprecantibus
1187 865 1571 926 misericordia
1618 867 1723 927 Dei
1788 885 1900 929 non
1968 869 2297 940 denegatur.
2362 865 2477 942 ipsi
2518 866 2608 926 illi
2650 865 2945 926 Pharaoni

685 967 965 1041 sacrilega
1027 967 1348 1028 temeritate
1413 970 1759 1044 repugnanti
1774 1015 1791 1043 ,
1856 988 1986 1032 cum
2052 970 2273 1044 quando
2338 969 2681 1029 caelestibus
2747 967 2943 1044 plagis

685 1071 1081 1131 uerberaretur
1145 1073 1205 1130 et
1269 1087 1576 1132 conuersus
1630 1072 1813 1147 Moysi
1856 1075 1917 1132 et
1973 1073 2143 1132 fratri
2207 1072 2331 1132 eius
2397 1071 2661 1133 dixisset:
2730 1089 2763 1131 o
2776 1089 2855 1131 ra
2868 1067 2943 1130 te
2962 1093 2987 1130 s

685 1191 812 1248 pro
878 1191 984 1234 me
1050 1175 1136 1234 ad
1189 1173 1596 1247 Dominum,
1662 1177 1829 1250 quia
1888 1176 2216 1250 peccaui,
2283 1175 2345 1234 in
2402 1175 2717 1236 continenti
2758 1174 2830 1234 ab
2876 1189 2944 1234 eo

685 1276 1138 1350 suspendebatur
1192 1279 1280 1337 ira
1321 1277 1444 1336 Dei.
1514 1279 1574 1336 et
1618 1280 1681 1336 tu
1726 1277 1838 1338 iam
1854 1323 1869 1352 ,
1915 1278 2234 1338 Nouatiane
2250 1323 2266 1350 ,
2336 1277 2555 1338 iudicas
2598 1279 2657 1338 et
2722 1277 2946 1336 nullam

684 1395 844 1452 spem
887 1380 1044 1453 pacis
1087 1399 1154 1441 ac
1197 1380 1616 1442 misericordiae
1662 1382 1870 1442 habere
1914 1381 2107 1456 lapsos
2150 1381 2444 1456 praedicas
2488 1395 2593 1440 nec
2622 1379 2945 1453 increpanti

683 1487 742 1542 te
785 1485 1044 1560 apostolo
1089 1501 1283 1546 aurem
1314 1486 1707 1546 adcommodas
1736 1485 1978 1548 dicenti:
2026 1489 2102 1544 tu
2144 1486 2311 1560 quis
2354 1502 2428 1545 es
2472 1485 2599 1560 qui
2642 1484 2945 1544 iudicas

683 1603 968 1648 seruum
1035 1588 1398 1648 alienum?
1467 1589 1751 1650 domino
1818 1607 1943 1650 suo
2012 1592 2163 1648 stat
2230 1592 2355 1649 aut
2410 1589 2632 1648 cadit.
2702 1588 3019 1648 stabitio

688 1693 944 1763 autem,
988 1693 1254 1765 potens
1297 1694 1420 1751 est
1463 1692 1651 1752 Deus
1696 1692 2047 1752 stabilire
2103 1691 2337 1752 illum.
2398 1691 2544 1752 unde
2586 1691 2945 1766 pertinenter

686 1796 748 1854 et
788 1794 1103 1854 necessarie
1145 1809 1214 1854 ex
1266 1810 1511 1869 persona
1563 1795 1869 1856 eorundem
1912 1795 2199 1869 lapsorum
2242 1794 2500 1869 increpat
2540 1811 2643 1854 uos
2702 1794 2945 1869 spiritus

687 1899 922 1956 sanctus
992 1896 1126 1956 dum
1199 1897 1369 1958 dicit:
1453 1898 1610 1958 noli
1680 1898 2059 1973 gratulari
2140 1896 2441 1957 inimica
2508 1914 2656 1958 mea
2735 1897 2939 1970 mihi,

686 2000 1025 2073 quoniam
1094 2000 1158 2060 si
1225 2001 1498 2075 cecidi,
1579 2005 1652 2062 et
1722 2018 2144 2076 exsurgam:
2210 2005 2281 2061 et
2338 2001 2405 2062 si
2463 2000 2536 2060 in
2604 1999 2945 2060 tenebris

686 2102 1187 2177 ambulauero,
1259 2104 1605 2164 Dominus
1665 2106 1905 2165 lumen
1963 2107 2079 2165 est
2136 2103 2335 2164 mihi.
2416 2104 2595 2163 iram
2651 2102 3017 2162 Dominixe

684 2204 1044 2279 tolerabo,
1105 2207 1444 2281 quoniam
1500 2208 1805 2281 peccaui
1860 2207 2008 2281 illi,
2059 2223 2287 2281 usque
2338 2207 2497 2265 dum
2556 2205 2943 2266 iustificet

684 2325 974 2369 causam
1026 2327 1246 2370 meam
1293 2314 1366 2369 et
1417 2311 1653 2371 faciat
1702 2309 2079 2370 iustitiam
2127 2312 2201 2368 et
2252 2308 2607 2370 iudicium
2656 2312 2731 2368 et
2782 2327 2940 2383 pro-

686 2412 904 2472 ducat
945 2430 1048 2472 me
1101 2413 1186 2472 ad
1225 2413 1473 2472 lucem.
1527 2414 1791 2474 uidebo
1836 2413 2215 2474 iustitiam
2258 2412 2477 2472 illius
2530 2414 2601 2472 et
2647 2412 2943 2474 uidebit

683 2529 782 2573 me
842 2513 1145 2573 inimica
1201 2530 1352 2573 mea
1407 2515 1480 2574 et
1535 2515 1915 2590 cooperiet
1975 2529 2049 2572 se
2104 2512 2555 2573 confusione.

584 2619 663 2680 13
769 2616 911 2690 Orc,
977 2635 1091 2678 non
1147 2617 1372 2693 legisti:
1433 2618 1671 2679 nolite
1735 2616 2087 2692 gloriari,
2148 2619 2221 2676 et
2277 2616 2515 2677 nolite
2566 2616 2773 2691 loqui
2820 2635 3011 2681 ex-ao

685 2720 905 2793 celsa,
959 2723 1031 2781 et
1071 2738 1155 2781 ne
1199 2721 1412 2781 exeat
1454 2720 2098 2794 magniloquentia
2139 2737 2221 2780 ex
2265 2736 2385 2779 ore
2434 2722 2722 2793 uestro,
2776 2736 2943 2794 quo-

689 2822 878 2884 niam
927 2823 1161 2897 erigit
1203 2842 1240 2883 a
1283 2826 1486 2885 terra
1529 2840 1919 2899 pauperem
1964 2826 2037 2883 et
2082 2823 2167 2883 ab
2196 2822 2653 2897 sterquilino
2705 2823 2943 2897 erigit

688 2926 974 3000 inopem
1033 2929 1106 2986 et
1165 2928 1422 2987 sedere
1480 2926 1671 2986 facit
1728 2944 1881 2986 eum
1930 2943 2083 2985 cum
2140 2925 2575 3000 potentibus
2642 2926 2939 3001 populi?

687 3046 800 3089 non
829 3029 1058 3105 legisti:
1105 3032 1182 3089 tu
1231 3030 1354 3104 qui
1394 3031 1550 3097 stas
1591 3028 1757 3089 uide
1788 3045 1871 3089 ne
1902 3030 2163 3089 cadas?
2210 3046 2323 3089 non
2352 3028 2581 3103 legisti:
2612 3029 2785 3103 quia
2814 3028 2940 3090 Do-

690 3133 929 3193 minus
1009 3133 1354 3206 superbis
1436 3132 1954 3205 contrasistit,
2037 3130 2449 3191 humilibus
2518 3133 2757 3192 autem
2816 3132 3011 3194 datas

687 3236 1051 3309 gratiani?
1112 3252 1227 3296 non
1261 3234 1487 3311 legisti:
1547 3236 1671 3309 qui
1724 3252 1797 3295 se
1850 3235 2160 3295 extollit
2202 3234 2774 3296 humiliabitur?
2830 3252 2942 3296 non

824 3490 859 3544 5
893 3489 990 3544 Ex.
1028 3490 1079 3553 9,
1113 3488 1198 3543 28.
1354 3490 1388 3543 9
1423 3488 1574 3542 Rom.
1614 3488 1696 3555 14,
1730 3488 1781 3542 4.
1944 3486 2015 3541 13
2046 3486 2212 3542 meh.
2246 3487 2297 3553 8,
2334 3488 2384 3541 8.
2422 3486 2503 3541 10.
2642 3486 2713 3541 20
2744 3486 2775 3541 Ι
2811 3486 2941 3557 Reg.

689 3576 738 3641 2,
775 3576 826 3629 3.
861 3576 912 3629 8.
1119 3575 1190 3630 24
1222 3574 1252 3629 Ι
1287 3574 1404 3630 Cor.
1443 3574 1526 3639 10,
1566 3575 1649 3629 12.
1720 3574 1750 3629 Ι
1784 3573 1925 3627 Petr.
1964 3575 2014 3637 5,
2050 3574 2100 3639 5,
2306 3573 2378 3627 26
2410 3573 2609 3627 Matth.
2644 3573 2730 3640 23,
2768 3573 2849 3627 12.

827 3816 858 3868 1
892 3814 1157 3867 nineuitis
1194 3813 1412 3868 allofilis
1449 3814 1516 3868 K
1738 3814 1903 3885 longo
1942 3814 2007 3868 K
2207 3813 2430 3882 domini]
2466 3813 2777 3868 hominibus
2814 3813 2881 3868 K

686 3902 720 3956 3
737 3901 1173 3955 misericordiam
1210 3902 1276 3953 K
1404 3902 1440 3955 4
1475 3902 1683 3970 quando
1718 3902 1791 3967 K,
1830 3901 2097 3970 quondam
2131 3917 2163 3955 v
2300 3903 2333 3955 6
2369 3901 2789 3955 incontinentiae
2815 3900 2882 3955 K

686 3989 720 4042 9
755 3992 812 4042 te
845 4005 946 4043 om.
983 4004 1016 4041 v
1233 3974 1238 3985 ⁸
1325 3991 1468 4067 xquis
1504 3990 1588 4053 K,
1629 3990 1721 4057 qui
1757 4006 1789 4043 v
2120 3988 2325 4041 iudicas
2362 4005 2430 4041 ex
2465 3988 2597 4041 dicis
2634 3989 2699 4041 K
2728 4006 2797 4041 m.
2834 3990 2875 4042 2

689 4076 757 4128 10
791 4074 944 4128 cadet
980 4075 1062 4128 K¹
1228 4076 1292 4130 11
1328 4076 1486 4129 illum
1525 4076 1596 4139 K,
1638 4092 1757 4128 eum
1792 4092 1824 4130 v
1988 4076 2058 4131 12
2097 4074 2380 4129 earundem
2417 4076 2483 4129 K
2636 4076 2809 4130 amica
2842 4092 2875 4129 v

688 4161 754 4214 16
789 4162 942 4214 illius
977 4176 1112 4229 quae
1145 4160 1270 4215 dum
1295 4162 1362 4215 K
1493 4162 1556 4215 17
1597 4161 1853 4215 iudicium
1890 4163 1942 4213 et
1977 4160 2247 4213 iustitiam
2284 4179 2315 4216 v
2455 4161 2523 4214 22
2560 4163 2614 4214 et
2650 4161 2737 4231 ab]
2774 4178 2807 4214 a
2842 4179 2875 4217 v

687 4248 973 4301 sterculino
1011 4248 1093 4301 Κι
1157 4304 1164 4319 ,
1299 4247 1368 4300 23
1401 4264 1520 4301 eum
1557 4247 1691 4301 facit
1714 4264 1745 4300 v
1953 4247 2021 4299 24
2056 4262 2160 4300 non
2197 4248 2381 4315 leg-isti
2408 4288 2419 4300 .
2451 4286 2463 4299 .
2491 4288 2503 4301 .
2532 4247 2687 4300 cadas
2713 4264 2813 4302 om.
2842 4266 2875 4303 v

685 4332 755 4387 25
789 4333 1032 4402 superbis
1067 4334 1135 4387 K
1162 4350 1202 4387 8.
1241 4334 1275 4387 Ζ.
1311 4350 1380 4387 m.
1417 4336 1458 4387 2
1688 4332 2021 4387 contrasistit
2058 4334 2131 4400 K,
2168 4334 2377 4387 resistit
2412 4351 2466 4397 υς
2504 4334 2575 4399 cf.
2610 4334 2783 4389 Prou.
2820 4338 2942 4399 3,15

685 4420 748 4473 in
783 4421 898 4476 cod.
943 4420 1173 4475 Vindob.
1211 4437 1268 4474 n.
1303 4422 1410 4475 954
1615 4418 1683 4472 26
1716 4418 1926 4473 extollit
1963 4420 2037 4483 K,
2074 4419 2277 4473 exaltat
2310 4436 2343 4474 v
