3217 5150
985 514 1076 567 De
1109 512 1605 582 rebaptismate
1653 530 1695 567 c.
1734 514 1951 567 15—16.
2509 518 2595 581 89

341 674 609 749 indignos
653 688 874 748 quoque
919 672 1008 731 sui
1048 688 1470 746 nonnumquam
1512 670 1835 730 inueniatur
1852 686 2011 743 esse,
2042 688 2156 731 11011
2187 672 2383 745 utique
2415 672 2595 731 otiose

341 792 445 837 nec
487 778 611 835 sine
654 777 894 847 ratione,
949 777 1050 835 sed
1092 775 1448 835 necessariae
1491 774 1735 833 alicuius
1777 774 2123 847 operationis
2152 773 2371 849 gratia:
2404 773 2595 833 ¹sicuti

340 896 514 954 super
543 880 676 939 Saul
721 879 864 952 fuit,
918 895 1088 951 super
1118 894 1283 952 quem
1313 878 1501 937 factus
1531 880 1623 936 est
1650 875 1889 951 spiritus
1938 877 2048 936 Dei
2108 880 2168 937 et
2206 878 2593 951 prophetauit,
2636 918 2643 923 -

339 1000 682 1057 quamquam
725 980 1038 1055 posteriore
1077 982 1330 1054 tempore
1369 984 1670 1055 postquam
1710 981 1947 1040 recessit
1987 982 2060 1040 ab
2100 998 2165 1039 00
2208 980 2445 1054 spiritus
2474 980 2590 1040 Do-

295 1107 319 1145 s
338 1085 481 1145 mini
509 1088 568 1145 et
596 1088 901 1160 postquam
932 1084 1179 1158 angebat
1209 1101 1336 1143 eum
1369 1083 1608 1157 spiritus
1648 1083 1935 1157 malignus
1964 1102 1999 1143 a
2028 1084 2285 1156 Domine,
2329 1084 2595 1157 quoniam

337 1190 475 1247 tunc
515 1190 588 1248 ad
628 1190 737 1248 1100
776 1192 1099 1262 postremus
1146 1191 1382 1247 uenerat
1410 1189 1540 1261 post
1567 1187 1801 1247 nuntios
1832 1204 1974 1261 quos
2002 1189 2137 1247 ante
2167 1187 2395 1246 assidue
2423 1203 2593 1262 prae-

335 1293 578 1351 miserat
617 1294 684 1351 ut
724 1292 1069 1352 interficeret
1110 1292 1324 1364 Dauid,
1379 1292 1478 1365 qui
1518 1291 1727 1351 idcirco
1759 1291 2077 1351 inciderunt
2106 1294 2167 1349 in
2197 1292 2431 1351 chorum
2458 1308 2595 1365 pro-

335 1396 639 1471 phetarum
677 1374 739 1455 et
779 1397 1283 1469 prophetauerunt,
1324 1411 1396 1454 ne
1437 1394 1498 1453 id
1539 1394 1691 1470 quod
1732 1394 1876 1453 iussi
1904 1394 2131 1453 fueraut
2159 1394 2427 1468 perficere
2456 1411 2589 1467 pos-

336 1501 469 1557 sent
499 1500 598 1557 aut
627 1498 862 1559 uellent.
895 1498 1046 1572 quod
1077 1497 1399 1557 admirabili
1427 1498 1647 1557 ratione
1676 1513 1779 1570 per
1807 1498 2157 1557 uoluntatem
2188 1496 2293 1555 Dei
2325 1497 2591 1571 spiritum

263 1620 318 1660 10
336 1602 437 1677 qui
467 1619 639 1676 super
667 1601 800 1661 illos
851 1617 1048 1661 omnes
1077 1599 1190 1659 fuit
1239 1600 1520 1659 credimus
1549 1603 1846 1674 operatum
1888 1617 2029 1660 esse.
2086 1599 2185 1674 qui
2211 1598 2449 1673 spiritus
2478 1600 2589 1658 im·

331 1704 518 1779 pleuit
569 1705 742 1765 etiam
780 1706 1052 1765 Ioannem
1102 1704 1414 1777 baptistam
1455 1704 1643 1763 adhuc
1681 1703 1754 1762 ab
1783 1706 1944 1762 utero
1974 1703 2175 1763 matris
2205 1720 2359 1777 suae,
2412 1706 2471 1763 et
2500 1704 2591 1762 111-

333 1809 533 1868 cubuit
563 1825 733 1882 super
761 1825 859 1869 eos
889 1806 988 1882 qui
1017 1824 1144 1866 cum
1167 1806 1424 1867 Cornelio
1455 1806 1782 1866 centurione
1812 1810 1975 1865 erant
2003 1807 2165 1880 prius
2196 1824 2365 1881 quam
2396 1806 2589 1881 bapti·

333 1915 600 1971 zarentur
649 1930 818 1986 aqua.
869 1912 956 1971 ita
1007 1913 1138 1971 dum
1192 1912 1455 1971 cohaeret
1493 1910 1827 1983 baptismati
1869 1910 2159 1970 hominum
2212 1910 2451 1984 spiritus
2492 1912 2595 1969 aut

336 2014 628 2074 antecedit
657 2018 758 2074 aut
807 2015 1067 2089 sequitur
1109 2015 1202 2074 1101
1233 2016 1492 2074 cessante
1533 2013 1877 2087 baptismate
1907 2030 2087 2088 aquae
2116 2014 2394 2073 incumbit
2423 2030 2593 2087 super

263 2132 312 2172 15
334 2134 432 2178 eos
463 2118 561 2192 qui
591 2118 844 2192 credunt,
877 2118 975 2177 dat
1003 2117 1172 2175 nobis
1203 2116 1503 2176 consilium
1532 2117 1683 2191 quod
1712 2118 1812 2175 aut
1836 2134 1902 2176 ex
1930 2117 2153 2191 integro
2177 2116 2287 2175 rite
2309 2116 2595 2190 baptisma

334 2238 564 2281 seruare
593 2224 693 2281 aut
723 2221 872 2281 forte
903 2221 1036 2280 dato
1066 2238 1101 2279 a
1131 2236 1482 2295 quocumque
1511 2220 1572 2278 in
1602 2220 1827 2280 nomine
1851 2220 1982 2278 Iesu
2006 2218 2217 2278 Christi
2248 2220 2593 2293 baptismate

335 2325 604 2399 supplere
657 2325 717 2384 id
769 2324 1093 2397 debeamus,
1148 2324 1433 2383 custodita
1482 2324 1727 2382 nominis
1778 2324 1911 2383 Iesu
1960 2324 2195 2395 Christi,
2248 2324 2419 2383 sicuti
2465 2325 2591 2398 ple-

333 2427 572 2487 nissime
602 2428 983 2501 exposuimus,
1017 2427 1381 2486 sanctissima
1403 2426 1779 2499 inuocatione,
1812 2428 2095 2487 custodita
2122 2432 2416 2501 praeterea
2444 2429 2595 2487 tanti

331 2530 608 2605 temporis
651 2532 740 2591 tot
768 2530 1020 2591 uirorum
1049 2532 1375 2590 ueneranda
1404 2530 1570 2591 uobis
1600 2530 2007 2592 consuetudine
2038 2533 2097 2590 et
2126 2530 2479 2591 auctoritate.

259 2650 314 2692 ²0
347 2710 358 2720 ·
423 2634 699 2704 Quoniam
749 2637 940 2694 autem
979 2633 1164 2708 prima
1203 2651 1337 2708 pars
1379 2633 1785 2708 disputationis
1830 2635 2001 2693 huius
2030 2634 2258 2694 uidetur
2286 2634 2587 2708 explicata,
2611 2639 2693 2696 16

331 2739 504 2798 etiam
559 2740 890 2810 sequentem
939 2737 1062 2796 eius
1112 2738 1346 2810 propter
1397 2737 1714 2796 haereticos
1765 2737 2033 2797 debemus
2086 2738 2399 2811 attingere,
2455 2737 2593 2811 quia

331 2857 606 2916 perquam
659 2839 1041 2900 necessarium
1081 2843 1171 2898 est
1209 2857 1337 2899 eum
1387 2843 1695 2899 tractatum
1735 2840 1835 2914 qui
1866 2840 2041 2900 semel
2070 2841 2131 2899 111
2159 2857 2358 2899 manus
2390 2840 2591 2899 incidit

331 2961 447 3003 11011
487 2943 817 3016 praeterire,
869 2958 942 3001 ue
971 2942 1120 3003 forte
1150 2959 1246 3002 eos
1275 2941 1374 3016 qui
1406 2945 1541 3001 suut
1569 2942 1947 3015 simpliciores
1976 2961 2043 3002 ex
2073 2942 2351 3002 fratribus
2381 2943 2590 3017 aliquis

329 3045 744 3105 haereticorum
796 3045 1053 3105 uersutia
1093 3063 1198 3104 sua
1247 3047 1455 3105 audeat
1495 3048 1800 3105 attentare.
1847 3063 1978 3104 nam
2009 3045 2143 3121 quia
2170 3047 2413 3106 Ioannes
2446 3046 2591 3105 dixit

253 3171 308 3212 25
329 3167 436 3208 nos
470 3149 838 3222 baptizandos
869 3164 992 3207 esse
1025 3148 1084 3206 111
1114 3149 1320 3220 spiritu
1351 3151 1544 3208 sancto
1567 3152 1627 3208 et
1658 3149 1796 3223 igni,
1828 3165 1893 3208 co
1916 3151 2065 3223 quod
2088 3149 2375 3208 addiderit
2397 3150 2593 3209 dicens

331 3257 404 3312 et
455 3252 630 3326 igni,
683 3251 894 3311 idcirco
947 3250 1176 3324 quidam
1230 3252 1516 3326 desperati
1555 3252 1813 3311 homines
1854 3252 1979 3311 ausi
2022 3256 2158 3312 sunt
2186 3269 2591 3327 usquequaque

331 3355 678 3430 prauitatem
732 3371 890 3413 suam
931 3353 1220 3427 porrigere
1277 3357 1336 3413 et
1373 3359 1677 3428 propterea
1719 3356 1973 3415 homiues
2020 3356 2374 3415 nasutissimi
2416 3373 2589 3430 quae-

331 3460 469 3518 runt
499 3458 772 3531 quomodo
801 3456 1128 3516 sanctitatis
1157 3458 1444 3531 baptisma
1471 3459 1555 3518 ita
1585 3463 1951 3533 corrumpant
1980 3478 2049 3519 ac
2076 3461 2293 3520 111010111
2322 3463 2388 3520 111
2418 3460 2591 3520 etiam

329 3563 638 3621 euacuent:
671 3559 768 3635 qui
799 3560 1074 3634 originem
1105 3561 1216 3619 iam
1245 3562 1445 3621 exinde
1475 3563 1716 3621 trahunt
1746 3580 1781 3621 a
1808 3561 2031 3623 Simone
2060 3581 2225 3637 mago
2254 3563 2592 3623 multiformi

249 3689 310 3731 ω
331 3662 711 3740 peruersitate
741 3680 842 3737 per
871 3663 1064 3722 uarios
1093 3681 1312 3724 errores
1347 3683 1472 3724 eam
1502 3668 1851 3725 exercentes
1912 3665 2005 3724 cui
2036 3666 2250 3726 Simoni
2282 3667 2490 3725 Petrus
2530 3667 2590 3725 in

327 3765 479 3826 actis
544 3767 930 3840 apostolorum
993 3766 1173 3826 dixit:
1247 3768 1564 3841 pecunia
1636 3771 1762 3827 tua
1826 3772 2057 3828 tecum
2126 3770 2231 3827 sit
2296 3770 2368 3827 111
2432 3786 2589 3843 per-

329 3868 724 3941 ditionem,
789 3868 960 3942 quia
1019 3870 1336 3943 gratiam
1380 3870 1512 3929 Dei
1555 3871 2009 3931 existimasti
2070 3889 2194 3946 per
2236 3872 2593 3944 pecunias

327 3989 548 4048 posse
591 3973 982 4048 possideri.
1043 3993 1180 4035 11011
1225 3979 1335 4034 081
1377 3975 1521 4035 tibi
1564 3976 1809 4050 portio
1853 3993 2082 4049 neque
2126 3977 2399 4036 sorsin
2444 3995 2593 4037 ser-

325 4093 532 4136 mone
593 4078 740 4137 hoc.
811 4094 930 4136 cor
987 4079 1174 4137 enim
1231 4080 1432 4138 tuum
1489 4096 1628 4139 11011
1672 4082 1785 4138 081
1830 4081 2105 4138 rectum
2150 4097 2384 4140 coram
2428 4081 2587 4140 Deo.

243 4205 304 4248 ³5
327 4181 394 4240 et
437 4180 616 4252 agunt
659 4177 760 4238 isti
789 4181 931 4239 haec
961 4181 1152 4240 omnia
1197 4182 1328 4240 dum
1359 4181 1559 4241 fallere
1590 4183 1830 4256 cupiunt
1859 4199 1955 4241 eos
1986 4182 2085 4256 qui
2114 4185 2249 4241 sunt
2278 4183 2591 4256 simplicio-

472 4319 506 4373 3
541 4319 570 4373 1
607 4319 738 4390 neg.
777 4321 858 4384 19,
894 4321 980 4375 23.
1183 4323 1250 4377 31
1287 4323 1406 4377 Act.
1442 4323 1493 4388 s,
1522 4323 1606 4376 20.
1644 4323 1729 4376 21.

468 4457 504 4510 4
539 4459 881 4527 quamquam]
920 4459 1172 4526 quoniam
1205 4461 1336 4526 fort.
1502 4461 1536 4514 5
1571 4475 1604 4512 a
1638 4459 1869 4528 domino]
1908 4459 2045 4514 adm.
2083 4461 2195 4515 cod.
2367 4463 2431 4516 10
2463 4461 2592 4516 illos

317 4561 431 4600 om.
471 4543 591 4614 Εἰς.
735 4545 799 4597 16
835 4545 1113 4600 obseruare
1148 4547 1269 4616 1359.
1408 4547 1476 4600 27
1511 4545 1873 4600 uersutissimi
1910 4547 2186 4601 Baluzius
