3217 5150
963 540 1056 593 De
1089 539 1357 607 duplici
1393 540 1722 607 martyrio
1762 556 1805 593 c.
1841 540 2064 593 24—25.
2513 542 2637 606 237

382 702 522 761 dicit
572 688 817 774 ‘abnega
857 699 1150 759 Christum
1191 702 1249 758 et
1283 698 1515 759 immola
1558 699 1730 770 Ioui,'
1764 702 1821 758 et
1852 703 1976 758 esto
2006 700 2220 758 amicus
2250 701 2444 758 noster
2458 744 2472 770 ‚
2538 702 2640 758 aut

381 790 642 879 morere’,
673 821 844 878 saepe
868 804 1068 879 lingua
1090 806 1265 878 negat
1287 805 1454 864 corde
1471 804 1815 863 reclamante
1847 806 1905 863 et
1933 822 2134 863 manus
2159 804 2349 863 adolet
2370 806 2486 878 tus,
2512 821 2639 863 cum

384 910 604 968 animus
633 909 792 967 intus
823 907 1021 967 adoret
1051 908 1354 967 Christum.
1419 924 1761 981 quamquam
1810 907 1918 966 hoc
1968 925 2190 981 quoque
2225 909 2638 993 *grauissimum

390 1015 478 1071 est
507 1012 737 1084 crimen,
766 1014 957 1071 tamen
988 1010 1236 1085 aliquam
1270 1010 1587 1084 impietatis
1618 1011 1844 1085 culpam
1876 1009 2065 1071 eleuat
2088 1012 2370 1069 humanae
2402 1013 2639 1071 naturae

337 1132 364 1171 5
387 1114 770 1175 imbecillitas.
830 1113 911 1174 ibi
945 1117 1176 1173 satanas
1203 1114 1314 1173 tibi
1343 1114 1597 1188 loquitur
1631 1130 1767 1173 uoce
1797 1114 2054 1189 tyranni:
2098 1115 2159 1173 at
2188 1114 2327 1187 quid
2356 1113 2464 1173 tibi
2494 1112 2637 1174 dicit

381 1219 531 1278 idem
580 1236 683 1292 per
731 1221 890 1278 tuam
939 1217 1498 1291 concupiscentiam?
1540 1206 1787 1291 ‘abnega
1827 1217 2134 1289 Christum,
2198 1219 2256 1275 et
2284 1220 2408 1276 esto
2438 1217 2629 1276 diues:

381 1321 635 1381 sacrifica
663 1321 1014 1381 Mammonae
1045 1323 1103 1380 et
1134 1322 1361 1381 Christo
1394 1322 1659 1380 nuntium
1678 1311 1943 1380 remitte?
1990 1320 2127 1394 quid
2156 1323 2246 1379 est
2276 1321 2424 1394 quod
2458 1318 2629 1393 polli-

381 1428 540 1485 cetur
554 1427 582 1484 ῗ
613 1442 812 1485 aurum
843 1427 899 1483 et
931 1427 1252 1499 argentum,
1289 1425 1550 1483 inutilem
1579 1424 1878 1484 materiam
1906 1424 2019 1483 nisi
2048 1440 2333 1483 exerceas,
2367 1440 2471 1482 nec
2493 1421 2632 1480 dicit

372 1517 614 1590 ‘morere
675 1530 776 1589 sed
827 1527 1050 1589 oblecta
1100 1517 1327 1601 oculos’,
1376 1528 1545 1588 immo
1596 1528 1787 1601 potius
1838 1530 1945 1587 hoc
1988 1528 2128 1587 dicit
2169 1516 2411 1587 ‘lucrare
2454 1542 2628 1600 pecu-

316 1652 371 1691 1⁰
389 1633 542 1691 niam
572 1633 643 1691 ad
672 1633 844 1692 breue
869 1634 1100 1706 tempus
1129 1631 1432 1691 habiturus
1465 1634 1522 1690 et
1555 1631 1729 1705 perde
1751 1632 1813 1690 in
1836 1634 2133 1691 aeternum
2163 1610 2409 1689 animam
2439 1616 2631 1688 tuam'.

383 1740 442 1795 et
466 1738 660 1795 tamen
691 1735 785 1794 hic
816 1738 1017 1808 sponte
1049 1734 1344 1793 submittis
1377 1728 1564 1808 g‘enua
1593 1737 1828 1794 satanae
1882 1736 1941 1793 et
1992 1734 2275 1808 abnegato
2307 1734 2533 1793 Christo
2576 1736 2635 1791 te

378 1842 562 1898 totum
603 1837 693 1896 illi
737 1838 1044 1911 mancipas,
1119 1837 1255 1911 quid
1299 1839 1488 1896 autem
1534 1837 1797 1896 Christus
1810 1840 1837 1895 'l’
1864 1826 2045 1896 ‘meus
2105 1839 2227 1895 esto
2282 1840 2342 1895 et
2394 1836 2523 1895 uiue
2574 1835 2635 1893 in

380 1944 706 2001 aeternum:
766 1944 1058 2000 contemne
1117 1940 1352 1999 diuitias
1409 1942 1553 2000 istas
1614 1940 1984 2015 temporarias
2000 1986 2014 2014 ,
2078 1934 2136 1999 et
2189 1957 2295 2015 ego
2348 1940 2456 1999 tibi
2500 1956 2632 2000 cen-

377 2044 603 2117 tuplum
661 2059 931 2116 reponam
989 2044 1047 2101 in
1105 2042 1214 2102 hoc
1283 2043 1508 2103 saeculo
1569 2047 1630 2104 et
1689 2044 1871 2103 uitam
1950 2047 2237 2103 aeternam
2298 2044 2358 2102 in
2417 2043 2630 2102 futuro.

309 2164 360 2203 15
382 2146 637 2220 relinque
697 2148 907 2205 terram
965 2149 1024 2203 et
1080 2145 1272 2219 accipe
1325 2136 1578 2206 coelum'.
1657 2164 1722 2205 ac
1776 2147 1931 2206 Deus
1980 2147 2094 2206 ista
2150 2146 2423 2220 pollicens
2467 2147 2632 2205 dese-

377 2252 544 2323 ritur,
607 2253 663 2308 et
715 2249 975 2308 diabolus
1026 2252 1146 2308 tam
1197 2249 1366 2307 nihili
1432 2267 1528 2309 res
1571 2267 1783 2325 easque
1826 2250 1972 2311 falso
2031 2251 2369 2325 promittens
2429 2250 2632 2308 adora-

375 2356 489 2413 tur.
565 2370 598 2412 o
658 2353 879 2412 foedam
945 2336 1334 2411 defectionem.
1417 2370 1480 2411 o·
1513 2354 1738 2427 turpem
1802 2353 2203 2439 idololatriam.
2289 2372 2320 2413 0
2379 2354 2634 2427 iniquam

377 2457 868 2532 permutationem.
931 2473 1042 2529 quo
1071 2456 1322 2531 praemio
1354 2456 1692 2517 sollicitauit
1720 2459 1954 2517 humani
1998 2459 2224 2531 generis
2268 2458 2479 2533 primos
2530 2473 2631 2514 au-

377 2564 564 2622 ctores
580 2564 608 2620 ¹?
641 2561 891 2622 ostendit
920 2579 1148 2634 pomum
1176 2564 1236 2620 et
1264 2561 1423 2620 dedit
1451 2564 1707 2622 mortem.
1741 2562 2032 2623 mendacio
2062 2561 2299 2622 fefellit:
2326 2579 2465 2621 non
2494 2581 2551 2622 m
2566 2579 2629 2621 0-

303 2665 708 2737 mriemini,
755 2665 879 2724 sed
924 2664 1148 2723 eritis
1193 2664 1394 2724 sicut
1423 2665 1568 2736 Dii,
1603 2666 1931 2726 scientes
1959 2665 2217 2725 bonum
2246 2670 2317 2725 et
2344 2666 2629 2724 malum.

369 2770 542 2842 atque
572 2767 661 2826 illi
690 2767 878 2828 delusi
899 2768 1125 2842 qualem
1147 2767 1448 2827 Dominum
1475 2768 1849 2829 deseruerunt
1881 2771 1939 2828 et
1960 2771 2033 2827 ad
2055 2786 2221 2842 quem
2252 2769 2580 2829 defecerunt
2598 2774 2627 2829 ⁴?

371 2888 408 2930 a
436 2888 548 2945 qua
577 2870 853 2930 felicitate
887 2871 1216 2931 exciderunt
1272 2874 1329 2929 et
1380 2872 1440 2930 in
1470 2889 1617 2946 quas
1668 2889 1965 2932 aerumnas
2012 2874 2191 2931 semet
2220 2872 2580 2932 coniecerunt
2593 2877 2622 2932 ⁴?

371 2975 472 3036 sed
493 2975 643 3036 idem
668 2975 766 3034 ille
787 2977 1148 3035 tenebrarum
1170 2976 1434 3050 princeps
1466 2977 1564 3050 qui
1587 2977 1744 3037 Euae
1775 2977 1999 3037 locutus
2030 2981 2120 3036 est
2148 2993 2252 3050 per
2278 2979 2624 3050 serpentem,

369 3079 536 3139 nobis
563 3080 822 3153 loquitur
862 3096 964 3153 per
1011 3080 1294 3139 satellites
1324 3097 1454 3139 suos
1489 3099 1555 3140 ac
1587 3081 1881 3140 ministros
1900 3128 1916 3158 ,
1961 3099 2064 3156 per
2091 3081 2253 3140 lenas
2282 3084 2343 3140 et
2371 3081 2621 3154 lenones,

299 3197 350 3237 25
367 3197 472 3256 per
501 3199 596 3242 eos
626 3183 726 3257 qui
756 3169 1053 3256 pelliciunt
1081 3183 1154 3242 ad
1206 3199 1458 3244 amorem
1506 3185 1775 3257 pecuniae
1806 3187 1876 3243 ad
1907 3187 2271 3246 ambitionem
2315 3186 2387 3244 ad
2421 3187 2623 3260 uolup-

367 3287 563 3358 tatem,
595 3288 904 3346 auocantes
934 3303 969 3344 a
999 3287 1326 3346 sinceritate
1351 3303 1496 3361 quae
1529 3290 1620 3346 est
1650 3287 1711 3344 in
1740 3287 1965 3348 Christo
1997 3289 2145 3348 Iesu.
2190 3289 2343 3348 idem
2386 3287 2487 3348 ille
2530 3288 2620 3349 lo-

365 3388 561 3462 quitur
610 3389 774 3449 nobis
827 3406 930 3462 per
977 3389 1465 3464 concupiscentias
1517 3393 1745 3451 nostras
1790 3408 1933 3465 quae
1988 3392 2194 3450 uiuunt
2240 3392 2302 3450 in
2351 3391 2623 3451 membris

364 3493 600 3553 nostris.
630 3508 736 3554 nec
766 3493 906 3553 dicit
936 3495 1084 3568 quod
1113 3495 1280 3554 homo
1307 3498 1621 3570 tyrannus:
1678 3485 1799 3554 ‘aut
1839 3497 1985 3555 mihi
2012 3499 2340 3570 optempera
2369 3497 2469 3555 aut
2498 3511 2620 3554 mo-

363 3585 526 3668 rere',
579 3613 682 3656 nec
712 3599 964 3656 ostentat
1008 3613 1261 3657 carceres
1321 3601 1552 3658 catenas
1602 3599 1839 3658 uncinos
1891 3597 2211 3671 sartagines
2241 3600 2343 3656 aut
2372 3597 2623 3657 caminos

291 3710 346 3750 ⁸0
363 3701 642 3772 incensoS‚
673 3718 788 3761 non
811 3693 1010 3760 cruces
1027 3700 1264 3774 laqueos
1287 3704 1396 3760 aut·
1410 3702 1656 3775 gladios,
1683 3702 1783 3760 sed
1804 3704 2060 3761 tantum:
2087 3689 2405 3759 ‘contemne
2424 3700 2621 3776 Deum,

363 3802 630 3861 renuntia
657 3802 812 3862 uitae
843 3803 1108 3862 caelestis
1138 3804 1468 3884 hereditati,
1523 3807 1580 3864 et
1611 3804 1899 3864 committe
1930 3804 2292 3877 adulterium,
2340 3806 2400 3862 et
2427 3804 2621 3879 capies

363 3890 757 3979 uoluptatem'.
813 3906 916 3964 sed
965 3906 1194 3979 qualem
1209 3910 1237 3965 ¹?
1296 3910 1746 3967 momentaneam
1790 3911 1849 3966 et
1892 3907 2142 3981 corporis
2170 3909 2426 3967 tantum:
2480 3910 2618 3982 quot

361 4011 554 4068 autem
582 4008 1058 4068 amaritudinibus
1089 4009 1375 4070 conditam
1397 4014 1425 4071 ἱ)
1472 4010 1726 4090 ‚infamia
1754 4011 2024 4088 pericuIO,
2057 4027 2227 4084 super
2256 4010 2445 4071 omnia
2476 4026 2610 4070 uero

363 4115 582 4171 secreto
612 4111 990 4172 conscientiae
1021 4112 1298 4173 cruciatu.
1359 4115 1499 4174 haec
1529 4117 1621 4174 est
1651 4130 1781 4173 esc-a
1810 4114 2038 4188 diaboli,
2084 4116 2192 4175 hoc
2220 4117 2614 4175 auctoramen-

291 4231 344 4270 ³5
363 4217 504 4273 tum.
537 4214 884 4288 stipendium
915 4233 1084 4290 porro
1115 4217 1282 4291 quale
1315 4221 1445 4278 est?
1493 4218 1648 4278 dicat
1690 4219 1897 4278 maiore
1945 4236 2072 4277 cum
2101 4219 2209 4279 fide
2238 4220 2447 4280 beatus
2477 4234 2616 4291 apo-

503 4469 568 4521 19
603 4468 730 4522 Gen.
772 4470 822 4533 3,
858 4471 907 4526 4.
946 4475 994 4525 5.
