3217 5150
687 534 809 598 122
1630 527 1997 598 Appendix.

677 692 846 751 noete
893 690 1155 749 discussa
1184 692 1243 748 et
1275 688 1521 763 ealigine
1549 688 1704 749 uitae
1736 687 1945 763 prioris
1991 688 2256 747 abstersa
2284 687 2675 747 mandatorum
2704 686 2939 747 Domini

679 793 1018 853 salutarium
1069 809 1346 853 memores
1396 810 1463 852 ac
1515 792 1671 851 uitae
1724 794 1992 851 aeternae
2038 792 2320 865 promissa
2366 792 2679 850 retinentes
2708 790 2784 849 ad
2812 789 2939 849 eius

679 896 896 957 monita
923 898 1214 959 uertamur
1245 900 1305 956 et
1331 896 1393 956 in
1423 896 1607 971 ipsius
1638 895 1852 955 lumine
1883 894 2035 969 quod
2062 894 2315 955 ostendit
2342 894 2569 953 firmata
2596 893 2937 953 credulitate

679 998 1043 1075 gradiamur:
1097 1002 1164 1059 ut
1211 1000 1311 1074 qui
1363 998 1551 1074 ignari
1581 998 1891 1072 aliquando
1922 996 2129 1058 salutis
2158 997 2385 1058 futurae
2415 998 2477 1057 in
2506 996 2794 1057 erroribus
2822 997 2933 1057 im-

674 1102 875 1176 plicati
927 1102 1083 1162 uitae
1135 1104 1344 1178 prioris
1398 1120 1464 1163 ae
1515 1102 1768 1163 tenebris
1818 1101 2207 1162 oberrauimus
2255 1100 2583 1161 inluminati
2630 1117 2781 1161 nuno
2812 1100 2937 1161 eius
2954 1120 2977 1159 s

675 1206 797 1266 ueri
843 1204 1078 1267 luminis
1121 1205 1386 1267 claritate
1435 1210 1495 1264 et
1539 1208 1767 1265 ostenso
1800 1205 1963 1265 nobis
2010 1207 2181 1278 atque
2212 1206 2497 1279 patefacto
2526 1204 2777 1267 melioris
2808 1204 2936 1263 uiae

677 1308 858 1369 limite
887 1308 1116 1369 Domini
1146 1310 1417 1368 mandata
1447 1309 1735 1381 sequenda
1766 1310 1825 1367 et
1854 1309 2105 1382 gerenda
2134 1311 2448 1367 teneamus,

618 1408 656 1465 3
755 1412 880 1473 Hoo
936 1414 1127 1471 lumen
1182 1412 1348 1471 nobis
1379 1412 1532 1471 uitae
1592 1411 1867 1471 salutaris
1920 1415 2197 1483 exortum,
2252 1412 2361 1471 hoo
2410 1410 2471 1469 in
2516 1410 2933 1485 reparationem

674 1514 918 1574 hominis
957 1519 1156 1574 natum
1184 1516 1254 1578 de
1285 1513 1390 1574 Dei
1419 1514 1604 1589 patris
1644 1515 2039 1589 procuratione
2068 1533 2135 1575 ao
2164 1514 2535 1575 miseratione
2561 1514 2932 1588 praesidium.

673 1618 828 1692 magi
859 1618 1030 1691 primi
1059 1619 1132 1677 ab
1163 1617 1428 1677 orientali
1457 1620 1621 1692 parte
1652 1619 1949 1679 uenientes
1980 1622 2042 1678 et
2069 1617 2245 1677 stella
2276 1618 2399 1677 eius
2429 1619 2571 1677 duee
2590 1618 2932 1677 Iudaeorum
2950 1640 3001 1679 ιο

673 1737 864 1793 regem
917 1721 1106 1795 palam
1156 1721 1413 1793 praescia
1462 1722 1883 1796 praedieatione
1936 1724 2273 1795 quaerentes
2295 1766 2309 1793 ,
2384 1720 2707 1781 adferentes
2756 1719 2932 1779 etiam

671 1840 908 1882 munera
947 1823 1257 1883 testificata
1305 1825 1564 1884 omnibus
1593 1824 1967 1899 inquisitione
1994 1827 2407 1885 monstrarunt.
2444 1806 2511 1883 ’et
2539 1839 2611 1881 ne
2640 1822 2931 1896 aliquibus

678 1926 810 2000 quis
840 1925 938 1985 ille
967 1930 1120 1985 esset
1150 1930 1303 1986 esset
1333 1928 1689 2001 absoonsum‚
1742 1929 2039 1988 inuentum
2088 1944 2327 2004 puerum
2369 1928 2731 2001 procidentes
2758 1926 2930 2001 geni-

670 2029 778 2087 bus
823 2029 1128 2089 adorarunt
1145 2074 1160 2102 ,
1208 2030 1357 2090 siout
1400 2032 1741 2092 testificatur
1786 2030 2147 2105 euangelium
2190 2018 2423 2091 dioens:
2490 2047 2643 2090 oum
2688 2033 2935 2090 autem

669 2132 877 2191 Iesus
935 2134 1153 2192 natus
1210 2136 1412 2194 esset
1466 2134 1540 2194 in
1581 2135 1963 2195 Bethleem
2005 2134 2227 2193 Iudae
2272 2134 2345 2193 in
2390 2134 2647 2195 diebus
2692 2136 2997 2195 Hero-1⁵

669 2234 780 2293 dis
845 2235 1079 2309 regis,
1149 2253 1314 2296 eece
1377 2238 1566 2311 magi
1634 2238 1718 2297 ab
1784 2238 2071 2298 oriente
2139 2240 2504 2298 uenerunt
2556 2239 2631 2297 in
2675 2238 2934 2299 Hiero-

667 2336 1012 2411 solymam
1078 2339 1449 2400 dicentes:
1517 2341 1640 2399 ubi
1707 2344 1821 2400 ost
1889 2340 2011 2417 qui
2056 2344 2277 2401 natus
2338 2343 2455 2401 est
2496 2358 2617 2401 rex
2676 2342 2931 2403 Iudae-

668 2458 879 2501 orum.
949 2442 1268 2503 uidimus
1325 2444 1510 2503 enim
1557 2445 1851 2505 stellam
1894 2444 2053 2505 eius
2096 2446 2170 2503 in
2214 2444 2571 2505 orientem
2613 2448 2684 2503 et
2728 2445 2930 2505 ueni-

666 2564 818 2607 mus
861 2546 1168 2606 adorare
1213 2564 1381 2608 eum.
1426 2547 1805 2608 testificantes
1860 2547 2079 2608 scilicet
2138 2548 2441 2609 ueritatem
2498 2548 2569 2608 de
2628 2564 2693 2608 eo
2752 2546 2928 2608 etiam

664 2650 892 2710 stellam
945 2650 1057 2710 sibi
1109 2650 1336 2724 signum
1388 2655 1560 2726 atque
1601 2651 1873 2712 indicium
1904 2650 2231 2712 natiuitatis
2259 2652 2441 2725 ipsius
2468 2667 2596 2711 esse
2624 2655 2913 2711 monstra·
2936 2668 2987 2710 ao

667 2755 807 2824 tam,
866 2770 978 2827 qua
1031 2752 1215 2812 indice
1255 2756 1453 2812 natum
1498 2753 1663 2813 illum
1693 2755 1879 2828 magis
1908 2753 2369 2828 praedicantibus
2400 2756 2458 2814 et
2486 2755 2925 2815 adfirmantibus

666 2859 728 2914 et
775 2855 1187 2932 Hierosolymis
1239 2857 1584 2938 crederetur.
1640 2857 1863 2916 Simeon
1916 2873 2137 2931 quoque
2184 2857 2373 2916 iustus
2416 2857 2514 2932 qui
2556 2857 2619 2916 in
2648 2858 2923 2918 caecitate

666 2957 1012 3018 constitutus
1060 2959 1254 3018 diuino
1299 2960 1519 3019 monitu
1560 2961 1820 3020 audierat
1865 2977 1927 3020 se
1957 2977 2069 3020 non
2100 2963 2231 3019 ante
2262 2961 2598 3021 moriturum
2629 2979 2799 3035 quam
2829 2962 2921 3020 ui-

802 3210 873 3264 14
907 3210 1106 3274 1111111,
1141 3213 1192 3276 2,
1233 3213 1279 3265 1.
1309 3229 1396 3282 sq.

802 3419 833 3470 1
871 3417 1114 3472 subter-sa
1147 3418 1200 3471 Z
1354 3419 1389 3473 3
1423 3423 1755 3476 reuertamur
1788 3423 1895 3476 Ztv
2052 3424 2111 3477 in
2146 3441 2247 3478 om.
2287 3425 2341 3478 Z
2496 3425 2533 3478 4
2566 3425 2624 3478 in
2662 3441 2764 3480 om.
2804 3426 2860 3479 Z

659 3505 695 3559 5
729 3504 877 3557 uitae
913 3519 1011 3557 om.
1053 3504 1102 3556 Z
1283 3507 1363 3575 ae]
1402 3522 1435 3559 a
1474 3507 1524 3560 T
1716 3509 2083 3564 aberrauimus
2118 3527 2153 3564 v
2348 3512 2382 3565 6
2420 3511 2561 3581 uiae]
2596 3511 2747 3565 uitae
2781 3527 2853 3580 μυ

659 3591 692 3643 7
729 3589 926 3659 limite]
963 3590 1167 3643 lumine
1202 3590 1255 3643 Z
1466 3593 1501 3647 8
1535 3593 1594 3647 in
1630 3610 1730 3648 om.
1775 3595 1843 3650 Tt
2050 3597 2467 3666 reparationem]
2502 3597 2799 3667 reperabile
2832 3599 2883 3652 Z
2894 3617 2919 3664 ,-

656 3677 728 3742 cf.
757 3692 816 3745 p.
854 3681 972 3742 120,
1009 3679 1080 3730 20
1289 3680 1324 3733 9
1359 3695 1420 3732 ae
1453 3680 1801 3735 miseratione
1836 3697 1935 3735 om.
1974 3683 2025 3735 Z
2213 3683 2281 3736 10
2314 3683 2463 3753 magi
2498 3699 2565 3738 ex
2600 3684 2765 3754 migi·
2804 3685 2859 3739 T

654 3763 934 3818 orientalis
975 3767 1072 3820 Τι’
1259 3767 1314 3818 et
1349 3782 1447 3820 om.
1485 3767 1539 3818 Z
1730 3767 1845 3821 eius
1881 3783 1983 3822 om.
2019 3785 2053 3823 v
2249 3769 2316 3824 12
2355 3785 2423 3823 ne
2456 3785 2559 3825 om.
2602 3771 2665 3834 T,
2700 3771 2761 3825 in
2796 3771 2849 3824 Z

655 3850 722 3904 13
769 3853 908 3904 esset
954 3851 1275 3906 absconsum
1321 3871 1386 3920 μ,
1435 3852 1725 3907 absconsus
1772 3855 1848 3918 Z,
1900 3853 2215 3908 absconsum
2256 3857 2351 3919 Tc,
2406 3856 2724 3925 absconsum
2772 3857 2921 3910 foret

653 3935 930 3990 Baluziue
963 3953 1034 3991 ex
1066 3952 1101 3991 r
1329 3937 1671 4007 procedentes
1708 3940 1761 3994 T
1999 3941 2067 3995 14
2098 3943 2337 3994 testatur
2370 3942 2433 4006 Z,
2468 3942 2773 3996 testificans
2806 3964 2849 4010 μ,

652 4022 988 4090 euangelista
1023 4022 1078 4076 Z
1249 4025 1314 4077 15
1349 4027 1512 4078 natus
1545 4026 1691 4078 esset
1725 4025 1840 4079 iesu
1875 4041 1907 4079 v
2082 4025 2319 4082 bethlem
2360 4027 2413 4081 T
2580 4027 2770 4082 iudeae
2805 4049 2846 4098 μ

653 4106 719 4160 16
755 4109 810 4160 et
845 4123 962 4162 ecee
1003 4108 1076 4162 Tt
1283 4109 1338 4162 in
1376 4127 1475 4165 om.
1513 4111 1568 4165 Z
1770 4111 1839 4165 18
1874 4112 1987 4165 eius
2024 4112 2241 4166 stellam
2274 4133 2315 4182 μ
2520 4115 2725 4168 oriente
2762 4115 2917 4184 ‘'1²¹'ss

649 4193 722 4258 cf.
767 4192 930 4263 prr.
959 4211 1017 4262 p.
1053 4199 1141 4259 98,
1178 4199 1246 4250 17
1387 4199 1453 4252 19
1489 4198 1778 4252 ueritatem
1814 4214 1915 4251 om.
1955 4199 2006 4252 Z
2143 4199 2309 4254 etiam
2342 4200 2497 4257 nobis
2538 4201 2588 4254 Z
2727 4201 2799 4256 20
2832 4202 2917 4254 iu-

649 4278 849 4334 dicium
890 4282 941 4335 T
1180 4284 1248 4336 21
1287 4298 1449 4351 quam
1491 4285 1541 4338 T
1786 4287 1976 4338 natum
2012 4300 2123 4339 esse
2159 4286 2214 4339 Z
2454 4287 2614 4340 illum
2652 4302 2754 4341 om.
2794 4289 2847 4341 Z

648 4365 717 4418 22
753 4369 808 4420 et
843 4382 942 4421 om.
982 4368 1106 4438 Ζμυ
1346 4369 1715 4424 hierusolimis
1760 4371 1810 4424 T
2036 4372 2105 4426 23
2139 4373 2377 4426 monitus
2414 4373 2481 4435 Z,
2515 4372 2754 4426 monitus
2790 4387 2913 4428 ora-

645 4453 764 4506 culo
803 4453 1081 4511 Baluzius
1117 4472 1188 4510 ex
1221 4473 1254 4509 ·r
