3217 5150
1336 487 1712 558 Epistulae.
2514 491 2642 556 279

390 649 623 726 gaudia.
676 649 821 709 mihi
850 650 1037 722 crede,
1082 663 1305 723 semper
1332 648 1397 707 in
1424 647 1686 708 omnibus
1714 647 2087 710 incredulitas
2115 653 2348 723 moeret,
2394 653 2460 710 et·
2491 649 2642 709 sicut

390 773 507 816 non
534 755 725 829 potest
752 753 895 812 fides
924 767 1091 812 nosse
1120 752 1272 826 quod
1301 752 1512 824 doleat,
1544 750 1631 811 sic
1659 751 1978 812 diffidentia
2007 753 2132 813 sola
2158 753 2450 814 doloribus
2472 756 2638 813 tene-

388 858 491 920 tur
516 857 749 920 ancilla.
801 873 937 916 nam
986 855 1038 915 si
1088 856 1435 916 dormientes
1464 855 1725 928 dicimus,
1780 855 2129 916 dormientes
2179 857 2380 931 utique
2410 857 2639 917 credere

390 963 663 1023 debemus
706 963 765 1020 et
794 977 909 1020 non
938 961 1209 1031 mortuos,
1256 960 1356 1018 sed
1386 959 1806 1034 requiescentes
1835 960 2066 1020 interim
2108 961 2414 1020 secundum
2443 976 2643 1020 uocem

348 1064 625 1126 sDomini
682 1063 929 1123 fideliter
977 1062 1295 1138 loquentis:
1364 1063 1623 1135 omnis,
1669 1061 1891 1138 inquit,
1939 1062 2067 1138 qui
2111 1063 2353 1129 credit
2395 1061 2468 1120 in
2509 1078 2639 1136 me,

386 1169 578 1228 licet
605 1167 964 1227 moriatur
982 1211 997 1238 ,
1028 1166 1251 1226 uiuet.
1297 1166 1348 1224 si
1376 1166 1485 1225 tibi
1514 1166 1769 1227 medicus
1793 1167 1902 1226 hoc
1921 1165 2282 1241 promitteret
2311 1166 2635 1241 quisquam,

384 1272 605 1332 nullam
634 1270 758 1331 sine
788 1269 960 1330 dubio
990 1269 1355 1343 promissioni
1396 1268 1523 1329 eius
1550 1287 1760 1344 negare
1801 1272 2032 1346 poteras
2062 1269 2288 1330 omnino
2316 1270 2632 1331 laetitiam:

384 1393 537 1436 nunc
587 1374 723 1450 quia
780 1373 1043 1432 Christus
1094 1373 1403 1433 fabricator
1442 1375 1503 1432 et
1525 1374 1897 1434 resuscitator
1941 1373 2246 1448 promittit,
2301 1391 2414 1433 non
2461 1375 2634 1434 times

382 1479 678 1558 plangere,
708 1479 772 1536 ut
800 1476 1111 1537 fideliorem
1142 1477 1370 1537 Christo
1394 1455 1622 1550 pariter‘
1639 1480 1699 1538 et
1725 1477 2104 1551 potentiorem
2146 1478 2424 1538 medicum
2465 1477 2630 1537 uide-

312 1605 369 1643 ιο
388 1582 507 1642 aris
536 1582 597 1640 in
641 1580 1111 1655 promissionibus
1152 1581 1422 1640 iudicare.
1478 1580 1581 1640 sed
1610 1581 1968 1653 destitutam,
2017 1581 2179 1654 dicis,
2226 1582 2387 1642 doleo
2433 1597 2630 1641 senec-

382 1688 586 1756 tutem,
618 1685 719 1759 qui
745 1686 1053 1745 debueram
1082 1701 1237 1745 meos
1265 1684 1477 1745 liberos
1507 1684 1698 1761 potius
1737 1686 2086 1758 antecedere,
2133 1703 2206 1745 ne
2234 1686 2297 1746 in
2338 1685 2632 1746 laboribus

380 1805 751 1848 remanerem.
805 1788 1029 1862 quando
1059 1788 1131 1848 de
1160 1788 1520 1862 spiritalibus
1546 1789 1714 1850 bonis
1765 1792 2160 1866 quodcumque
2189 1791 2490 1863 tractatur,
2535 1790 2630 1848 ni-

378 1892 469 1951 hil
497 1893 587 1952 est
614 1891 685 1950 de
714 1891 1037 1952 carnalibus
1066 1892 1292 1952 omnino
1318 1895 1455 1952 ante
1485 1893 1682 1954 oculos
1713 1895 2114 1968 reponendum.
2146 1911 2252 1968 ego
2289 1892 2400 1952 tibi
2425 1892 2632 1952 melius

378 1996 647 2071 profiteor
688 1995 966 2068 euenisse,
1020 1997 1119 2070 qui
1170 2014 1283 2057 non
1334 1996 1618 2057 carnalem
1660 1999 1759 2058 sed
1799 1997 2118 2073 spiritalem
2161 1997 2313 2058 circa
2354 1998 2413 2057 te
2443 1996 2630 2058 consi-

308 2119 361 2159 15
381 2101 514 2161 dero
537 2099 892 2161 felicitatem.
936 2103 1003 2159 tu
1028 2103 1088 2159 te
1119 2100 1263 2159 dicis
1293 2100 1363 2160 de
1394 2100 1638 2162 alicuius
1667 2103 1924 2177 pigneris
1951 2102 2042 2162 tui
2071 2100 2232 2162 obitu
2253 2101 2315 2160 in
2338 2101 2632 2161 senectute

378 2203 716 2265 confectum.
781 2222 886 2279 ego
914 2207 1113 2265 contra
1142 2206 1443 2281 comprobo
1474 2205 1859 2268 subleuatum.
1905 2207 2186 2268 senectuti
2237 2209 2370 2266 tuae
2430 2222 2628 2280 ampu-

378 2309 531 2369 tauit
556 2308 745 2384 magis
774 2308 1052 2369 Dominus
1080 2308 1523 2371 sollicitudinem
1552 2328 1701 2386 quae
1727 2315 1786 2372 te
1815 2312 2120 2385 torquebat
2147 2311 2217 2370 de
2247 2311 2382 2369 uiua
2411 2309 2532 2368 filia
2556 2326 2631 2369 ne

377 2411 613 2487 periret.
668 2412 873 2472 melius
904 2413 1101 2488 utique
1130 2430 1281 2473 nunc
1311 2417 1589 2474 mortuam
1623 2415 1849 2475 saeculo
1879 2414 2065 2474 credis
2094 2429 2222 2473 esse
2265 2412 2417 2486 apud
2446 2412 2628 2471 Deum

376 2516 573 2577 uiuam
601 2533 773 2592 quam
802 2517 994 2578 uiuam
1024 2518 1251 2579 saeculo
1281 2517 1503 2579 doleres
1542 2516 1788 2579 forsitan
1815 2518 1968 2592 apud
1996 2515 2299 2578 Dominum
2327 2516 2626 2574 mortuam.

306 2640 361 2681 πο
378 2622 565 2695 gaude
593 2620 705 2680 tibi
734 2623 885 2697 quod
926 2622 1103 2681 filiam
1133 2621 1505 2683 christianam
1532 2622 1840 2682 mereberis
1883 2621 2048 2697 sequi
2089 2636 2259 2695 quam
2287 2620 2518 2679 secutus
2564 2618 2628 2677 in

376 2724 535 2785 caelo
564 2725 819 2799 gaudeas
848 2742 1047 2785 rursus
1092 2725 1377 2800 amplecti.
1436 2742 1551 2785 non
1578 2728 1638 2785 te
1669 2724 1921 2786 deseruit
1938 2771 1958 2803 ,
2016 2723 2120 2784 sed
2158 2720 2505 2797 praecessit:
2566 2723 2628 2780 et

509 2892 545 2947 5
579 2892 657 2947 Io.
694 2892 779 2959 12,
812 2892 898 2947 46.

510 3030 542 3083 1
580 3031 807 3101 semper]
844 3030 959 3085 sola
992 3031 1030 3085 h
1200 3030 1570 3087 credulitatem
1604 3032 1798 3087 mereri
1831 3031 1884 3086 Ζ
2051 3030 2086 3085 2
2121 3044 2272 3083 nosse
2305 3027 2437 3082 fides
2471 3028 2556 3083 Zv

368 3116 449 3171 sic
482 3118 539 3171 et
572 3136 613 3186 μ
808 3116 943 3187 sola]
982 3116 1095 3171 suis
1130 3117 1184 3170 Z
1362 3119 1595 3188 tenetur]
1635 3118 1909 3173 inuenitur
1943 3118 1981 3172 h
2170 3114 2208 3170 4
2242 3117 2299 3169 et
2332 3131 2433 3170 om.
2470 3115 2556 3169 Zv

366 3202 589 3257 interim
622 3218 723 3259 ont.
757 3204 795 3258 h
1016 3204 1052 3258 5
1084 3203 1318 3259 fideliter
1352 3204 1642 3274 loquentis]
1678 3203 1856 3259 fidelis
1888 3219 1976 3273 νμ,
2013 3218 2118 3259 om.
2154 3202 2191 3257 h
2447 3200 2622 3255 omnis

369 3288 516 3342 enim
548 3289 587 3343 h
790 3290 825 3344 6
858 3290 1004 3345 uiuit
1038 3290 1095 3344 Z
1292 3290 1416 3361 tibi]
1453 3290 1541 3345 cui
1577 3290 1661 3347 Ζυ
1852 3289 1970 3360 hoc]
2007 3289 2168 3345 homo
2203 3289 2286 3342 Zv
2474 3286 2624 3356 quis-

372 3391 535 3443 quam
570 3376 795 3447 nullam]
833 3377 1127 3446 quidquam
1162 3378 1247 3434 Zv
1488 3379 1520 3434 7
1556 3394 1754 3449 negare
1786 3394 1896 3433 non
1931 3378 2014 3433 Zv
2251 3375 2456 3445 poterit
2489 3391 2555 3431 νυ

366 3462 405 3515 8
439 3461 687 3517 dominus
721 3462 959 3518 christus
995 3464 1078 3521 Zv
1283 3466 1318 3519 9
1353 3481 1473 3519 eam
1506 3464 1762 3535 plangere
1795 3466 1833 3520 h
2028 3464 2098 3518 10
2128 3462 2484 3533 promissione
2518 3460 2555 3515 h

370 3546 541 3617 doles]
577 3546 759 3603 dolore
791 3549 843 3604 Z
1048 3551 1115 3605 11
1153 3551 1266 3620 qui]
1307 3551 1437 3619 quia
1473 3552 1571 3617 Zv,
1608 3568 1783 3606 meam
1817 3550 1911 3620 qui
1945 3551 1983 3605 h
2185 3549 2347 3619 meos]
2385 3563 2476 3600 eos
2512 3566 2570 3630 μΙ

366 3634 427 3687 in
461 3649 563 3689 om.
601 3634 652 3689 Z
810 3636 877 3690 12
910 3639 1244 3691 remanerent
1279 3638 1334 3691 Ζ
1499 3653 1549 3707 q.
1586 3640 1913 3693 tractaretur
1947 3654 1995 3703 r,
2029 3636 2297 3690 tractatur
2333 3632 2621 3703 quodcum-

365 3734 471 3787 que
506 3720 561 3773 Ζ
785 3721 853 3775 13
887 3722 1105 3777 omnino
1138 3722 1205 3777 de
1236 3722 1542 3779 carnalibus
1575 3726 1646 3780 hv
1868 3722 2266 3793 proponendum
2301 3738 2392 3790 w,
2427 3735 2619 3789 P1'0P0·

362 3807 599 3861 nendum
632 3809 671 3863 h
912 3810 981 3863 14
1016 3809 1128 3877 qui]
1164 3810 1415 3889 quoniam
1450 3811 1534 3865 Zv
1790 3810 1857 3864 15
1890 3808 2249 3863 foelicitatem
2285 3808 2408 3876 νμΙι,
2445 3806 2618 3861 fideli-

362 3896 537 3949 tatem
572 3894 655 3949 Zv
849 3894 915 3949 de
948 3896 1005 3949 te
1039 3895 1175 3950 dicis
1210 3897 1266 3951 Z
1446 3896 1677 3953 alicuius
1713 3911 1813 3951 om.
1849 3897 1890 3950 h
2072 3894 2311 3964 pigneris
2346 3910 2447 3948 om.
2484 3894 2551 3963 μ·

362 3982 451 4037 tui
483 3996 583 4037 om.
623 3982 709 4036 Zv
996 3981 1205 4037 obitum
1239 3999 1327 4052 νμ,
1367 3980 1550 4037 debito
1584 3982 1640 4037 Z
1919 3982 1988 4036 16
2023 3998 2053 4035 e
2087 3982 2276 4035 contra
2309 3981 2476 4050 probo
2511 3982 2550 4036 h

362 4067 701 4123 subleuatam
724 4070 1049 4124 senectutem
1070 4072 1238 4123 tuam.
1263 4070 1347 4125 Ζυ
1483 4068 1550 4123 17
1574 4068 1751 4139 magis
1773 4084 1874 4125 om.
1902 4068 2012 4131 203
2043 4068 2289 4122 dominus
2313 4066 2487 4137 magis
2512 4069 2550 4123 h

358 4156 419 4207 te
453 4168 552 4209 om.
591 4156 629 4209 h
871 4155 938 4209 18
972 4154 1183 4209 saeculo
1203 4194 1216 4207 .
1238 4195 1250 4208 .
1272 4196 1284 4209 .
1308 4155 1491 4209 uiuam
1525 4170 1626 4210 om.
1661 4171 1695 4210 r
1923 4154 2096 4209 credis
2129 4169 2243 4208 esse
2280 4152 2422 4223 apud
2455 4152 2614 4207 deum

360 4240 454 4307 μὴ,
492 4238 691 4295 redisse
726 4240 796 4295 ad
829 4241 1105 4296 dominum
1139 4241 1222 4296 Zv
1390 4242 1457 4295 19
1492 4257 1654 4311 qnam
1690 4241 1781 4297 hic
1814 4243 1852 4296 h
2005 4240 2215 4295 saeculo
2238 4281 2250 4294 .
2272 4281 2283 4294 .
2307 4281 2320 4294 .
2342 4239 2614 4295 dominum

358 4342 465 4382 om.
500 4327 539 4381 h
710 4327 917 4383 dolores
952 4331 1037 4398 μ’,
1072 4326 1275 4383 redisse
1313 4328 1368 4383 Z
1550 4327 1711 4383 deum
1747 4348 1786 4398 μ.
1983 4326 2054 4382 20
2088 4343 2192 4396 quo
2227 4349 2266 4397 μ,
2305 4394 2320 4404 ο
2445 4325 2612 4381 filiam

356 4428 458 4465 mn.
496 4412 581 4468 Zv
788 4415 1040 4469 merearis
1076 4414 1131 4469 Z
1343 4415 1411 4469 21
1446 4417 1505 4469 et
1537 4431 1838 4470 ne...non
1875 4432 1972 4469 om.
2010 4415 2049 4469 h
