3217 5150
678 499 795 548 CIV
1478 477 1774 534 Caecilii
1811 478 2142 547 Cypriani

679 637 899 722 digitis
946 635 1293 719 significare
1338 635 1712 718 properauit.
1763 652 1876 718 ego
1915 635 2202 716 quamuis
2241 653 2364 700 non
2403 637 2566 702 esset
2609 637 2772 704 lecta
2803 655 2947 702 sen-

680 741 899 822 tentia,
947 740 1011 804 et
1039 739 1128 804 sic
1159 739 1233 803 de
1262 739 1488 822 gaudio
1519 738 1840 804 dilationis
1883 740 2170 822 acceptae
2199 739 2364 804 laeto
2397 739 2735 806 admodum
2767 741 2956 806 corde

680 841 1001 924 resipisco:
1034 845 1207 907 metu
1238 844 1451 908 tamen
1475 841 2009 925 interpretationis
2041 842 2316 908 incertae
2344 843 2435 906 sic
2463 844 2840 922 tremebam,
2883 846 2958 908 ut

681 945 979 1028 reliquiae
1008 945 1361 1012 formidinis
1392 965 1497 1012 cor
1524 946 1808 1012 exultans
1839 945 2044 1010 adhuc
2071 947 2206 1012 toto
2235 964 2464 1029 pauore
2491 935 2863 1028 pulsarent'.

582 1049 658 1112 13
769 1048 934 1129 Quid
976 1048 1091 1114 hac
1135 1027 1512 1115 reuelatione
1564 1049 1978 1128 manifestim,
2039 1051 2190 1132 quid
2240 1052 2356 1116 hac
2397 1051 2760 1136 dignatione
2805 1050 2994 1116 feli-s

682 1152 859 1218 cius?
910 1153 1053 1218 ante
1096 1154 1205 1234 jlli
1255 1153 1573 1236 praedicta
1625 1155 1772 1218 sunt
1822 1155 2032 1218 omnia
2082 1172 2504 1238 quaecumque
2553 1155 2958 1238 postmodum

684 1255 1015 1322 subsecuta
1066 1258 1230 1321 sunt.
1284 1255 1446 1320 nihil
1490 1255 1567 1320 de
1598 1256 1713 1320 Dei
1759 1256 1967 1329 uerbis
2009 1257 2440 1336 imminutum,
2491 1257 2654 1324 nihil
2699 1257 2778 1322 de
2821 1259 2958 1322 tam

680 1359 893 1424 sancta
931 1359 1335 1441 promissione
1374 1359 1760 1424 mutilatum.
1805 1359 2054 1443 singula
2093 1360 2358 1442 denique
2399 1359 2742 1426 secundum
2782 1360 2954 1443 quod

678 1464 921 1528 ostensa
950 1465 1097 1528 sunt
1126 1463 1562 1546 recognoscite.
1606 1461 1975 1528 dilationem
2005 1463 2168 1545 petit
2197 1463 2476 1543 crastini,
2519 1483 2664 1530 cum
2694 1463 2774 1528 de
2803 1481 2956 1545 pas-

680 1566 870 1631 sionis
911 1565 1221 1630 sententia
1260 1565 1662 1649 cogitaretur,
1711 1566 2032 1648 postulans
2075 1569 2146 1632 ut
2187 1586 2286 1632 res
2325 1585 2470 1632 suas
2511 1567 2614 1632 die
2656 1567 2770 1632 ino
2813 1584 2942 1649 quo
2959 1591 3006 1628 ιο

679 1669 1103 1750 inpetrauerat
1130 1668 1461 1734 ordinaret.
1492 1668 1595 1732 hic
1625 1668 1758 1734 dies
1789 1687 1948 1734 unus
1979 1668 2374 1753 significabat
2402 1687 2656 1752 annum,
2691 1687 2816 1751 quo
2843 1669 2956 1734 ille

679 1775 822 1855 post
874 1771 1175 1837 uisionem
1227 1772 1478 1838 acturus
1530 1773 1597 1836 in
1640 1772 1884 1838 saeculo
1937 1770 2161 1836 fuerat.
2215 1791 2381 1849 nam,
2434 1772 2508 1836 ut
2549 1772 2954 1837 manifestius

682 1877 905 1959 dicam,
954 1895 1024 1942 eo
1068 1878 1168 1942 die
1207 1878 1349 1960 post
1392 1877 1682 1942 exactum
1726 1895 1960 1942 annum
2004 1877 2331 1942 coronatus
2372 1875 2484 1954 est,
2530 1894 2652 1958 quo
2691 1876 2808 1941 hoc
2853 1876 2956 1941 illi

680 1983 823 2046 ante
863 2000 1093 2046 annum
1135 1982 1339 2046 fuerat
1380 1982 1716 2046 ostensum.
1765 1979 1930 2044 diem
1971 1982 2184 2045 autem
2214 1980 2488 2059 Domini,
2533 1980 2654 2046 etsi
2683 1999 2806 2045 non
2837 1999 2952 2046 an·-

680 2104 832 2149 num
876 2085 942 2149 in
986 2084 1219 2149 diuinis
1268 2083 1499 2150 litteris
1542 2083 1836 2166 legimuS‚
1888 2083 2284 2166 promissioni
2330 2085 2542 2148 tamen
2585 2082 2948 2149 futurorum
2967 2110 3012 2149 ιε

682 2185 967 2252 debitum
998 2187 1159 2252 illud
1190 2189 1437 2269 tempus
1466 2185 1826 2268 accipimus.
1859 2185 2023 2251 unde
2052 2185 2214 2250 nihil
2239 2186 2518 2264 interest,
2551 2186 2607 2250 si
2635 2205 2800 2250 nunc
2833 2185 2950 2252 sub

680 2289 807 2354 diei
852 2289 1297 2374 significatione
1343 2289 1512 2355 solus
1554 2309 1754 2356 annus
1801 2290 2084 2354 ostensus
2129 2289 2244 2367 est,
2296 2289 2444 2371 quia
2489 2289 2652 2353 illud
2696 2289 2954 2372 plenius

680 2391 868 2457 debet
896 2409 1029 2458 esse
1060 2392 1223 2474 quod
1252 2392 1455 2457 maius
1484 2393 1599 2458 est.
1634 2391 1795 2474 quod
1825 2409 1971 2457 uero
2000 2393 2159 2458 nutu
2189 2391 2399 2475 potius
2429 2393 2494 2456 et
2515 2409 2638 2472 non
2667 2409 2956 2457 sermone

681 2497 998 2583 prolatum
1040 2499 1154 2577 est,
1194 2496 1748 2581 repraesentationi
1777 2495 2077 2580 temporis
2107 2495 2474 2561 seruabatur
2503 2495 2808 2562 sermonis
2843 2513 2950 2561 ex·

682 2602 946 2683 pressio:
997 2601 1155 2667 solet
1198 2599 1367 2667 enim
1412 2602 1562 2665 tunc
1606 2600 1814 2665 uerbis
1860 2599 2288 2683 quodcumque
2330 2598 2612 2683 proferri,
2659 2600 2950 2681 quotiens
2963 2630 3010 2671 n

682 2703 993 2786 quidquid
1032 2702 1341 2785 profertur
1381 2704 1697 2786 impletur.
1750 2722 1896 2768 nam
1925 2704 1988 2767 et
2016 2722 2162 2769 uere
2201 2720 2383 2769 nemo
2425 2704 2722 2786 cognouit
2761 2721 2958 2785 quare

682 2806 801 2872 hoc
830 2808 1146 2872 ostensum
1178 2805 1419 2885 fuisset,
1450 2806 1573 2873 nisi
1600 2808 1743 2889 post
1767 2806 1982 2872 eodem
2003 2807 2106 2871 die
2129 2825 2250 2889 quo
2267 2806 2333 2871 id
2349 2806 2598 2871 uiderat
2621 2808 2956 2873 coronatus

686 2910 801 2975 est.
834 2910 1039 2975 medio
1068 2908 1265 2975 nihilo
1286 2909 1494 2975 minus
1518 2909 1804 2992 ,tempore
1833 2909 2166 2975 imminens
2196 2909 2398 2991 passio
2422 2927 2532 2993 pro
2555 2909 2724 2974 certo
2745 2909 2956 2973 omni-

686 3012 805 3079 bus
849 3013 1191 3078 sciebatur:
1237 3014 1549 3098 passionis
1593 3016 1808 3079 tamen
1854 3014 1984 3079 dies
2028 3014 2234 3079 certus
2275 3016 2352 3081 ab
2384 3014 2619 3079 eisdem
2664 3013 2964 3079 omnibus

796 3236 829 3289 1
853 3251 959 3290 non
984 3254 1023 3304 μ
1044 3250 1087 3289 s.
1114 3235 1150 3289 l.
1176 3252 1245 3289 m.
1268 3236 1313 3288 -2
1414 3234 1573 3305 lecta]
1598 3235 1714 3288 lata
1732 3251 1780 3287 w
1881 3235 1918 3289 2
1941 3238 1998 3288 et
2021 3236 2100 3289 sic
2119 3234 2339 3303 scripsi,
2365 3234 2468 3288 etsi
2496 3234 2666 3304 Τωμυ
2771 3235 2806 3289 3
2829 3235 2964 3291 resi-

687 3322 857 3392 pisco]
886 3320 1170 3391 gauderem
1191 3338 1225 3375 v
1398 3320 1601 3375 incerte
1623 3338 1730 3389 ωμ,
1757 3320 1960 3375 incerta
1989 3322 2041 3375 T
2197 3320 2294 3389 sic]
2322 3322 2406 3374 est
2431 3319 2483 3374 Τ
2633 3320 2953 3391 tremebm]

690 3408 911 3463 tenebar
934 3424 1003 3463 ex
1024 3406 1311 3462 tenebatur
1332 3424 1383 3460 w
1484 3406 1521 3461 4
1542 3407 1760 3476 pauore]
1787 3406 1984 3475 parill'
2083 3406 2378 3476 repulsaret
2408 3406 2468 3471 T,
2497 3406 2840 3476 repulsarent
2863 3415 2890 3462 t

686 3496 723 3548 5
746 3495 877 3549 haec
906 3496 958 3549 T
1133 3494 1165 3547 7
1192 3494 1374 3547 secuta
1394 3510 1445 3546 w
1630 3492 1998 3563 imminutum]
2023 3494 2374 3547 immutatum
2395 3510 2444 3546 w
2617 3493 2684 3547 dc
2707 3510 2808 3549 om.
2839 3494 2895 3549 T

686 3583 723 3637 8
746 3584 986 3635 sanctam
1007 3580 1411 3650 promissionem
1434 3580 1486 3635 T
1645 3579 1962 3634 mutilatum
1989 3583 2072 3633 est
2091 3600 2146 3649 μ,
2173 3580 2435 3634 utilatum
2459 3582 2517 3633 ct
2545 3581 2607 3645 T,
2631 3596 2703 3634 m.
2731 3580 2828 3634 sed
2845 3598 2900 3635 w

688 3667 905 3737 singula
931 3708 946 3720 .
966 3707 978 3719 .
1001 3706 1013 3719 .
1042 3666 1401 3737 recognoscite
1424 3664 1553 3720 aad.
1582 3667 1650 3734 μ’
1673 3666 1738 3721 in
1759 3652 1936 3736 margi.
2123 3666 2157 3721 9
2181 3665 2506 3721 delationem
2538 3665 2590 3720 Τ
2749 3667 2816 3721 10
2843 3683 2964 3721 sen-

688 3752 867 3808 tentia
890 3753 1154 3822 passionis
1179 3754 1445 3822 cogitaret
1468 3768 1516 3806 w
1701 3768 1804 3819 quo
1830 3751 1942 3817 Tw,
1991 3768 2149 3825 quem
2171 3770 2221 3816 v,
2247 3768 2345 3807 om,
2374 3772 2414 3821 μ
2601 3752 2670 3806 13
2695 3750 2963 3821 exactum]

694 3840 891 3895 esitum
915 3856 1053 3895 corr.
1077 3840 1141 3893 in
1164 3840 1365 3893 exitum
1390 3836 1516 3893 anni
1543 3858 1583 3907 μ
1604 3855 1676 3894 m.
1703 3842 1741 3893 2
1990 3840 2112 3909 quo]
2139 3837 2280 3907 quod
2306 3838 2359 3892 Τ
2595 3837 2697 3893 hoc
2719 3854 2818 3893 om.
2845 3856 2902 3893 w

695 3925 762 3981 14
790 3928 972 3981 autem
992 3925 1137 3981 diem
1160 3932 1181 3981 t
1340 3941 1446 3980 non
1468 3940 1568 3980 om.
1603 3926 1656 3979 T
1813 3926 1878 3981 16
1903 3925 2200 3994 accepimus
2226 3944 2282 3993 μ,
2307 3923 2634 3993 accipiamus
2659 3941 2710 3979 w
2869 3922 2972 3978 sub

698 4028 799 4067 om.
825 4033 885 4082 μ,
910 4012 1177 4067 sententie
1200 4029 1249 4066 w
1492 4012 1557 4065 17
1582 4010 1972 4080 significationi
1998 4010 2050 4065 T
2285 4010 2516 4065 offensus
2543 4030 2585 4079 μ
2815 4010 2968 4079 quial

695 4115 806 4169 qua
829 4100 879 4153 T
1012 4098 1079 4153 18
1096 4114 1209 4152 esse
1226 4097 1385 4153 debet
1409 4097 1461 4152 T
1593 4098 1662 4152 19
1679 4098 1950 4166 prolatum
1970 4114 2076 4167 ωμ,
2106 4096 2386 4166 planatum
2411 4098 2474 4161 T,
2499 4096 2848 4165 explanatum
2867 4114 2904 4152 ο

690 4184 949 4254 temporis
980 4185 1032 4240 Τ
1049 4200 1091 4239 s.
1120 4185 1153 4239 l.
1179 4202 1251 4241 m.
1276 4188 1315 4239 2
1494 4186 1741 4238 seruatur
1765 4200 1856 4254 ωμ
2039 4184 2112 4238 20
2135 4183 2290 4261 solet]
2319 4182 2410 4237 sed
2433 4185 2488 4237 et
2511 4200 2562 4238 w
2736 4182 2806 4237 21
2829 4200 2956 4239 uere

693 4273 892 4325 nature
918 4287 967 4325 w
1162 4272 1232 4325 22
1254 4272 1305 4325 ei
1328 4272 1601 4325 ostensum
1626 4288 1660 4325 v
1843 4270 1969 4340 nisi]
1995 4269 2107 4323 nisi
2132 4270 2262 4338 quia
2283 4287 2317 4324 v
2501 4270 2789 4339 postquam
2811 4286 2908 4339 ιομ

690 4371 797 4423 quo
829 4356 905 4426 id]
934 4356 1077 4425 quod
1108 4356 1170 4421 T,
1195 4372 1300 4425 quo
1327 4373 1417 4426 ωμ
1488 4368 1503 4383 ·
1645 4356 1716 4411 23
1739 4356 1882 4411 nihil
1906 4356 2141 4411 hominis
2167 4372 2216 4409 w
2436 4370 2530 4425 pro
2555 4358 2702 4410 certo
2724 4370 2826 4410 om.
2851 4372 2907 4409 w

691 4442 761 4495 ab
788 4444 1034 4497 omnibus
1060 4459 1182 4513 ωμυ
1388 4444 1459 4497 24
1483 4442 1674 4498 iisdem
1697 4458 1730 4497 v
