3217 5150
633 510 717 571 90
1576 501 1945 571 Appendix.

633 678 762 722 ores
803 664 904 721 aut
953 660 1306 733 curiosioreS,
1351 662 1408 720 et
1437 662 1727 735 temptant
1770 660 2033 721 nonnulli
2076 660 2305 722 illorum
2345 664 2591 722 tractare
2638 678 2701 721 se
2746 661 2901 721 solos

635 766 924 839 integrum
973 768 1144 838 atque
1185 763 1517 836 perfectum,
1550 781 1663 824 non
1706 762 1877 823 sicuti
1918 780 2023 826 nos
2069 764 2397 823 mutilatum
2427 768 2485 825 et
2516 766 2896 837 decurtatum,

633 868 922 943 baptisma
965 868 1210 939 tradere,
1263 868 1414 941 quod
1456 866 1660 927 taliter
1699 867 1965 927 dicuntur
2007 869 2309 942 adsignare
2358 871 2422 928 ut
2465 886 2637 943 quam
2680 885 2810 928 mox
2840 870 2902 927 in

635 989 844 1047 aquam
895 972 1328 1044 descenderunt,
1385 972 1581 1030 statim
1634 988 1805 1045 super
1844 989 2051 1045 aquam
2106 972 2259 1045 ignis
2310 976 2603 1048 appareat.
2648 972 2801 1046 qnod
2846 973 2899 1031 si

635 1074 828 1149 aliquo
873 1075 1006 1133 lusu
1051 1074 1370 1148 perpetrari
1413 1076 1626 1147 potest,
1672 1072 1823 1133 sicut
1866 1074 2238 1135 adfirmantur
2284 1076 2541 1149 plerique
2571 1074 2899 1135 huiusmodi
2920 1095 2946 1132 ⁵

636 1178 799 1237 lusus
829 1177 1098 1237 Anaxilai
1127 1193 1268 1250 6666,
1301 1177 1424 1237 siue
1456 1176 1719 1235 naturale
1749 1176 1889 1251 quid
1918 1180 2026 1251 est,
2073 1194 2183 1251 quo
2214 1182 2382 1253 pacto
2413 1180 2596 1252 possit
2626 1179 2731 1237 hoc
2762 1195 2899 1237 con-

635 1280 879 1354 tingere,
939 1280 1060 1339 siue
1112 1278 1203 1338 illi
1262 1282 1469 1354 putant
1531 1281 1639 1338 hoc
1691 1296 1755 1338 66
1807 1281 2129 1353 conspicere
2182 1280 2305 1341 siue
2356 1281 2596 1355 maligni
2646 1298 2789 1355 opus
2841 1284 2903 1340 et

635 1384 922 1459 magicum
953 1384 1110 1443 uirus
1140 1382 1330 1457 ignom
1360 1384 1550 1457 potest
1579 1383 1642 1442 in
1670 1400 1819 1457 aqua
1850 1383 2194 1458 exprimere:
2240 1385 2329 1445 illi
2356 1388 2547 1445 tamen
2576 1384 2751 1444 talem
2782 1384 2899 1443 fal-

636 1486 842 1547 laciam
873 1490 932 1546 et
962 1487 1258 1561 stropham
1287 1486 1623 1560 praedicant
1650 1486 1971 1560 perfectum
1999 1487 2287 1562 baptisma
2330 1505 2473 1561 6666,
2522 1488 2673 1562 quod
2700 1486 2901 1547 fideles

638 1591 895 1650 homines
927 1590 978 1649 si
1009 1589 1190 1649 coacti
1218 1588 1452 1649 fuerunt
1478 1589 1751 1663 accipere,
1785 1589 1984 1663 utique
2014 1607 2127 1649 non
2156 1590 2513 1651 dubitabitur
2540 1608 2637 1651 eos
2664 1591 2724 1649 id
2746 1592 2897 1664 qnod
2920 1610 2973 1649 io

635 1694 958 1753 habuerant
987 1691 1266 1764 amisisse,
1299 1692 1532 1766 perinde
1563 1708 1630 1751 ac
1660 1692 1711 1751 si
1739 1691 1869 1766 quis
1890 1695 2242 1753 sacramento
2272 1693 2437 1753 miles
2469 1694 2621 1753 dicto
2652 1691 2901 1751 desertis

637 1796 758 1855 suis
789 1796 994 1855 castris
1023 1795 1084 1854 in
1115 1794 1365 1853 hostium
1395 1794 1808 1854 diuersissimis
1858 1794 2067 1854 castris
2098 1794 2264 1869 longe
2294 1796 2453 1855 aliud
2482 1798 2901 1855 sacramentum

636 1898 780 1958 uelit
824 1897 1026 1970 dicere,
1079 1898 1188 1957 hac
1231 1896 1454 1957 ratione
1499 1901 1727 1958 constat
1778 1913 1905 1956 eum
1936 1900 2127 1959 uetere
2157 1900 2510 1959 sacramento
2562 1900 2899 1959 exauctora-

635 2004 760 2059 tum
795 2016 941 2060 esse.

539 2108 620 2168 17
727 2102 875 2163 Item
915 2104 967 2163 si
1019 2103 1339 2163 huiusmodi
1383 2104 1549 2163 homo
1600 2120 1797 2163 rursus
1849 2104 1921 2163 ad
1970 2106 2029 2163 te
2080 2105 2295 2176 redeat,
2340 2105 2537 2179 ntique
2590 2104 2903 2163 haesitabis
2924 2128 2973 2167 ιε

641 2210 830 2267 utrum
861 2207 1070 2265 habeat
1099 2206 1386 2280 baptisma
1408 2222 1617 2265 necne:
1650 2209 1929 2266 ettamen
1952 2207 2235 2281 oportebit
2264 2210 2322 2267 te
2351 2208 2485 2267 huic
2512 2224 2734 2281 quoque
2759 2222 2901 2280 pae-

639 2310 942 2369 nitentiam
986 2310 1183 2383 agenti
1229 2308 1679 2383 quibuscumque
1722 2309 1903 2369 modis
1934 2310 2189 2383 potueris
2218 2310 2541 2371 subuenire.
2588 2314 2681 2369 est
2708 2314 2903 2369 autem

640 2412 945 2473 adulterini
977 2412 1148 2471 huius
1177 2412 1347 2472 immo
1380 2411 1720 2471 internecini
1749 2412 2115 2486 baptismatis
2146 2412 2199 2472 si
2227 2414 2329 2487 qui
2356 2413 2505 2473 alius
2530 2416 2746 2485 auctor,
2778 2416 2904 2472 tum

641 2516 814 2578 etiam
861 2516 1092 2591 quidam
1137 2516 1209 2576 ab
1249 2516 1465 2574 eisdem
1493 2514 1639 2590 ipsis
1669 2514 1975 2576 haereticis
2006 2518 2239 2590 propter
2276 2518 2431 2578 hunc
2473 2517 2712 2578 eundem
2744 2532 2901 2576 erro·

639 2637 762 2680 rem
805 2619 1080 2682 confictus
1121 2620 1268 2680 liber
1321 2621 1420 2694 qui
1465 2620 1801 2679 inscribitur
1843 2635 2095 2681 PAVLLI
2138 2635 2621 2682 PRAEch'rio.
2685 2620 2745 2679 in
2787 2637 2901 2694 quo
2919 2643 2973 2684 ιο

642 2724 790 2784 libro
843 2729 1040 2784 contra
1091 2740 1288 2783 omnes
1340 2723 1657 2796 scripturas
1688 2725 1747 2783 et
1778 2723 1847 2782 de
1892 2726 2123 2796 peccato
2158 2724 2385 2797 proprio
2418 2723 2779 2784 confitentem
2807 2723 2902 2782 in-

641 2827 836 2888 uenies
883 2827 1191 2900 Christum,
1247 2826 1348 2900 qui
1394 2827 1554 2886 solus
1584 2826 1812 2886 omnino
1857 2825 2003 2884 nihil
2030 2826 2291 2900 deliquit,
2322 2829 2383 2886 et
2411 2827 2483 2886 ad
2513 2826 2901 2899 accipiendum

640 2930 871 2991 Ioannis
912 2930 1199 3004 baptisma
1227 2946 1404 3003 paene
1457 2928 1705 2989 inuitum
1735 2947 1771 2987 a
1798 2931 1979 2988 matre
2030 2946 2135 2988 sua
2162 2929 2347 2988 Maria
2374 2947 2497 2988 esse
2528 2928 2899 3002 compulsum,

641 3034 781 3093 item
810 3051 938 3093 cum
969 3033 1357 3106 baptizaretur
1386 3032 1577 3106 ignem
1605 3047 1777 3105 snper
1807 3047 2012 3105 aquam
2042 3047 2167 3090 6666
2198 3031 2403 3105 uisum,
2452 3032 2605 3106 quod
2632 3031 2693 3090 in
2724 3049 2900 3090 euan-

639 3137 791 3212 gelio
843 3138 1002 3197 nullo
1054 3140 1144 3196 est
1195 3135 1491 3209 scriptum,
1545 3138 1604 3195 et
1647 3138 1777 3209 post
1827 3136 1989 3194 tanta
2018 3137 2272 3209 tempora
2302 3136 2534 3194 Petrum
2564 3139 2625 3194 et
2654 3134 2901 3194 Paulum
2918 3157 2970 3198 2⁵

639 3243 768 3316 post
817 3239 1192 3300 conlationem
1236 3238 1524 3311 euangelii
1553 3239 1615 3296 in
1644 3237 2004 3298 Hierusalem
2032 3242 2093 3298 et
2121 3241 2377 3298 mutuam
2408 3238 2811 3312 cogitationem
2840 3241 2901 3296 et

637 3343 1065 3404 altercationem
1111 3346 1170 3401 et
1214 3357 1404 3401 rerum
1457 3341 1805 3414 agendarum
1850 3341 2277 3415 dispositionem
2327 3343 2610 3415 postremo
2664 3341 2725 3399 in
2756 3341 2897 3400 urbe

636 3447 802 3523 quasi
832 3450 970 3507 tunc
997 3446 1242 3519 primum
1273 3443 1518 3503 inuicem
1548 3443 1663 3502 sibi
1692 3461 1817 3504 6666
1849 3444 2125 3518 cognitos,
2158 3446 2217 3503 et
2243 3444 2521 3517 quaedam
2552 3443 2667 3502 alia
2693 3444 2899 3502 huius-

639 3549 856 3611 cemodi
907 3549 1152 3608 absurde
1203 3563 1270 3607 ac
1321 3547 1568 3620 turpiter
1620 3545 1879 3621 conficta,
1933 3565 2079 3622 quae
2134 3546 2323 3607 omnia
2374 3546 2434 3605 in
2479 3545 2643 3604 illum
2686 3545 2899 3605 librum

639 3653 897 3713 inuenies
927 3654 1215 3725 congesta.
1263 3650 1362 3724 qui
1408 3652 1600 3709 autem
1630 3667 1743 3710 non
1771 3649 2042 3724 ignorant
2071 3650 2311 3723 spiritus
2342 3650 2527 3708 sancti
2558 3648 2899 3722 qualitatem
2918 3670 2973 3712 so

639 3757 986 3830 intellegunt
1016 3755 1166 3828 quod
1197 3754 1412 3813 dictum
1441 3757 1532 3813 est
1562 3754 1633 3814 de
1661 3753 1785 3828 igni
1816 3755 1883 3814 de
1914 3755 2037 3828 ipso
2068 3754 2277 3828 spiritu
2319 3753 2533 3813 dictum
2574 3769 2719 3812 esse.
2765 3769 2901 3811 nam

639 3861 702 3920 in
744 3862 890 3921 actis
932 3859 1313 3934 apostolorum
1357 3857 1668 3918 secundum
1716 3859 1864 3917 hanc
1904 3858 2141 3918 eandem
2182 3852 2615 3932 promissionem
2665 3855 2901 3916 Domini

636 3964 822 4023 nostri
873 3962 998 4038 ipso
1045 3963 1136 4021 die
1180 3962 1546 4022 Pentecostes
1599 3979 1728 4021 cum
1778 3961 2168 4020 descendisset
2194 3960 2431 4034 spiritus
2460 3961 2692 4018 sanctus
2722 3976 2898 4034 super

636 4067 950 4141 discipulos
993 4069 1060 4124 ut
1098 4065 1160 4124 in
1203 4064 1303 4124 illo
1355 4065 1803 4138 baptizarentur,
1852 4063 2011 4122 uisae
2064 4067 2199 4122 sunt
2230 4063 2545 4122 insidentes
2576 4077 2747 4136 super
2776 4062 2897 4120 sin·

777 4260 808 4312 1
845 4257 1083 4328 illorum}
1109 4257 1306 4310 iterum
1331 4256 1451 4326 Εἰς.
1531 4249 1542 4260 ’
1625 4256 1661 4309 3
1684 4255 1927 4310 dicantur
1952 4254 2079 4324 1369.
2255 4255 2325 4308 20
2358 4254 2539 4308 Paulli
2576 4253 2708 4318 cod„
2746 4252 2899 4306 Petri

637 4345 942 4416 Riyaltius3
978 4345 1049 4410 cf.
1084 4343 1248 4398 Glem.
1286 4343 1444 4396 Alex.
1483 4341 1685 4396 Str-om.
1730 4341 1830 4396 VI.
1848 4359 1911 4410 p.
1936 4345 2059 4406 639,
2099 4342 2361 4396 Laetam.
2402 4341 2539 4395 Inst.
2567 4339 2666 4394 IV
2684 4355 2732 4394 c.
2758 4343 2827 4392 21

638 4431 707 4486 26
742 4429 1124 4501 cogitationem
1160 4431 1215 4484 et
1249 4445 1348 4483 om.
1385 4427 1507 4498 1259.
1718 4427 1787 4482 34
1808 4427 1889 4498 ut]
1917 4431 1971 4482 et
1996 4428 2121 4498 Riq.
