3217 5150
663 534 776 595 132
1589 525 1958 593 Appendix.

653 689 952 748 dilectione
1003 704 1140 747 suae
1171 684 1490 747 uoluntatis
1519 688 1578 745 te
1609 684 1919 744 coronabit.
1966 685 2193 743 tantum
2224 687 2359 743 tunc
2388 686 2455 742 ut
2482 684 2663 742 nostri
2694 684 2903 741 memi-

649 792 802 849 neris
843 791 1090 864 petimus
1119 792 1178 850 et
1219 806 1466 861 oramus,
1507 804 1639 847 cnm
1666 785 1945 862 pudicitia
1970 787 2009 857 †
2036 786 2371 846 adlectionis
2402 785 2631 845 Domini
2660 786 2909 859 probata

647 898 820 968 atque
851 892 1215 953 immaculata
1241 890 1434 953 hostia
1459 892 1596 951 ante
1622 888 1841 949 Christi
1871 888 2125 949 tribunal
2154 888 2468 963 adstiteris,
2499 906 2627 948 cum
2656 887 2901 961 gloriam

647 995 868 1071 gratiae
923 997 1028 1055 Dei
1079 996 1326 1071 praemio
1381 996 1619 1077 deuotae
1667 994 1879 1055 mentis
1930 1010 1997 1053 ac
2048 994 2559 1055 remunerationem
2586 993 2899 1067 exceperis,

647 1100 966 1159 memoriter
1015 1102 1250 1160 haereat
1298 1101 1356 1158 et
1407 1099 1691 1157 tenaciter
1742 1096 2007 1157 sensibus
2057 1097 2175 1155 tuis
2226 1099 2454 1155 maneat
2506 1113 2677 1170 quam
2728 1095 2895 1155 nobis
2918 1114 2947 1153 s

648 1204 938 1277 impertire
989 1202 1247 1277 dignaris
1298 1200 1526 1261 dilectio
1585 1199 1881 1260 caritatis:
1956 1203 2023 1258 ut
2072 1200 2427 1259 orationibus
2480 1199 2601 1257 tuis
2658 1201 2896 1272 peccata

645 1309 840 1365 nostra
860 1306 956 1365 uel
977 1304 1204 1365 ueniam
1229 1306 1667 1377 consequantur,
1698 1304 1765 1361 ut
1784 1302 2007 1362 meritis
2036 1301 2291 1362 institiae
2313 1305 2446 1361 tuae
2476 1302 2633 1360 uitae
2660 1304 2895 1359 nostrae

643 1408 852 1468 delicta
901 1410 1236 1481 purgentur.
1283 1406 1494 1465 etenim
1545 1405 1811 1481 martyrii
1858 1406 2045 1465 instar
2094 1420 2221 1465 esse
2254 1404 2491 1477 confido,
2538 1408 2897 1478 peccatorem

645 1511 782 1569 iusti
831 1510 1100 1584 martyris
1149 1509 1424 1582 petitione
1453 1508 1731 1567 meruisse
1772 1508 2003 1579 saluari,
2034 1511 2095 1568 et
2122 1510 2189 1567 ut
2218 1524 2347 1567 cum
2374 1508 2497 1581 ipse
2526 1524 2629 1581 pro
2666 1510 2727 1565 te
2754 1524 2893 1580 pro-

643 1630 862 1673 mouere
894 1612 1034 1687 quid
1061 1610 1324 1685 precibus
1353 1612 1469 1671 tuis
1499 1612 1689 1671 minus
1718 1612 1903 1685 possis
1934 1612 2201 1685 martyris
2230 1608 2453 1671 meritis
2482 1609 2765 1669 libereris.
2810 1610 2895 1669 sic
2916 1628 2975 1663 ω

643 1717 743 1776 Iob
787 1718 974 1775 iustus
1003 1732 1106 1789 pro
1157 1714 1466 1775 amicorum
1495 1714 1673 1775 trium
1700 1715 1951 1788 peccatis
1978 1733 2017 1773 a
2045 1713 2161 1773 Deo
2194 1716 2498 1789 rogaturus
2528 1716 2587 1783 et
2614 1713 2895 1787 impetra·

641 1824 802 1878 turus
853 1817 1196 1889 ostenditur,
1251 1820 1310 1875 et
1351 1816 1610 1890 probatio
1656 1816 1881 1877 timoris
1910 1817 2034 1877 eius
2064 1820 2125 1875 et
2152 1816 2285 1875 fidei
2313 1816 2541 1876 Domini
2570 1832 2709 1875 uoce
2738 1820 2891 1875 teste

640 1922 920 1995 signatur.
967 1936 1094 1980 cum
1138 1937 1272 1995 ergo
1319 1920 1382 1979 in
1409 1920 1500 1980 die
1531 1918 1888 1980 liberationis
1917 1923 2071 1991 tuae,
2102 1920 2415 1992 carissime,
2460 1922 2895 1993 repraesentare

639 2028 696 2083 te
727 2024 942 2083 Christi
993 2024 1252 2083 uultibus
1302 2024 1573 2097 coeperis,
1628 2041 1757 2083 cum
1788 2022 1849 2081 in
1892 2024 2291 2083 aeternitatem
2336 2022 2895 2098 perpetuitatemque

641 2126 872 2187 uiuendi
925 2143 1166 2201 regnare
1221 2145 1348 2187 cum
1395 2127 1623 2187 Christo
1674 2126 1833 2187 felici
1886 2130 2039 2187 sorte
2088 2127 2451 2197 successeris,
2504 2143 2609 2200 pro
2657 2126 2885 2185 Domini
2908 2144 2967 2181 ιε.

637 2229 1024 2289 misericordia
1051 2230 1110 2289 in
1143 2233 1332 2289 mente
1361 2246 1450 2289 me
1479 2230 1627 2289 habe
1658 2230 1887 2289 Celsum
1918 2248 2171 2305 puerum,
2184 2234 2365 2303 tuum,
2396 2228 2775 2289 sanctissime.

779 2552 806 2605 1
845 2567 937 2606 sue
973 2554 1028 2604 et
1063 2550 1117 2605 Z
1357 2551 1432 2620 te]
1471 2552 1527 2604 et
1563 2550 1679 2614 ΖΡ,
1716 2552 1771 2604 et
1806 2569 1861 2619 μ,
1900 2554 1953 2604 et
1988 2566 2109 2619 exp.
2142 2558 2191 2606 t²
2454 2550 2733 2607 eoronabis
2778 2550 2829 2604 T

639 2641 768 2692 tunc
801 2641 1018 2692 tantum
1055 2638 1110 2691 Z
1265 2638 1299 2690 2
1335 2641 1398 2690 ut
1431 2653 1551 2691 cum
1588 2636 1640 2690 Z
1810 2637 2001 2706 pudica
2034 2639 2099 2702 Z,
2136 2639 2325 2708 pudice
2360 2638 2505 2704 Bal„
2541 2637 2743 2692 iudicio
2780 2657 2823 2707 μ

665 2723 1058 2777 „adlectionis
1096 2723 1158 2788 Τ,
1195 2722 1500 2776 dilectionis
1535 2723 1598 2786 Z,
1638 2723 1916 2776 electionis
1951 2744 1990 2793 μ
2343 2725 2378 2778 3
2414 2723 2607 2778 christi
2642 2741 2743 2778 om.
2778 2745 2819 2793 μ,

635 2809 669 2860 4
705 2811 998 2877 praemium
1037 2827 1070 2863 v
1297 2809 1374 2877 ac]
1413 2809 1481 2862 ad
1517 2814 1540 2862 t
1764 2810 2204 2863 remunerationis
2242 2809 2329 2878 Τμ,
2553 2811 2814 2880 acceperis
2838 2827 2889 2872 v,

637 2895 835 2963 ceperis
873 2895 924 2948 Z
1231 2895 1266 2948 5
1299 2895 1582 2948 memoriae
1617 2895 1700 2948 Zv
2016 2895 2279 2949 tenaciter
2314 2901 2395 2965 ἐμ,
2432 2900 2646 2950 censeat
2680 2895 2786 2948 iter
2824 2895 2887 2958 T,

635 2980 960 3034 intenatium
997 2981 1048 3034 Z
1295 2980 1354 3032 in
1389 2981 1635 3034 sensibus
1671 2981 1753 3034 Zv
2027 2981 2061 3034 6
2094 2980 2314 3034 dilectio
2352 2983 2597 3036 caritatis
2632 2997 2734 3036 om.
2772 2981 2827 3034 Z

635 3067 666 3118 7
704 3066 792 3120 uel
827 3081 928 3120 om.
967 3066 1114 3135 Ζιμυ
1331 3067 1368 3120 8
1401 3065 1544 3134 quod
1577 3067 1723 3120 enim
1760 3067 1814 3120 Z
2004 3069 2038 3120 9
2072 3067 2327 3134 martyris
2362 3067 2629 3122 om.Ba1.
2826 3070 2893 3120 ut

635 3155 690 3204 et
727 3152 854 3206 Bal.
1043 3167 1138 3220 pro
1172 3155 1228 3205 te
1263 3152 1588 3221 promouere]
1626 3154 1915 3221 promereri
1950 3153 2077 3208 Bal.
2114 3169 2183 3208 σω
2218 3169 2249 3206 r
2444 3153 2509 3206 11
2544 3153 2745 3208 iustius
2780 3174 2819 3222 μ

635 3240 690 3289 et
727 3239 1112 3306 impetraturus
1148 3253 1250 3293 om.
1289 3239 1345 3292 Z
1581 3239 1649 3292 12
1683 3238 1889 3293 domini
1924 3255 2055 3293 noce
2088 3240 2247 3307 teste]
2284 3223 2409 3294 dno
2424 3241 2739 3309 protegente
2770 3239 2826 3292 Z

636 3325 700 3377 14
736 3323 1002 3392 uultibus]
1037 3323 1308 3378 militibus
1345 3324 1398 3378 Z
1599 3339 1721 3378 cum
1754 3323 1815 3378 in
1850 3325 1947 3394 ae.]
1982 3325 2321 3380 coeternitati
2358 3327 2413 3380 Z
2620 3327 2889 3394 perpetui—

631 3412 850 3477 tamque
887 3425 1010 3478 exp.
1047 3415 1070 3462 t
1363 3410 1431 3464 15
1466 3410 1701 3479 uiuendi]
1740 3410 1993 3466 ueniendi
2028 3411 2082 3466 Z
2374 3427 2467 3481 pro
2506 3411 2568 3478 T,
2606 3411 2663 3464 in
2702 3411 2819 3479 Ζιμ

635 3497 700 3548 16
733 3511 818 3549 me
853 3511 952 3550 om.
991 3497 1056 3560 Ζ,
1093 3497 1202 3550 iam
1237 3513 1270 3550 v
1603 3495 1803 3551 celsum
1840 3497 1995 3567 ΤΖμ,
2030 3498 2277 3554 cecilium
2313 3504 2336 3552 t
2372 3503 2425 3552 et
2460 3496 2819 3584 Βεηιόρίαηαε

634 3581 984 3650 sanctissime]
1023 3581 1298 3636 carissime
1333 3581 1396 3635 Ζ.
1435 3611 1497 3622 —-
1542 3583 1629 3636 Ad
1678 3582 1899 3648 (Caecili
1936 3583 2191 3652 Cypriani
2226 3583 2317 3646 ad)
2352 3582 2621 3670 vigilium
2666 3598 2787 3652 epm
2822 3584 2889 3638 de

632 3665 841 3720 iudaica
875 3665 1253 3720 incredulitate
1287 3666 1509 3736 explicit
1545 3667 1659 3732 TZ,
1708 3667 1947 3738 Explicit
1990 3668 2059 3722 ad
2108 3667 2373 3738 vigilium
2423 3685 2541 3738 epm
2575 3669 2641 3722 de
2674 3668 2889 3724 iudaice

629 3752 1006 3807 incredulitate
1040 3757 1079 3817 t,
1120 3767 1220 3806 om.
1259 3772 1315 3821 μ.
1357 3783 1420 3796 -
