3217 5150
661 550 788 613 208
1599 542 1971 613 Appendix.

665 703 954 775 cumbunt,
1001 720 1146 776 quos
1173 705 1398 763 tantum
1429 700 1733 776 uirginitas
1776 703 2051 777 probrosa
2080 703 2435 773 condemnat,
2484 703 2760 775 quantum
2788 699 2921 761 illes

659 804 1037 880 coniugalitas
1067 807 1323 865 castrata
1351 804 1637 879 glorificat
1653 849 1668 876 ,
1722 804 1931 878 quibus
1962 803 2216 863 sufficiat
2240 804 2319 863 ad
2348 803 2691 879 supplicium
2743 803 2919 865 dede·-

661 924 936 981 corosum,
990 910 1140 983 quod
1193 907 1476 982 spadones
1527 926 1563 969 a
1614 907 1953 981 cornugibus
1982 906 2326 969 iudicantur.
2355 906 2429 967 ad
2458 923 2697 981 quorum
2729 907 2915 967 incre-

659 1011 950 1086 pationem
974 1029 1088 1073 non
1117 1012 1346 1073 tacendi
1376 1014 1514 1073 sunt
1539 1011 1715 1071 etiam
1742 1009 1851 1071 filii
1879 1011 2061 1071 Israel
2084 1056 2105 1083 ,
2130 1010 2232 1084 qui
2260 1012 2413 1084 apud
2442 1010 2684 1069 Esdram
2712 1023 2917 1069 uxores

659 1118 720 1173 et
747 1114 896 1175 filios
923 1117 1124 1175 sonu-a
1149 1114 1348 1175 diuina
1376 1115 1506 1175 iura
1535 1116 1831 1189 susceptos
1852 1132 1967 1175 non
1988 1112 2243 1175 cunctati
2272 1112 2555 1191 depellere
2582 1130 2691 1175 nec
2720 1113 2919 1173 contra
2934 1135 2959 1173 ε.

659 1216 888 1279 Domini
915 1219 1216 1279 cantatam
1247 1218 1437 1279 conati
1468 1223 1604 1279 sunt
1646 1234 1934 1279 excusare.
1988 1234 2190 1278 uerum
2241 1216 2445 1289 fatear,
2489 1217 2541 1277 si
2592 1216 2913 1291 permittor.

661 1320 762 1394 qui
789 1338 939 1381 nunc
967 1336 1070 1393 pro
1100 1319 1457 1381 dimittendis
1487 1320 1717 1381 feminis
1745 1320 1951 1381 alienis
1980 1319 2389 1401 adiunguntur,
2422 1320 2557 1394 quid
2582 1318 2841 1379 facerent
2864 1317 2919 1377 si

659 1424 872 1485 liberos
900 1427 960 1484 et
988 1440 1192 1484 uxores
1214 1424 1468 1497 proicere
1490 1424 1823 1485 iuberentur
1839 1427 1867 1484 ¹?
1898 1428 1999 1484 aut
2022 1424 2247 1498 quando
2268 1423 2545 1483 ualebunt
2564 1440 2669 1497 pro
2688 1421 2919 1481 Christo

660 1527 986 1587 renuntiare
1014 1525 1292 1601 cognatis,
1327 1527 1426 1601 qui
1453 1526 1820 1587 mulierculas
1842 1544 1957 1587 non
1977 1546 2115 1589 suas
2134 1530 2489 1602 praeponunt
2510 1524 2728 1585 Christi
2756 1540 2917 1601 prae-

658 1630 840 1704 ceptis
853 1634 882 1691 ⁴?
928 1630 1054 1691 dico
1083 1646 1182 1691 eos
1209 1629 1382 1691 facile
1407 1647 1511 1705 pro
1541 1630 1726 1691 isdem
1768 1630 2121 1691 mulierculis
2149 1634 2416 1705 parentes
2445 1629 2705 1704 proprios
2735 1627 2913 1689 abne·
2932 1647 2980 1686 10

657 1750 816 1808 gare,
847 1750 1016 1808 quam
1045 1735 1277 1807 propter
1308 1731 1600 1793 Christum
1629 1733 1953 1807 relinquere
1979 1734 2141 1808 ipsas
2166 1733 2537 1795 mulierculas
2562 1748 2735 1805 posse
2754 1776 2771 1804 ,
2816 1730 2915 1789 de-

657 1836 965 1910 spicientes
995 1838 1144 1910 quod
1197 1836 1256 1895 in
1286 1836 1586 1910 euangelio
1640 1836 1763 1911 ipse
1816 1836 2091 1898 Dominus
2144 1838 2391 1899 testatus
2442 1838 2532 1897 est
2562 1836 2792 1895 dicens:
2855 1834 2915 1892 si

659 1939 823 2012 quis
863 1938 1070 1998 uenit
1113 1940 1199 1997 ad
1241 1956 1344 1998 me
1387 1942 1458 2000 et
1501 1956 1639 1999 non
1682 1938 1840 1999 odit
1880 1944 2163 2015 patrem
2206 1958 2407 2001 suum
2450 1940 2577 2001 aut
2616 1939 2917 1999 matrem

657 2044 779 2101 aut
819 2046 1106 2103 uxorem
1149 2045 1221 2103 et
1270 2042 1491 2104 filios
1550 2047 1623 2103 et
1667 2044 1951 2106 fratres
2008 2048 2079 2105 et
2136 2058 2431 2105 sorores
2482 2044 2550 2103 et
2607 2041 2915 2101 animam

658 2162 876 2217 suam,
921 2162 1056 2205 non
1111 2149 1361 2221 potest
1403 2163 1600 2209 meus
1648 2164 1807 2208 esse
1852 2146 2287 2223 discipulus.
2930 2166 2975 2205 ιε

557 2256 639 2315 33
744 2248 804 2307 Si
834 2249 904 2308 de
945 2248 1260 2311 abiciendis
1303 2251 1641 2325 parentibus
1672 2251 2001 2313 dubitantes
2046 2249 2293 2325 indigni,
2312 2252 2448 2309 sunt
2474 2246 2725 2319 Christo,
2779 2243 2915 2319 quid

659 2350 770 2411 sibi
813 2350 1157 2426 promittunt
1207 2370 1374 2432 quos·
1401 2357 1819 2429 contemptores
1870 2354 2104 2415 exhibet
2156 2354 2385 2413 Christo
2435 2368 2549 2413 non
2598 2346 2910 2426 parentalis

656 2454 920 2515 affectio?
974 2473 1042 2517 ac
1069 2473 1171 2530 per
1199 2457 1308 2517 hoc
1335 2456 1566 2518 illorum
1595 2458 1817 2519 meritis
1846 2460 2213 2530 euacuantur,
2261 2473 2402 2531 quoe
2431 2456 2633 2515 uident
2661 2456 2911 2512 contem-

655 2554 912 2633 platione
943 2558 1158 2620 Christi
1186 2558 1376 2620 nullas
1405 2577 1683 2636 personas
1712 2561 1969 2636 excipere
2000 2562 2385 2636 cognatorum.
2439 2574 2545 2620 nec
2592 2556 2787 2617 minus
2812 2571 2911 2617 eos

656 2662 758 2722 sed
785 2661 948 2737 peius
979 2663 1152 2724 etiam
1179 2664 1269 2724 illi
1297 2665 1670 2737 confundunt,
1702 2665 1803 2739 qui
1830 2666 2145 2725 metuentes
2175 2681 2288 2724 non
2317 2665 2541 2724 tantum
2572 2679 2701 2722 cum
2722 2660 2913 2722 aliena
2926 2675 2974 2717 ω

655 2765 756 2826 sed
785 2765 959 2824 etiam
989 2783 1118 2826 cum
1149 2785 1258 2828 sua
1305 2785 1478 2828 carne
1521 2768 1753 2840 luctari,
1807 2767 2119 2842 amputatis
2149 2765 2499 2842 genitalibus
2526 2767 2711 2827 semet
2753 2765 2907 2838 ipsos

651 2867 975 2929 abscidunt.
1007 2870 1077 2931 de
1107 2871 1316 2945 quibus
1344 2871 1510 2932 medo
1553 2873 1989 2934 examinationis
2032 2873 2316 2946 suspendo
2360 2871 2705 2932 sententiam
2733 2868 2911 2928 relin-

652 2986 832 3044 quens
859 2972 976 3032 alia
1005 2973 1387 3048 disputatione
1417 2977 1803 3050 promendam.
1838 2978 1937 3036 sed
1960 2978 2021 3036 in
2046 2976 2432 3038 confusionem
2461 2977 2779 3050 spadonum
2798 2991 2911 3034 non

604 3127 610 3134 .
655 3073 851 3134 dubito
879 3075 1141 3137 meliores
1170 3078 1454 3150 adserere,
1509 3080 1603 3152 qui
1638 3095 1741 3138 nec
1791 3078 1905 3140 sibi
1946 3079 2179 3154 quidem
2228 3083 2475 3155 parcunt
2488 3125 2503 3152 ,
2556 3095 2671 3138 non
2723 3077 2911 3138 dicam

653 3176 881 3236 feminis
903 3181 1114 3239 audent
1135 3183 1548 3253 temptamenta
1573 3183 1885 3258 porrigere.
1916 3184 2297 3257 respondeant
2330 3183 2621 3258 spiritales
2662 3179 2913 3242 eunuchi
2926 3193 2975 3233 2⁵

653 3280 784 3353 quis
811 3280 973 3342 furor
1001 3283 1182 3343 estin
1210 3283 1513 3344 dilectione
1546 3285 1853 3346 mulierum
1894 3287 1989 3346 uel
2034 3288 2187 3360 quod
2236 3287 2297 3348 in
2325 3286 2571 3347 feminae
2600 3285 2909 3346 contuber-

651 3383 896 3444 mlitate
921 3385 1276 3460 mysterium,
1308 3390 1374 3446 ut
1401 3387 1464 3446 in
1493 3387 1801 3463 perniciem
1828 3407 1991 3450 suam
2018 3391 2223 3450 alienis
2252 3389 2521 3451 membris
2552 3387 2909 3460 indulgeant,

791 3620 860 3674 12
891 3619 1018 3676 Luc.
1062 3621 1146 3686 14,
1180 3621 1264 3675 26.

787 3861 822 3915 3
857 3861 998 3930 quod
1039 3863 1086 3918 G
1113 3879 1157 3917 s.
1192 3862 1226 3917 1.
1263 3879 1332 3916 m.
1367 3865 1408 3918 2
1702 3864 2070 3934 coniugmibus
2106 3865 2154 3920 C
2439 3868 2475 3921 4
2510 3867 2757 3922 hesdram
2795 3869 2843 3924 C

647 3948 683 4002 5
718 3948 959 4002 cunctata·
993 3952 1122 4004 sunt
1156 3949 1204 4005 0
1455 3949 1492 4006 7
1529 3949 1897 4020 adiunguntur
1938 3953 1997 4015 G,
2034 3951 2327 4007 adhaerent
2360 3969 2393 4008 υ
2648 3954 2755 4008 si·-
2800 3955 2846 4011 0

647 4031 682 4086 8
718 4031 1006 4088 iubeantur
1039 4051 1076 4090 v
1316 4036 1386 4090 10
1420 4051 1510 4090 eos
1547 4052 1619 4090 ex
1651 4052 1713 4090 eo
1755 4037 1802 4093 G
2024 4038 2239 4093 facilius
2272 4057 2307 4094 v
2548 4039 2759 4095 hisdem
2798 4041 2847 4096 G

647 4119 715 4174 11
747 4118 896 4189 ipsas
929 4120 1066 4180 mul.
1101 4122 1198 4178 rel.
1235 4137 1270 4176 υ
1480 4123 1548 4176 12
1580 4125 1819 4177 testatus
1850 4125 1937 4178 est
1970 4123 2151 4178 dicens
2194 4125 2255 4190 0,
2288 4125 2427 4180 dixit
2462 4143 2495 4182 υ
2706 4127 2777 4181 13
2810 4129 2907 4182 aut

645 4203 760 4260 filio
793 4207 893 4259 aut
925 4205 964 4258 f.
999 4223 1034 4262 ο
1138 4253 1144 4260 .
1217 4207 1287 4262 21
1324 4212 1492 4262 semet
1527 4207 1675 4276 ipsos
1709 4224 1811 4262 om.
1846 4226 1879 4264 v
2061 4209 2135 4264 22
2166 4210 2459 4266 abscedunt
2492 4229 2527 4268 υ
2710 4213 2783 4268 23
2816 4212 2913 4268 sed

643 4291 703 4345 in
738 4290 1051 4348 eonfusione
1092 4293 1150 4358 0,
1188 4293 1480 4348 secundum
1515 4293 1879 4349 confusionem
1915 4311 1945 4349 v
2184 4297 2255 4351 24
2287 4301 2516 4367 parcunt
2551 4297 2769 4366 quidem
2806 4314 2841 4353 υ

645 4377 718 4436 25
751 4377 968 4447 porrige
1010 4379 1078 4434 Ο·
1285 4379 1356 4434 26
1391 4381 1476 4433 est
1510 4395 1610 4434 om.
1647 4394 1681 4435 υ
1886 4381 2027 4449 quod
2062 4380 2110 4437 0
2122 4384 2146 4448 ¹,
2186 4383 2327 4451 quod
2362 4384 2437 4437 sit
2472 4383 2575 4438 Cssv
2758 4387 2905 4439 cont.

644 4462 877 4517 feminae
910 4479 945 4519 v
1151 4464 1219 4518 27
1256 4464 1592 4534 mystes-ium]
1630 4465 1991 4521 ministerium
2033 4467 2078 4521 0
2281 4467 2569 4538 indulgent
2604 4469 2675 4524 0¹
