3217 5150
968 551 1137 604 Acta
1174 549 1697 618 proconsularia.
2284 569 2458 618 cxn1

220 695 523 789 plurimos
549 684 817 772 nefariae
840 705 959 770 tibi
983 707 1449 789 conspirationis
1478 707 1756 772 homines
1783 707 2138 792 adgregasti
2163 711 2225 772 et
2246 707 2460 772 inimi-

216 829 359 874 cum
402 811 467 874 te
514 810 635 874 diis
664 809 956 875 Romanis
1000 812 1067 876 et
1108 810 1509 894 religionibus
1554 811 1744 876 sacris
1789 811 2185 890 constituisti,
2242 830 2352 876 nec
2397 810 2461 874 te

215 913 306 996 pii
346 913 409 976 et
450 913 852 978 sacratissimi
892 913 1197 997 principes
1227 914 1593 979 Valerianus
1635 916 1698 979 et
1728 913 2049 980 Gallienus
2080 913 2354 998 Augusti
2397 914 2462 978 et

216 1013 578 1081 Valerianus
607 1016 1029 1081 nobilissimus
1048 1014 1267 1082 Caesar
1288 1017 1367 1080 ad
1388 1019 1622 1083 sectam
1653 1017 2174 1082 caeremoniarum
2204 1033 2459 1082 suarum

168 1138 195 1176 z
216 1136 498 1184 reuocare
549 1120 897 1202 potuerunt.
951 1120 1012 1184 et
1054 1119 1190 1184 ideo
1239 1138 1380 1185 cum
1430 1121 1515 1185 sis
1564 1120 2078 1202 nequissimorum
2130 1119 2460 1184 criminum
2579 1131 2586 1139 ·

215 1223 429 1287 auctor
481 1223 543 1287 et
589 1222 846 1306 signifer
904 1223 1328 1305 deprehensus,
1388 1225 1507 1289 eris
1561 1224 1693 1306 ipse
1743 1223 2106 1289 documento
2161 1223 2258 1286 his
2311 1241 2462 1305 quos

216 1326 441 1390 scelere
481 1328 589 1390 tuo
631 1326 837 1391 tecum
878 1327 1259 1410 adgregasti:
1303 1327 1600 1410 sanguine
1643 1329 1749 1391 tuo
1779 1328 2086 1392 sancietur
2113 1326 2474 1418 disciplina„

217 1430 281 1493 et
324 1428 422 1492 his
467 1429 649 1495 dictis
696 1428 1009 1494 decretum
1054 1449 1125 1493 ex
1167 1429 1403 1495 tabella
1447 1431 1766 1495 recitauit:
1822 1431 2156 1497 Thascium
2205 1429 2462 1513 Cypria-

215 1551 367 1596 num
411 1531 619 1616 gladio
657 1532 1069 1597 animaduerti
1097 1533 1318 1614 placet.
1364 1531 1703 1616 Cyprianus
1734 1535 2052 1618 episcopus
2081 1534 2272 1599 dixit:
2315 1534 2462 1599 Deo

152 1655 206 1694 10
223 1655 266 1720 g
280 1656 311 1700 r
326 1635 543 1699 abias.

303 1738 453 1803 Post
493 1738 651 1804 hanc
688 1757 833 1804 uero
864 1739 1233 1804 sententiam
1262 1740 1447 1806 turba
1475 1739 1742 1806 fratrum
1773 1741 2046 1806 dicebat:
2093 1742 2155 1806 et
2183 1759 2291 1806 nos
2321 1760 2462 1806 cum
2484 1747 2518 1807 5

218 1843 349 1924 ipso
400 1841 791 1906 decollemur.
846 1843 1091 1926 propter
1135 1843 1248 1908 hoc
1294 1843 1605 1909 tumultus
1658 1844 1922 1909 fratrum
1971 1845 2214 1909 exortus
2263 1815 2356 1908 e⁶st
2401 1848 2463 1909 et

218 1946 421 2010 multa
461 1944 645 2010 turba
684 1963 829 2010 eum
868 1947 1189 2026 prosecuta
1217 1947 1329 2012 est.
1372 1947 1435 2011 et
1461 1948 1554 2011 ita
1580 1948 1750 2030 idem
1780 1946 2121 2031 Cyprianus
2149 1949 2214 2012 in
2243 1967 2464 2032 agrum

220 2047 386 2113 Sexti
428 2049 760 2132 productus
805 2050 899 2114 est
928 2050 990 2114 et
1020 2050 1108 2113 ibi
1141 2069 1205 2115 se
1233 2050 1479 2116 lacerna
1518 2051 1703 2135 byrro
1744 2051 2079 2134 expoliauit
2114 2052 2176 2116 et
2206 2065 2367 2134 genu
2397 2050 2461 2114 in

148 2169 202 2208 1⁵
221 2152 385 2216 terra
423 2151 595 2216 flexit
624 2157 687 2217 et
716 2153 780 2217 in
810 2154 1147 2219 orationem
1178 2172 1241 2218 se
1271 2155 1535 2220 Domino
1564 2155 1918 2237 prostrauit.
1965 2156 2028 2220 et
2059 2172 2200 2219 cum
2231 2173 2294 2219 se
2323 2154 2461 2219 dal-

218 2255 449 2320 matica
500 2256 897 2338 exspoliasset
942 2258 1005 2324 et
1044 2257 1402 2324 diaconibus
1448 2259 1827 2338 tradidisset,
1881 2257 1945 2322 in
1987 2258 2152 2323 linea
2193 2259 2372 2322 stetit
2400 2259 2463 2322 et

218 2357 419 2442 coepit
476 2358 908 2441 spiculatorem
960 2361 1279 2426 sustinere.
1338 2381 1479 2426 cum
1530 2362 1802 2427 uenisset
1853 2363 2062 2427 autem
2105 2361 2460 2444 spiculator,

216 2461 401 2528 iussit
446 2465 572 2526 suis
613 2463 685 2526 ut
716 2463 915 2527 eidem
960 2463 1319 2545 spiculatori
1364 2465 1594 2549 uiginti
1647 2465 1912 2548 quinque
1963 2482 2177 2530 aureos
2227 2465 2458 2530 darent.

220 2567 591 2634 linteamina
630 2587 775 2632 uero
816 2567 878 2631 et
920 2568 1233 2633 manualia
1261 2588 1299 2633 a
1328 2568 1625 2635 fratribus
1668 2573 1809 2636 ante
1851 2591 1990 2636 eum
2031 2569 2457 2634 mittebantur.

146 2691 203 2733 πο
222 2674 433 2754 postea
462 2690 605 2736 uero
634 2671 850 2736 beatus
871 2670 1209 2755 Cyprianus
1239 2692 1427 2737 manu
1458 2692 1569 2738 sua
1598 2674 1803 2739 oculos
1835 2674 1955 2739 sibi
1977 2674 2153 2738 texit.
2189 2673 2296 2756 qui
2320 2690 2460 2737 cum

216 2774 470 2839 lacinias
508 2774 823 2839 manuales
853 2775 1050 2858 ligare
1082 2776 1201 2841 sibi
1232 2793 1349 2840 non
1380 2777 1701 2859 potuisset,
1746 2777 2022 2841 Iulianus
2053 2777 2370 2862 presbyter
2400 2778 2463 2841 et

216 2878 497 2943 Iulianus
540 2877 945 2943 subdiaconus
977 2878 1034 2944 ei
1062 2878 1434 2963 ligauerunt.
1476 2880 1569 2945 ita
1608 2880 1826 2946 beatus
1859 2879 2198 2964 Cyprianus
2242 2898 2460 2965 passus

214 2982 330 3059 est,
383 2982 631 3063 eiusque
680 3000 893 3065 corpus
941 2985 1189 3066 propter
1233 2984 1563 3068 gentilium
1609 2984 2032 3049 curiositatem
2075 2984 2140 3049 in
2185 2984 2459 3066 proximo

215 3085 491 3165 positum
532 3087 641 3150 est.
688 3086 829 3151 inde
870 3107 977 3169 per
1017 3088 1261 3151 noctem
1291 3087 1607 3152 sublatum
1641 3106 1781 3153 cum
1813 3089 2000 3153 cereis
2031 3090 2093 3153 et
2121 3086 2462 3153 scolacibus

146 3210 201 3249 υ
222 3187 303 3252 ad
353 3208 520 3253 areas
570 3189 870 3255 Macrobii
924 3190 1284 3255 Candidiani
1342 3192 1773 3275 procuratoriS,
1833 3210 1988 3274 quae
2047 3193 2194 3257 sunt
2242 3192 2308 3255 in
2359 3192 2462 3255 uia

218 3291 625 3375 Mappaliensi
677 3293 850 3357 iuxta
898 3294 1180 3375 piscinaS,
1235 3312 1375 3359 cum
1429 3297 1572 3360 uoto
1620 3295 1682 3359 et
1723 3295 2034 3377 triumpho
2087 3314 2309 3379 magno
2355 3296 2460 3359 de·

217 3395 477 3459 ductum
508 3397 618 3460 est.
652 3398 793 3479 post
821 3416 1047 3480 paucos
1078 3400 1287 3463 autem
1318 3397 1448 3464 dies
1480 3397 1768 3465 Galerius
1797 3399 2108 3464 Maximus
2137 3398 2460 3482 proconsul

216 3498 503 3563 decessit.

326 3740 355 3792 1
378 3734 482 3792 tibi
507 3740 742 3794 nefariae
761 3740 891 3796 EM
1024 3744 1057 3795 2
1071 3749 1198 3812 post
1220 3744 1495 3799 inimicum
1518 3749 1573 3798 te
1588 3744 1868 3813 praecipit
1884 3744 2014 3797 ΕΜ
2019 3762 2035 3797 .·
2059 3740 2393 3797 constituisti

216 3826 575 3895 religionibus
611 3828 773 3881 sacris
800 3829 938 3894 EM,
981 3830 1145 3883 sacris
1181 3830 1389 3899 legibus
1413 3846 1446 3884 v
1754 3846 1848 3884 nec
1871 3830 1948 3898 te]
1973 3832 2026 3883 te
2051 3828 2133 3892 M,
2173 3832 2313 3881 recte
2336 3826 2398 3881 E

216 3912 255 3964 3
280 3914 335 3965 et
358 3914 590 3967 scissimi
612 3915 876 3985 principes
903 3917 1075 3970 nostri
1100 3917 1229 3972 EM
1452 3922 1487 3969 4
1510 3932 1687 3971 caesar
1713 3919 1856 3969 secta
1879 3916 2308 3969 felicissimorum
2334 3917 2444 3967 tem

214 4014 405 4065 porum
440 4015 655 4054 suorum
688 4001 937 4056 obdurati
972 4002 1163 4057 furoris
1190 4003 1261 4057 ad
1285 4002 1592 4057 cerimonias
1625 4002 1958 4071 percolenda3
1997 4002 2290 4069 bonamque
2313 4016 2458 4053 men-

213 4087 327 4138 tem
351 4086 649 4141 habendam
672 4090 825 4142 tanto
849 4092 1082 4158 tempore
1107 4094 1229 4157 (non
1249 4090 1376 4144 add.
1398 4090 1475 4157 Ε)
1499 4092 1788 4159 potuerunt
1811 4092 1864 4141 te
1889 4090 1964 4153 (te
1982 4104 2078 4142 om.
2100 4088 2194 4157 Μ)
2217 4102 2458 4139 reuocare

212 4259 371 4327 (quos
394 4262 487 4329 Μ)
511 4264 575 4315 tu
598 4262 791 4316 scelere
831 4262 1058 4317 docuisti
1098 4265 1214 4333 ipso
1255 4265 1567 4318 documento
1590 4266 1655 4318 ut
1679 4262 1930 4332 quoniam
1965 4264 2059 4314 tuo
2096 4259 2286 4313 adnitu
2320 4257 2458 4325 (adi-

212 4345 341 4398 nitu
356 4346 449 4414 M)
476 4348 694 4402 durauit
718 4348 979 4419 sacrilega
1004 4351 1333 4405 contumacio
1356 4354 1452 4404 tuo
1478 4350 1736 4420 sanguine
1761 4349 2028 4402 sancietur
2052 4346 2347 4416 (sangietur
2365 4344 2456 4413 Μ)

212 4431 506 4501 disciplina
548 4439 604 4488 et
639 4437 903 4491 decretum
944 4453 1004 4490 ex
1040 4430 1242 4491 tabella
1282 4437 1559 4491 recitauit·
1604 4437 1886 4493 Thascium
1910 4434 2232 4505 Cyprianum
2274 4431 2456 4501 gladio

212 4517 578 4575 animaduerti
601 4522 779 4593 placet
802 4522 1133 4580 EXPLICIT
1158 4522 1399 4583 PASSIO
1420 4524 1766 4581 CYPRIANI
1791 4524 1928 4580 ΕΜ.
1957 4554 2022 4565 -

420 4624 521 4675 111.
2000 4618 2042 4683 h
