3217 5150
1351 576 1528 630 Vita.
2375 598 2568 647 XCVII

394 733 629 799 Statim
700 733 967 816 denique
1035 750 1145 817 pro
1215 732 1449 798 talibus
1522 734 1764 798 meritis
1839 735 2031 800 etiam
2103 735 2567 818 proscriptionis
2589 740 2624 804 7

306 837 578 922 gloriam
621 839 981 902 consecutus
1014 837 1128 902 est.
1172 855 1285 901 nec
1313 836 1481 901 enim
1509 837 1685 902 aliud
1715 838 2058 918 oportebat,
2103 855 2292 920 quam
2323 840 2395 904 ut
2425 856 2566 904 eum

308 941 419 1024 qui
458 941 628 1005 intra
668 941 970 1005 secretam
1012 939 1423 1004 conscientiae
1462 939 1770 1005 latebram
1811 940 2135 1024 religionis
2167 944 2230 1006 et
2258 941 2402 1006 fidei
2432 943 2565 1006 toto

300 1043 531 1108 honore
562 1042 823 1108 florebat
853 1043 1046 1108 etiam
1076 1042 1321 1125 publice
1351 1042 1662 1108 celebrata
1689 1044 2025 1127 gentilium
2054 1043 2224 1109 fama
2252 1045 2564 1111 titularet.

260 1167 284 1204 a
302 1146 513 1231 posset
554 1145 807 1228 quidem
847 1146 987 1210 tum
1023 1163 1134 1227 pro
1176 1146 1511 1212 uelocitate
1541 1165 1664 1229 qua
1692 1164 1936 1229 semper
1965 1148 2174 1212 omnia
2203 1151 2566 1214 consecutus

302 1253 399 1315 est
442 1249 632 1314 etiam
674 1249 965 1332 martyrii
1006 1250 1169 1314 circa
1209 1268 1352 1313 eum
1393 1249 1606 1314 debita
1648 1267 1868 1314 corona
1908 1268 2250 1332 properare,
2297 1252 2568 1317 maxime

304 1374 451 1419 cum
474 1354 539 1418 et
560 1353 879 1436 suffragiis
910 1370 1090 1435 saepe
1120 1353 1403 1434 repetitis
1435 1353 1515 1418 ad
1545 1354 1788 1418 leonem
1817 1355 2273 1436 postularetur:
2302 1357 2426 1423 nisi
2457 1377 2570 1440 per

308 1477 523 1524 omnes
563 1459 806 1525 ordines
837 1459 1179 1545 gloriarum
1208 1462 1656 1526 transeundum
1685 1461 1784 1526 illi
1815 1463 1978 1529 esset
2007 1465 2072 1528 et
2100 1463 2191 1527 sic
2219 1464 2298 1528 ad
2322 1480 2571 1527 summa

308 1563 703 1643 ueniendum,
751 1563 813 1627 et
844 1564 966 1628 nisi
1004 1564 1403 1630 imminentes
1446 1564 1662 1630 ruinae
1692 1583 1806 1648 ope
1833 1567 1969 1632 tam
2012 1567 2260 1632 fecundi
2300 1566 2566 1650 pectoris

236 1687 289 1726 ιο
308 1667 679 1751 indigerent.
714 1667 879 1751 finge
908 1667 1076 1733 enim
1105 1669 1255 1732 tunc
1274 1668 1461 1733 illum
1482 1669 1770 1752 martyrii
1791 1671 2146 1755 dignatione
2169 1671 2562 1736 translatum.

304 1771 447 1853 quis
506 1770 996 1836 emolumentum
1050 1771 1287 1855 gratiae
1337 1790 1447 1852 per
1496 1772 1684 1836 fidem
1736 1773 2114 1855 proficientis
2165 1773 2596 1848 ostenderet?

304 1873 446 1956 quis
486 1873 766 1956 uirgines
796 1873 876 1938 ad
908 1876 1347 1957 congruentem
1388 1874 1727 1956 pudicitiae
1757 1876 2150 1958 disciplinam
2182 1878 2245 1941 et
2274 1877 2564 1954 habitum

304 1976 715 2042 sanctimonia
755 1975 1018 2058 dignum
1060 1977 1235 2041 uelut
1277 1977 1465 2042 frenis
1496 1977 1872 2059 quibusdam
1901 1979 2184 2045 lectionis
2217 1980 2564 2045 dominicae

305 2081 611 2160 coerceret
628 2082 659 2142 ?
690 2079 827 2161 quis
851 2080 1093 2143 doceret
1117 2081 1563 2160 paenitentiam
1585 2081 1812 2164 lapSOS,
1845 2083 2179 2148 ueritatem
2201 2082 2564 2160 haereticoS‚

235 2199 285 2239 1⁵
304 2181 735 2248 schismaticos
788 2182 1115 2260 unitatem,
1170 2183 1331 2248 filios
1383 2184 1500 2249 Dei
1552 2201 1766 2266 pacem
1819 2187 1882 2250 et
1927 2187 2318 2270 euangelicae
2366 2187 2566 2271 precis

303 2285 551 2369 legem?
580 2304 691 2368 per
720 2304 903 2367 quem
936 2287 1199 2370 gentiles
1230 2286 1580 2368 blasphemi
1609 2288 1986 2369 repercussis
2017 2288 2082 2352 in
2107 2309 2172 2353 se
2203 2309 2360 2371 quae
2389 2290 2566 2354 nobis

302 2389 596 2472 ingerunt
637 2389 1073 2455 uincerentur?
1118 2409 1157 2454 a
1198 2409 1318 2471 quo
1367 2389 1704 2454 Christiani
1751 2391 2056 2456 mollioris
2103 2391 2360 2456 affectus
2406 2393 2569 2457 circa

304 2494 703 2558 amissionem
755 2512 1005 2559 suorum
1059 2495 1187 2571 aut,
1240 2494 1403 2576 quod
1454 2494 1660 2579 magis
1713 2494 1826 2570 est,
1878 2492 2022 2558 fidei
2077 2495 2378 2577 paruioris
2425 2514 2567 2560 con-

305 2598 653 2662 solarentur
683 2616 789 2679 spe
820 2596 1225 2663 futurorum?-
1263 2598 1427 2663 unde
1456 2598 1545 2664 sic
1575 2598 2083 2678 misericordiam,
2128 2600 2291 2664 unde
2321 2600 2565 2681 patien-

232 2718 286 2759 20
306 2702 465 2765 tiam
505 2702 924 2766 disceremus?
966 2702 1105 2783 quis
1134 2701 1399 2767 liuorem
1429 2702 1505 2767 de
1535 2702 1839 2767 uenenata
1867 2702 2140 2766 inuidiae
2171 2702 2568 2787 malignitate

302 2804 658 2870 uenientem
702 2804 1025 2869 dulcedine
1067 2805 1327 2869 remedii
1368 2805 1662 2871 salutaris
1695 2804 2050 2870 inhiberet?
2093 2806 2230 2888 quis
2262 2796 2566 2889 martyres

276 2910 515 2973 xtantos
561 2908 981 2973 exhortatione
1028 2908 1227 2974 diuini
1272 2910 1571 2973 sermonis
1624 2910 1932 2993 erigeret?
1980 2910 2118 2992 quis
2164 2911 2427 2993 denique
2471 2910 2568 2974 tot

304 3011 679 3078 confessores
724 3012 1027 3077 frontium
1066 3014 1423 3078 notatarum
1466 3013 1731 3077 secunda
1761 3012 2160 3093 inscriptione
2191 3013 2472 3097 signatos
2504 3015 2568 3077 et

306 3115 385 3179 ad
439 3116 790 3197 exemplum
851 3116 1139 3198 martyrii
1198 3116 1567 3198 superstites
1626 3116 1968 3179 reseruatos
2019 3115 2331 3181 incentiuo
2382 3115 2568 3182 tubae
2635 3154 2642 3167 ·

407 3340 441 3393 3
465 3340 611 3393 intra
636 3339 693 3391 in
720 3338 771 3391 T
974 3340 1177 3391 secreta
1200 3358 1238 3406 μ
1435 3341 1489 3391 et
1514 3354 1614 3391 om.
1646 3338 1698 3392 T
1899 3340 1934 3393 5
1957 3340 2222 3407 potuisset
2245 3358 2279 3395 v
2439 3342 2568 3393 tunc

302 3442 427 3495 ωμυ
563 3425 597 3478 6
622 3424 781 3491 circa]
805 3424 949 3477 certa
972 3440 1021 3477 w
1158 3424 1188 3476 7
1215 3424 1353 3492 011111]
1380 3439 1584 3477 1110011111
1611 3424 1664 3478 Τ
1799 3428 2066 3494 seperetur
2095 3428 2146 3480 T
2163 3426 2426 3493 (repetitis
2460 3465 2470 3476 .
2494 3466 2507 3479 .
2528 3464 2567 3488 .,

304 3511 579 3581 postulare
603 3494 725 3576 om'.)
898 3512 957 3563 et
976 3509 1084 3563 nisi
1115 3508 1166 3563 Τ
1343 3510 1377 3563 8
1401 3510 1488 3563 ini
1512 3524 1610 3563 om.
1637 3526 1688 3563 w
1875 3511 1909 3564 e
1933 3511 2274 3565 imminentis
2298 3512 2492 3567 ruinae
2523 3513 2574 3566 T

303 3597 775 3665 imminensruina
800 3613 922 3664 ωμυ
1180 3597 1288 3649 10111
1318 3595 1369 3648 T
1630 3596 1700 3650 10
1721 3596 1964 3665 indigere
1994 3597 2058 3663 T,
2083 3596 2353 3665 indigeret
2375 3614 2500 3666 ωμυ

301 3683 657 3737 translatione
683 3682 967 3751 dignatum
992 3699 1041 3735 w
1226 3683 1291 3735 11
1320 3682 1459 3753 quis]
1487 3684 1581 3752 qui
1607 3700 1663 3737 se
1693 3684 1750 3748 T,
1778 3683 1918 3751 quod
1941 3700 2032 3764 ῳμ.
2215 3699 2308 3751 pro
2331 3682 2440 3737 fide
2459 3704 2500 3752 μ

304 3770 579 3825 ostendere
602 3788 650 3824 w
888 3771 956 3824 12
980 3771 1247 3838 uirginem
1271 3787 1363 3837 ωμ
1603 3770 1886 3839 discipline
1908 3786 1956 3823 w
2199 3770 2266 3822 13
2291 3768 2567 3839 dominici]

305 3842 419 3913 (11ῗῖ
432 3859 483 3913 T
651 3857 717 3910 14
740 3857 1037 3910 coherceret
1062 3856 1113 3909 T
1281 3856 1349 3909 15
1371 3855 1517 3913 filius
1542 3856 1595 3909 T
1600 3860 1618 3887 ¹
1791 3856 1857 3909 16
1883 3854 2218 3923 blasphemia
2242 3871 2292 3907 w
2452 3871 2568 3923 per-

304 3944 447 3999 cussi
470 3961 561 4014 ωμ,
699 3944 755 3997 111
781 3944 859 4011 se]
882 3944 938 3996 in
962 3942 1050 3996 his
1074 3959 1183 4012 ωμ,
1206 3944 1262 3996 111
1292 3958 1347 3995 se
1372 3943 1441 3995 iis
1464 3960 1498 3997 v
1648 3942 1802 4011 quae]
1827 3956 1933 4009 qua
1956 3944 2014 3995 et
2036 3956 2068 3994 0
2101 3942 2151 3995 T
2295 3941 2360 3993 17
2386 3940 2565 3994 uince-

304 4034 453 4085 retur
478 4031 530 4085 T
726 4028 1006 4099 mollioris]
1032 4030 1277 4085 meliores
1307 4030 1403 4084 Tw
1610 4028 1679 4082 18
1703 4028 2079 4081 admissionem
2103 4044 2154 4081 w
2350 4042 2564 4081 suorum

305 4134 403 4171 om.
430 4134 480 4171 w
649 4116 907 4186 perm'oris
933 4133 999 4180 w,
1022 4132 1145 4185 pars
1172 4116 1307 4170 iuris
1338 4117 1390 4171 T
1558 4115 1919 4168 consolaretur
1943 4133 2000 4182 μ,
2026 4113 2426 4167 consularentur
2452 4112 2503 4166 T

307 4203 374 4257 19
399 4204 510 4273 spe]
537 4220 693 4273 saepe
714 4222 754 4270 μ
945 4204 1023 4255 sic
1046 4204 1102 4255 et
1124 4222 1163 4270 μ.
1353 4200 1492 4255 1111ᾱο
1516 4217 1616 4255 om.
1644 4220 1684 4270 μ
1872 4198 2214 4269 patientiam]
2240 4214 2422 4268 pacem
2451 4198 2503 4252 T

303 4289 377 4343 20
400 4292 597 4343 uenata
618 4306 669 4343 w
874 4289 1277 4358 malignitatem
1306 4288 1357 4341 T
1556 4288 1626 4341 21
1649 4286 1983 4342 dulcedinem
2013 4288 2110 4341 Tw
2317 4285 2566 4339 remediis

306 4375 599 4429 salutarem
628 4377 680 4431 T
699 4378 837 4443 (non
859 4377 907 4443 t)
1173 4373 1445 4429 exhiberet
1475 4376 1533 4439 T,
1559 4372 1847 4427 imbiberet
1870 4392 1910 4442 μ
2167 4374 2433 4439 martyras
2458 4391 2498 4437 μ.

314 4460 387 4515 22
410 4450 710 4515 exoratione
736 4462 785 4515 T
1055 4460 1123 4515 23
1146 4460 1368 4515 fortium
1392 4475 1497 4513 non
1521 4462 1794 4513 tantorum
1819 4480 1859 4529 μ
2135 4456 2421 4527 scriptione
2450 4457 2501 4512 T

308 4548 558 4616 signatus
588 4549 649 4613 T,
674 4548 976 4617 insignatos
999 4564 1049 4601 w
1253 4546 1323 4600 24
1345 4546 1650 4615 superstitis
1681 4546 1794 4615 Τμι

510 4652 612 4700 111.
1594 4712 1599 4727 ,
2111 4652 2154 4717 g
