3217 5150
484 1258 632 1302 Editio

410 1327 687 1383 Bisalticam.

508 3948 657 3991 Editio

448 4016 719 4061 oxoniensis.

722 541 1001 589 LXXXIV

722 679 870 743 sunt
892 677 1101 761 pretii.
1136 675 1270 742 uidi
1292 677 1635 760 plerasque,
1667 675 1775 742 sed
1799 691 1989 741 unam
2005 676 2217 742 uidere
2231 694 2357 743 non
2371 678 2644 763 contigit
2661 679 3014 746 Geneuen-

724 808 859 856 sem
901 807 1044 854 cum
1086 789 1251 854 notis
1292 788 1501 854 Iacobi
1540 787 1814 854 Pamelii
1855 789 1920 854 et
1947 786 2222 855 Simonis
2251 788 2586 870 Goulos-tii,
2643 811 2812 874 qnae
2857 795 3014 876 post

726 900 1149 966 Parisiensern
1178 920 1233 966 a.
1273 901 1437 966 1593
1480 901 1758 995 prodisse
1789 900 2056 965 uidetur.
2099 899 2166 966 in
2197 919 2268 966 ea
2297 901 2468 966 unici
2498 921 2687 984 quem
2717 903 3014 970 habebat

727 1012 957 1079 codicis
986 1012 1309 1076 cuiusdam
1338 1011 1606 1094 episcopi
1637 1011 2020 1078 Achonensis
2049 1012 2386 1096 scripturas
2413 1016 2698 1080 enotasse
2729 1013 3018 1081 60111111-

724 1125 891 1190 tium
918 1125 1299 1190 Reinhartus
1342 1121 1541 1190 editor
1568 1122 1992 1190 Altdorfensis
2020 1127 2312 1192 testatur.

812 1236 1091 1302 Tandem
1122 1256 1177 1302 a.
1210 1235 1377 1302 1648
1392 1236 1710 1320 Rigaltius
1741 1237 1844 1302 uir
1871 1239 1936 1302 et
1967 1237 2280 1322 elegantia
2309 1239 2546 1322 ingenii
2577 1239 2642 1305 et
2671 1241 3014 1306 doctrinae

727 1350 903 1433 copia
942 1342 1209 1434 insignis
1246 1349 1427 1414 nouis
1468 1347 1767 1414 subsidiis
1797 1348 2146 1414 instructus
2175 1366 2362 1432 opera
2393 1348 2688 1434 Cypriani
2717 1351 3010 1419 Parisiis

727 1460 923 1547 (apud
965 1460 1093 1526 uid.
1138 1461 1487 1526 Methurini
1529 1461 1614 1526 du
1657 1461 1810 1526 Puis
1849 1461 1958 1526 uia
1988 1461 2282 1528 Iacobaea
2325 1462 2441 1528 sub
2481 1463 2660 1547 signo
2691 1461 3010 1544 Coronae)

724 1575 895 1659 typis
954 1574 1169 1639 edidit.
1230 1575 1297 1638 in
1356 1574 1724 1655 scriptorum
1784 1573 1998 1640 ordine
2049 1593 2086 1639 a
2134 1575 2414 1640 Pamelie
2473 1576 2772 1642 institute
2833 1576 3014 1640 nihil

726 1687 1003 1752 mutauit
1041 1687 1165 1752 nisi
1207 1686 1371 1770 quod
1410 1685 1752 1770 epistulam
1781 1684 2030 1751 Donati
2057 1685 2148 1752 ad
2183 1686 2586 1769 cyprianum
2625 1689 2694 1754 in
2730 1690 3010 1754 adnota-

728 1798 929 1864 tiones
970 1798 1203 1864 reiecit.
1250 1799 1680 1864 adnotationes
1709 1797 2068 1880 locupletes,
2113 1798 2338 1882 quibus
2370 1816 2526 1882 quae
2555 1801 2635 1864 ad
2667 1800 2866 1864 crisin
2899 1800 3012 1864 uel

731 1912 1013 1995 exegesin
1054 1911 1366 1994 pertinent
1407 1909 1644 1992 optime
1687 1909 2045 1994 explicauit‚
2089 1913 2302 1975 temus
2329 1912 2490 1976 alter
2517 1912 3012 1996 comprehendit

733 2024 943 2105 eisque
971 2021 1338 2087 anecdotum
1368 2039 1519 2104 opus
1548 2040 1624 2086 ex
1647 2022 1852 2087 codice
1873 2021 2164 2088 Remensi
2195 2023 2625 2089 uetustissimo
2659 2023 3010 2109 depromp-

732 2136 875 2200 tum
923 2131 1025 2197 De
1076 2132 1522 2214 rebaptismate
1578 2132 2032 2199 haereticoncm
2089 2135 2369 2200 inseruit.
2431 2135 2510 2200 ad
2567 2136 3010 2202 adornandam

736 2245 1073 2312 editionem
1128 2245 1409 2330 Rigaltio
1466 2247 1712 2330 praeter
1771 2245 2202 2312 Gorbeiensem
2255 2246 2376 2330 (C),
2440 2247 2811 2313 Thuaneum
2867 2249 3006 2335 (P),

735 2354 1097 2423 Foriensem
1152 2357 1275 2444 (Z),
1336 2358 1605 2442 Regium
1669 2359 1778 2444 (z
1833 2358 1964 2424 cod.
2019 2358 2214 2424 Paris.
2275 2358 2442 2424 1653
2501 2377 2660 2426 saec.
2713 2359 2880 2446 XII)
2941 2365 3008 2428 et

737 2468 1049 2552 exemplar
1118 2469 1429 2552 quoddam
1498 2470 1984 2551 Pomposianum
2053 2469 2624 2536 uetustissimomm
2699 2473 3004 2538 codicum

746 2583 1108 2649 Veronensis
1150 2585 1213 2648 et
1243 2583 1665 2648 Beneuentani
1685 2582 1960 2649 ’collatio
2003 2583 2080 2647 de
2119 2600 2241 2666 qua
2281 2600 2464 2666 supra
2507 2583 2594 2669 (p.
2625 2580 2821 2669 XIII)
2865 2586 3006 2650 dixi

740 2696 987 2779 praesto
1010 2694 1151 2760 fuit.
1184 2712 1335 2778 quos
1366 2714 1511 2760 cum
1537 2690 1770 2760 uet'eris
1799 2694 2142 2779 scripturae
2172 2695 2538 2761 liniamenta
2567 2695 2844 2761 fideliter
2871 2714 3012 2761 ser-

743 2826 891 2873 uare
930 2806 1469 2885 animaduerteret,
1514 2824 1579 2873 se
1617 2824 1828 2873 eorum
1859 2807 2198 2891 scripturas
2227 2824 2438 2873 omnes
2469 2807 2536 2872 in
2565 2807 2700 2891 ipso
2743 2824 3013 2890 operum

746 2920 1034 2986 contextu
1084 2920 1544 3001 repraesentare
1596 2918 1882 2985 debuisse
1927 2918 2103 2999 dicit,
2157 2920 2266 2985 sed
2307 2917 2751 2985 festinantibus
2799 2922 3016 3003 operis

745 3032 1207 3115 typographicis
1256 3050 1399 3097 cum
1444 3032 1658 3096 adesse
1699 3030 1822 3095 sibi
1862 3048 1982 3095 non
2009 3031 2245 3111 liceret,
2293 3030 2359 3095 id
2389 3028 2523 3095 fieri
2553 3048 2674 3096 nen
2702 3032 3010 3113 potuisse.

746 3143 1055 3227 relegauit
1082 3143 1282 3228 igitur
1312 3142 1680 3209 Veronensis
1719 3144 1785 3207 et
1813 3141 2233 3208 Beneuentani
2263 3142 2410 3207 libri
2439 3142 3012 3227 locupletissimam

748 3254 1113 3323 memoriam
1134 3255 1201 3319 in
1224 3254 1697 3332 obseruationes,
1727 3254 2098 3321 lectionibus
2127 3254 2342 3335 paucis
2364 3254 2430 3321 in
2451 3256 2696 3319 textum
2719 3257 3014 3337 receptis.

749 3366 1037 3451 quamuis
1049 3386 1085 3431 a
1102 3365 1433 3431 Veronensi
1448 3365 1673 3443 codice,
1691 3365 1866 3431 cuius
1881 3365 2302 3431 condicionem
2314 3382 2433 3431 non
2445 3367 2860 3449 perspexerat,
2877 3366 3014 3430 fere

750 3481 921 3545 totus
952 3479 1239 3563 pendeat,
1272 3478 1713 3561 circumspecto
1745 3479 1809 3543 et
1831 3478 2011 3543 acuto
2041 3478 2272 3543 iudicio
2293 3478 2362 3542 in
2383 3477 2686 3561 eligendis
2715 3476 3014 3542 lectioni-

753 3593 871 3659 bus
913 3593 975 3655 et
1016 3590 1427 3675 ponderandis
1466 3592 1749 3655 uersatus
1791 3589 2212 3655 emendatiora
2243 3591 2306 3654 et
2335 3589 2676 3673 integriora
2708 3586 3009 3672 Cypriani

755 3721 938 3786 opera
978 3703 1177 3768 edidit
1217 3722 1406 3786 quam
1450 3702 1557 3785 qui
1588 3721 1662 3767 ea
1689 3702 1863 3783 prius
1895 3702 2371 3786 castigauerant.
2417 3701 2481 3766 in
2513 3701 2678 3766 calce
2707 3701 3016 3767 editionis

754 3814 999 3881 Nicolai
1030 3815 1217 3880 Fabri
1259 3815 1640 3881 coniecturas
1684 3814 2096 3896 lectionesque
2126 3832 2282 3896 quas
2312 3834 2345 3880 e
2375 3812 2690 3879 codicibus
2723 3812 2836 3877 ille
2863 3830 3016 3877 eno-

756 3928 1003 3995 tauerat
1032 3927 1277 3993 adiecit.
1310 3926 1577 4011 Rigaltii
1606 3926 1943 3992 editionem
1973 3927 2185 3991 secuta
2201 3926 2316 4011 11εῄ
2335 3923 2696 3989 oxoniensis
2727 3942 2780 3988 a.
2820 3924 3016 3989 1682.

760 4058 906 4105 nam
934 4040 1262 4107 Reinharti
1304 4039 1494 4105 editio
1539 4058 1694 4121 quae
1723 4056 1778 4103 a.
1815 4038 1978 4103 1681
2013 4036 2357 4103 Altdorfiae
2384 4036 2618 4118 prodiit
2645 4034 2884 4100 nullius
2917 4039 3022 4102 est

758 4152 1091 4229 momenti3
1122 4152 1177 4217 is
1208 4152 1375 4217 enim
1402 4152 1648 4233 praeter
1677 4150 1980 4216 editiones
2012 4149 2254 4232 aliquot
2283 4148 2664 4230 antiquiores
2697 4166 2728 4211 e
2751 4145 3020 4211 Nor-im-

760 4263 1042 4348 bergensi
1088 4262 1465 4328 bibliotheca
1510 4262 1804 4328 aduectas
1849 4280 1997 4326 mss,
2045 4261 2238 4326 libros
2281 4278 2432 4343 quos
2479 4258 2713 4325 frustra
2755 4258 2824 4323 in
2855 4257 3022 4324 Ger-

760 4376 1007 4441 maniae
1046 4374 1441 4441 bibliothecis
1471 4376 1820 4458 quaesierat
1849 4375 2053 4440 nullos
2083 4372 2430 4456 usurpauit.
2475 4370 2848 4437 oxonienses
2878 4371 3020 4435 edi-

762 4488 927 4553 tores
956 4488 1047 4553 Io.
1080 4488 1291 4553 Fellus
1326 4487 1648 4571 episcopus
1681 4485 2043 4553 Oxoniensis
2075 4489 2139 4551 et
2169 4487 2255 4551 Io.
2285 4484 2654 4551 Pearsonius
2686 4484 3018 4567 episcopus
