3217 5150
982 564 1082 619 Ad
1124 563 1588 619 Nouatiannm
1625 581 1669 621 c.
1706 565 1879 620 6—10
2468 571 2552 636 59

297 740 446 784 nunc
489 721 801 785 Nouatiani
845 723 960 782 iam
1003 740 1118 783 non
1164 722 1478 782 Christiani
1519 724 1761 799 primam
1804 724 1973 782 fidem
2016 725 2269 783 uestram
2316 723 2555 797 perfidia

294 825 606 898 posteriore
649 841 751 900 per
791 823 1040 884 nominis
1083 823 1526 898 appellationem
1568 823 1856 897 mutastis,
1922 821 2098 883 uelir‘n
2154 841 2304 884 nunc
2344 841 2552 898 propo-

296 926 493 986 sitioni
538 932 762 987 uestrae
805 927 1212 1000 respondeatis.
1257 927 1432 1001 legite
1477 930 1537 986 et
1579 928 1775 988 docete
1821 943 1987 1001 quem
2027 927 2302 988 Dominus
2348 928 2417 986 de
2460 929 2553 987 his

297 1031 396 1104 qui
441 1047 500 1090 se
545 1029 963 1104 dereliquerant
991 1029 1086 1088 uel
1115 1032 1484 1104 negauerant,
1529 1046 1659 1088 cum
1687 1029 1873 1088 adhuc
1901 1028 2025 1103 ipse
2067 1033 2235 1101 esset,
2282 1030 2549 1104 negauit:

252 1153 277 1192 5
297 1134 458 1208 atqui
501 1137 561 1194 et
602 1133 808 1194 ceteris
852 1133 952 1207 qui
1017 1149 1206 1193 seeum
1274 1136 1667 1193 remanserant
1710 1133 1780 1192 de
1837 1132 2135 1206 discipulis
2179 1133 2294 1192 ait:
2363 1150 2553 1193 num-

296 1236 468 1310 quid
523 1238 596 1296 et
648 1253 774 1296 uos
833 1236 1074 1295 uultis
1118 1235 1263 1295 ire?
1331 1237 1566 1295 Petrum
1609 1234 1785 1295 etiam
1829 1251 1995 1310 quem
2038 1238 2376 1310 negaturum
2421 1239 2555 1296 ante

293 1339 654 1413 praedixerat
670 1384 685 1411 ‚
751 1355 880 1398 cum
943 1342 1213 1412 negasset
1227 1383 1242 1411 ,
1310 1339 1432 1412 ipse
1494 1354 1608 1398 non
1649 1337 1887 1412 negauit
1902 1383 1916 1410 ‚
1980 1340 2080 1397 sed
2123 1338 2400 1398 sustinuit
2413 1384 2430 1412 ,
2496 1342 2557 1398 et

296 1459 486 1502 amare
527 1443 693 1502 illum
737 1461 900 1502 suam
942 1442 1299 1516 negationem
1342 1442 1573 1502 flentem
1618 1443 1743 1516 ipse
1784 1444 2145 1516 postmodum
2188 1441 2352 1501 lenit.

381 1545 670 1615 Quaenam
714 1548 806 1604 est
847 1548 969 1617 tua,
1014 1544 1353 1617 Nouatiane,
1399 1545 1705 1617 dementia,
1748 1546 1817 1603 ut
1858 1543 1962 1604 illa
2005 1562 2149 1618 quae
2192 1546 2265 1604 ad
2310 1544 2549 1604 exitium
2572 1545 2609 1603 9

223 1669 280 1710 ιο
299 1648 504 1709 salutis
568 1649 894 1723 pertineant
958 1651 1183 1707 tantum
1245 1648 1406 1722 legas
1472 1651 1534 1706 et
1575 1663 1721 1721 quae
1767 1647 1841 1706 ad
1902 1647 2345 1707 misericordiam
2389 1664 2557 1721 prae-

293 1755 480 1813 tereas
527 1751 807 1811 clamante
851 1751 1136 1826 scriptura
1181 1754 1242 1810 et
1286 1749 1538 1810 dicente:
1599 1750 2130 1825 paenitentiam
2174 1750 2378 1824 agite
2435 1749 2560 1824 qui

296 1855 603 1928 errati‘s,
649 1853 1182 1914 conuertimini
1228 1854 1456 1926 corde,
1502 1857 1563 1913 et
1609 1853 1915 1914 secundum
1959 1869 2179 1927 quoque
2221 1853 2557 1927 prophetam

297 1959 562 2019 similiter
606 1957 1003 2018 exhortantem
1057 1959 1117 2016 et
1156 1956 1469 2016 dicentem:
1516 1959 1589 2015 et
1632 1955 2163 2015 conuertimini
2207 1956 2294 2015 ad
2339 1971 2439 2015 me
2482 1955 2558 2013 in

295 2064 452 2121 toto
495 2062 706 2122 corde
767 2063 1018 2120 uestro
1074 2061 1147 2119 in
1191 2059 1466 2120 ieiunio
1511 2061 1583 2118 et
1635 2059 2055 2133 ploratione
2099 2060 2169 2118 et
2224 2057 2557 2132 planctu:

223 2167 372 2228 ieet
413 2165 738 2224 scindite
781 2164 1002 2223 corda
1044 2164 1304 2223 uestra
1345 2165 1417 2222 et
1459 2179 1598 2222 non
1641 2162 2134 2222 uestimenta:
2191 2161 2558 2221 conuerti-

297 2267 475 2326 mini
519 2268 604 2326 ad
648 2265 1020 2326 Dominum
1064 2265 1280 2325 Deum
1325 2269 1683 2324 uestrum.
1744 2264 2083 2338 quoniam
2128 2262 2559 2323 misericors

299 2372 418 2428 est
459 2372 530 2429 et
572 2369 974 2429 miserator
1018 2370 1094 2428 et
1136 2368 1412 2428 multae
1457 2367 1996 2427 miserationis.

385 2474 544 2533 Adeo
576 2473 710 2547 quia
745 2471 962 2532 'multae
1004 2472 1388 2533 miserationis
1416 2475 1506 2532 est
1537 2471 1815 2531 Dominus
1856 2471 2199 2544 audiuimus,
2250 2469 2548 2529 audiamus
2572 2465 2657 2525 10

304 2577 443 2652 quid
487 2594 590 2652 per
640 2577 827 2637 Dauid
879 2580 1230 2637 contestatur
1281 2576 1518 2651 spiritus
1571 2578 1842 2635 sanctus:
1904 2570 1971 2636 si
2014 2572 2561 2647 dereliquerint

229 2679 462 2745 „filii
527 2680 686 2739 eius
751 2679 982 2754 legem
1046 2695 1266 2739 meam
1319 2682 1389 2739 et
1431 2679 1508 2738 in
1570 2679 1943 2738 mandatis
2008 2677 2183 2736 meis
2243 2694 2381 2736 non
2424 2694 2557 2735 am-

305 2782 740 2842 bulauerint
798 2784 869 2842 et
931 2783 992 2841 si
1063 2782 1659 2843 iustificationes
1724 2799 1912 2841 meas
1980 2778 2555 2854 profanauerint

304 2889 377 2947 et
418 2888 813 2960 praecepta
856 2902 1008 2945 mea
1059 2901 1195 2944 non
1252 2886 1786 2959 custodierint,
1843 2884 2178 2945 uisitabo
2224 2883 2295 2941 in
2340 2882 2555 2956 uirga

301 2988 638 3048 facinora
682 3004 918 3048 eorum
963 2990 1032 3048 et
1077 2988 1146 3047 in
1189 2988 1540 3063 flagellis
1595 2990 1883 3049 delicta
1942 3004 2209 3048 eorum:
2271 2986 2553 3046 miseri-

303 3091 629 3151 cordiam
685 3094 924 3151 autem
966 3108 1193 3150 meam
1235 3108 1375 3151 non
1419 3091 1841 3166 dispergam
1885 3091 1969 3151 ab
2012 3092 2143 3151 eie.
2206 3090 2297 3150 his
2343 3088 2555 3149 similia

232 3214 287 3256 aa
305 3196 365 3253 et
393 3210 495 3268 per
522 3194 876 3255 Ezechielem
905 3195 1148 3269 legimus
1180 3193 1392 3255 dixisse
1418 3194 1751 3267 Dominum;
1782 3194 1908 3253 fili
1940 3194 2273 3266 hominis,
2307 3194 2555 3253 domus

305 3296 543 3357 Israel
609 3296 990 3356 habitauit
1065 3313 1280 3372 snper
1343 3299 1615 3358 terram
1681 3315 1914 3371 suam,
1980 3302 2052 3358 et
2132 3295 2555 3370 coinquina-

305 3401 570 3459 uerunt
645 3416 794 3459 eam
869 3398 1348 3460 facinoribus
1418 3401 1592 3459 suis.
1680 3400 1877 3461 sicut
1960 3400 2302 3461 mulieris
2374 3416 2555 3459 men-

305 3504 641 3563 struatae
683 3502 886 3562 facta
927 3506 1041 3563 est
1080 3502 1528 3563 inmunditia
1568 3521 1808 3564 eorum
1852 3506 2017 3564 ante
2047 3503 2305 3563 faciem
2334 3519 2558 3596 meam

442 3702 476 3756 6
509 3702 590 3755 Ιο.
626 3702 677 3767 6,
712 3702 796 3756 ea.
954 3702 1021 3756 11
1058 3701 1146 3755 uz.
1185 3702 1268 3767 18,
1304 3702 1389 3757 eo.
1495 3762 1503 3769 ,
1549 3702 1618 3756 13
1650 3702 1765 3758 Ioel
1800 3703 1850 3769 2,
1887 3703 1971 3756 12.
2009 3702 2091 3757 13.
2243 3704 2310 3758 19
2345 3703 2433 3757 ΡΒ.
2469 3702 2555 3767 se,

309 3786 532 3841 31—34.
688 3787 758 3841 25
793 3786 883 3841 ΕΖ.
920 3788 1005 3853 66,
1044 3788 1266 3843 18—23.

440 3974 476 4028 2
506 3974 741 4049 nominis
775 3975 1031 4030 mutastis
1067 3976 1261 4043 uelum,
1299 3976 1658 4045 propositioni
1692 3976 1794 4031 Er.
1934 3976 1969 4029 3
2004 3990 2166 4045 quam
2203 3975 2268 4029 K
2348 4020 2351 4023 .
2401 3977 2435 4031 5
2471 3979 2555 4030 at-

303 4060 416 4129 qui]
452 4061 709 4129 anquiaK
737 4078 774 4115 n
811 4078 950 4116 eras.
1101 4064 1136 4117 6
1167 4062 1246 4116 ire
1279 4062 1353 4127 K,
1393 4063 1540 4117 abire
1573 4078 1608 4116 v
1755 4064 1790 4117 8
1822 4062 1977 4117 illam
2010 4078 2044 4116 v
2190 4060 2427 4133 flentem]
2464 4062 2555 4117 fle-

300 4147 366 4199 tu
401 4144 468 4199 K
595 4146 770 4201 laenit
804 4147 871 4201 K
1010 4149 1044 4202 9
1078 4150 1144 4202 ut
1175 4148 1293 4219 illa]
1331 4174 1401 4203 u
1422 4150 1441 4217 ΙΙ
1462 4174 1532 4203 u
1567 4148 1668 4204 illa
1703 4149 1770 4203 K
1927 4148 2128 4202 exitum
2163 4148 2231 4202 K
2375 4150 2442 4203 12
2476 4165 2555 4203 se-

300 4231 532 4286 cundum
565 4234 776 4302 scripsi,
811 4219 1032 4288 {undem
1067 4233 1142 4299 K,
1179 4234 1358 4290 eodem
1391 4251 1426 4289 v
1632 4234 1893 4304 propheta
1926 4250 1961 4289 v
2153 4234 2220 4288 13
2254 4237 2555 4289 exorantem

302 4315 389 4383 K,
425 4318 736 4373 exhortante
768 4334 802 4375 v
940 4320 1148 4375 dicente
1170 4336 1202 4375 v
1337 4322 1394 4375 et
1429 4336 1529 4375 om.
1559 4338 1593 4377 v
1732 4320 1797 4374 17
1834 4322 1891 4374 et
1923 4320 2093 4375 multe
2117 4319 2191 4385 K,
2230 4320 2435 4374 multae
2455 4336 2489 4375 v

303 4402 373 4457 18
405 4402 684 4458 audiamus
718 4404 785 4459 K
809 4421 852 4460 s.
893 4406 927 4460 l.
961 4422 1028 4462 m.
1067 4408 1108 4459 2
1297 4407 1364 4461 19
1399 4406 1817 4476 derelinquerint
1852 4406 1919 4461 K
2099 4406 2164 4461 21
2202 4408 2259 4461 et
2292 4422 2391 4462 om.
2430 4406 2497 4461 K

300 4489 374 4543 22
407 4504 526 4543 mea
557 4504 658 4545 om.
694 4490 760 4545 K
