3217 5150
653 515 780 581 226
1589 509 1943 577 Appendix

597 674 634 731 8
741 676 882 734 Plus
911 676 1001 733 est
1029 672 1228 731 tollere
1259 672 1553 745 peccatum
1585 687 1755 742 quam
1784 672 2021 743 peccata
2052 671 2111 727 et
2141 673 2437 741 peccatum
2467 684 2578 727 non
2602 667 2773 727 huius
2803 670 2905 727 aut

655 778 816 837 illius
844 779 944 837 sed
973 776 1186 835 mundi.
1234 790 1440 847 corpus
1471 773 1624 833 enim
1653 772 1875 846 peccati
1904 772 2177 831 mundum
2205 772 2537 831 uniuersum
2568 774 2909 845 occuparat:

657 882 764 941 hoc
813 897 914 955 per
946 879 1234 937 Christum
1287 894 1414 936 esse
1468 874 1759 935 sublatum
1811 874 2045 950 sanguis
2098 874 2281 949 ipsius
2335 892 2437 947 pro
2479 874 2642 933 nobis
2690 874 2908 935 effusus

653 983 842 1043 reddit
892 983 1124 1042 euidens
1175 980 1586 1050 testimonium,
1642 977 1847 1037 melius
1898 994 2000 1051 pro
2063 978 2229 1037 nobis
2281 976 2535 1051 loquens,
2600 981 2661 1037 ut
2719 978 2909 1051 inquit

655 1087 967 1161 apostolus,
1011 1100 1178 1158 quam
1209 1083 1446 1157 sanguis
1478 1082 1645 1141 Abel.
1694 1080 1976 1155 siquidem
2006 1080 2105 1139 ille
2135 1078 2389 1140 clamans
2420 1081 2489 1138 de
2520 1084 2676 1139 terra
2704 1080 2905 1155 loque·
2930 1100 2957 1139 z

651 1191 820 1250 batur
849 1186 1190 1247 uindictam:
1238 1189 1298 1245 at
1329 1186 1543 1245 Christi
1573 1184 1810 1258 sanguis
1841 1185 1909 1243 de
1940 1200 2103 1243 cruce
2134 1183 2387 1243 clamans
2424 1200 2623 1258 pacem
2652 1184 2909 1257 loquitur

651 1297 709 1353 et
752 1291 1288 1353 reconciliationem.
1355 1289 1494 1362 quin
1545 1289 1699 1349 idem
1742 1288 1977 1363 sanguis
2011 1286 2277 1361 quoniam
2306 1305 2343 1345 a
2372 1286 2537 1347 nobis
2566 1286 2802 1359 bibitur,
2856 1288 2911 1345 si

651 1398 814 1455 modo
867 1395 1038 1470 digne
1088 1394 1326 1465 bibitur,
1387 1393 1598 1452 clamat
1648 1392 1711 1451 in
1760 1392 2023 1452 cordibus
2076 1392 2290 1451 nostris
2341 1391 2519 1449 uerba
2568 1390 2805 1463 pacifica
2846 1393 2907 1449 et

650 1500 844 1559 solatii
895 1497 1083 1571 plena.
1139 1498 1196 1557 et
1239 1496 1360 1555 illic
1389 1494 1600 1569 triplex
1632 1497 1721 1555 est
1750 1495 2161 1568 testimonium,
2178 1481 2195 1517 '
2212 1494 2349 1553 licet
2378 1492 2631 1567 spiritali
2660 1494 2905 1569 quodam

649 1604 831 1662 modo.
877 1602 1086 1661 clamat
1137 1600 1372 1673 spiritus
1425 1599 1522 1673 qui
1574 1598 1739 1657 nobis
1785 1598 2125 1658 arrhabonis
2174 1598 2296 1658 loco
2328 1599 2497 1657 datus
2528 1599 2649 1657 est:
2698 1598 2905 1657 Abba
2930 1614 2989 1651 16

649 1709 886 1779 pater,
957 1703 1399 1764 testificans
1466 1703 1656 1776 quod
1724 1719 1967 1761 sumus
2034 1701 2193 1761 filii
2259 1700 2409 1760 Dei.¹
2484 1702 2697 1761 clamat
2756 1718 2907 1775 aqua

649 1826 751 1884 per
802 1825 972 1883 quam
1022 1808 1209 1867 renati
1259 1823 1474 1879 sumus,
1529 1806 1679 1880 quod
1710 1806 2024 1867 condonata
2052 1807 2190 1865 sunt
2218 1804 2385 1864 nobis
2414 1804 2605 1865 omnia
2634 1806 2901 1878 peccata:

637 1894 708 1971 'et
737 1912 787 1970 si
828 1912 955 1985 quis
1003 1911 1189 1971 adhuc
1240 1910 1487 1979 dubitat,
1539 1908 1760 1969 accedit
1811 1909 2109 1983 sanguinis
2139 1908 2527 1969 testimonium
2559 1907 2900 1969 clamantis:

649 2015 785 2089 quid
836 2015 1022 2074 adhuc
1071 2015 1346 2086 haesitae,
1398 2012 1534 2087 quid
1586 2013 1772 2074 adhuc
1823 2014 2053 2087 panitas
2105 2014 2409 2087 tyrannum
2440 2014 2725 2073 satanan?
2772 2030 2901 2073 6666

647 2118 890 2191 pretium
923 2135 1038 2191 quo
1062 2118 1120 2177 te
1151 2116 1382 2176 redimit
1413 2116 1517 2176 Dei
1547 2116 1721 2177 filius.
1768 2116 1883 2175 nisi
1912 2118 1971 2175 te
2002 2118 2226 2177 saluum
2256 2116 2535 2179 uoluisset
2564 2116 2741 2188 Deua,
2782 2134 2899 2175 11611
2922 2134 2979 2171 18

646 2221 978 2281 tradidisset
1011 2220 1368 2293 unigenitum
1401 2238 1568 2281 suum
1599 2220 1661 2279 111
1690 2224 1947 2281 mortem.

591 2326 628 2383 9
731 2326 944 2384 Nemo
1009 2324 1354 2383 maiorem
1422 2323 1821 2384 caritatem
1864 2324 2117 2395 habet,
2185 2342 2387 2398 quam
2454 2326 2533 2382 ut
2596 2324 2904 2384 animam

647 2447 845 2490 suam
889 2432 1116 2504 ponat
1161 2446 1286 2503 pro
1330 2430 1588 2490 amicis
1633 2429 1807 2489 suis.
1878 2430 1931 2489 si
1981 2447 2093 2489 11611
2123 2432 2213 2490 est
2242 2428 2427 2489 maius
2457 2428 2695 2488 eximiae
2724 2430 2898 2490 bene-

649 2533 935 2594 uolentiae
966 2534 1358 2594 testimonium
1387 2551 1555 2609 quam
1589 2532 1641 2594 si
1670 2533 1800 2608 quis
1854 2534 2033 2594 uitam
2060 2532 2355 2608 impertiat
2406 2532 2604 2605 amico,
2660 2532 2901 2607 grauius

645 2641 732 2697 est
801 2637 1070 2697 dominici
1123 2636 1424 2711 sanguinis
1475 2637 1865 2697 testimonium
1917 2637 2015 2711 qui
2065 2653 2167 2710 pro
2220 2635 2468 2696 inimicis
2520 2636 2733 2696 effusus
2786 2643 2894 2698 est.
2918 2647 2976 2688 ὀ

645 2741 859 2800 effusus
911 2758 1016 2814 pro
1044 2739 1291 2800 inimicis
1321 2741 1462 2799 fecit
1503 2740 1713 2801 amicos
1742 2759 1809 2801 ac
1838 2740 1986 2801 filios
2016 2741 2155 2800 Dei:
2186 2743 2357 2816 atque
2388 2744 2453 2801 ut
2482 2741 2903 2802 consideremus

645 2845 792 2903 hanc
822 2843 941 2902 fore
971 2844 1302 2916 perpetuam
1328 2843 1662 2915 amicitiam,
1696 2843 1929 2918 reliquit
1958 2844 2122 2904 nobis
2153 2845 2431 2904 edendam
2462 2861 2686 2904 carnem
2716 2861 2897 2914 suam,

645 2945 878 3020 reliquit
907 2945 1216 3004 bibendum
1247 2946 1602 3019 sanguinem,
1637 2951 1701 3005 ut
1728 2965 1828 3022 per
1858 2948 2056 3008 eadem
2076 2949 2377 3023 aleremur,
2410 2965 2511 3022 per
2534 2965 2677 3022 quae
2704 2965 2901 3008 sumus

647 3049 902 3108 redemti.
959 3048 1255 3122 sanguinis
1289 3049 1616 3122 aspersione
1664 3050 2055 3110 confirmatum
2108 3055 2199 3111 est
2250 3055 2415 3112 uetus
2468 3053 2895 3124 testamentum,

642 3151 1113 3224 quemadmodum
1172 3152 1246 3209 ad
1297 3151 1592 3212 Hebraeos
1650 3153 1905 3214 scribens
1956 3155 2249 3227 praeclare
2306 3157 2471 3215 docet
2526 3154 2898 3214 beatissimus
2920 3167 2975 3207 2⁵

643 3253 886 3312 Paulus:
951 3253 1168 3313 Christi
1221 3256 1497 3329 sanguine
1551 3257 1953 3331 consignatum
2002 3260 2061 3316 et
2116 3258 2545 3318 corroboratum
2568 3261 2659 3317 est
2688 3275 2897 3320 nouum

641 3359 1064 3428 testamentum,
1098 3360 1204 3418 1166
1233 3361 1325 3420 est
1356 3361 1763 3419 testamentum
1816 3364 1877 3420 et
1926 3363 2155 3436 pactum
2204 3363 2425 3437 gratiae
2456 3366 2515 3422 et
2543 3363 2897 3424 remissionis
3003 3383 3014 3390 -

545 3501 552 3511 .
637 3463 998 3532 peccatorum
1029 3477 1128 3532 per
1159 3461 1496 3535 sanguinem
1525 3463 1663 3537 agni
1694 3463 2065 3537 immaculati,
2099 3465 2284 3539 quiin
2313 3483 2374 3526 se
2406 3466 2659 3539 recipere
2690 3467 2895 3543 digna-

639 3564 732 3620 tus
761 3566 852 3622 est
881 3563 1060 3622 totius
1093 3564 1289 3623 mundi
1319 3568 1633 3639 peccatum,
1674 3569 1825 3640 quod
1856 3585 2048 3627 omnes
2079 3587 2149 3628 ex
2179 3569 2364 3630 Adam
2406 3571 2753 3632 contrahunt
2795 3573 2895 3647 qui

637 3665 917 3738 prodeunt
945 3667 1008 3726 in
1037 3668 1184 3728 hanc
1213 3653 1390 3728 uitam
1419 3672 1480 3729 et
1509 3670 1673 3730 cuius
1703 3671 1963 3746 contagio
1988 3676 2223 3745 peccant
2268 3674 2605 3748 quicumque
2636 3679 2893 3748 peccant.
2918 3683 2973 3722 ³0

635 3771 802 3830 tanta
831 3771 1028 3830 autem
1055 3774 1146 3831 est
1176 3771 1394 3832 Christi
1425 3774 1774 3847 sublimitas,
1824 3778 1889 3833 ut
1944 3775 2189 3836 fortasse
2242 3795 2355 3839 non
2396 3781 2656 3851 oporteat
2698 3795 2895 3853 quem-

635 3889 806 3946 quam
831 3876 1148 3936 ceterorum
1179 3876 1472 3936 hominum
1522 3894 1651 3937 cum
1684 3877 1785 3938 illo
1816 3877 2096 3951 conferre,
2152 3879 2265 3940 nisi
2318 3880 2444 3955 ipse
2465 3881 2641 3942 'nobis
2668 3885 2893 3942 tantam

633 3975 896 4036 fiduciam
927 3978 1304 4052 praebuisset,
1359 3980 1460 4054 qui
1511 3997 1625 4040 non
1668 3981 2009 4056 dedignatus
2053 3983 2133 4042 sit
2184 3983 2495 4058 discipulos
2526 4001 2659 4045 81168
2690 4003 2897 4046 uocare

635 4078 864 4152 amicos,
897 4081 1156 4142 8611111168
1186 4099 1320 4142 81168
1354 4099 1556 4142 uocare
1585 4083 1798 4144 fratres
1828 4087 1887 4144 et
1915 4085 2239 4147 coheredes.
2273 4089 2745 4161 quemadmodum
2774 4089 2895 4164 igi—

635 4184 728 4240 tur
757 4181 856 4243 ille
885 4201 987 4244 8116
1035 4185 1286 4244 mirabili
1339 4185 1669 4247 testimonio
1700 4187 2037 4248 clarificauit
2066 4191 2287 4264 patrem
2316 4191 2379 4250 in
2422 4192 2529 4250 1166
2556 4193 2767 4251 mundo
2800 4196 2895 4252 at·
2918 4205 2967 4244 ³⁵

771 4436 839 4490 10
870 4436 1022 4508 Rom.
1059 4437 1108 4502 8,
1147 4437 1228 4490 16.
1439 4439 1502 4491 1‘1
1541 4438 1622 4494 Io.
1662 4439 1744 4506 15,
1780 4441 1863 4495 13.
