3217 5150
653 556 784 620 230
1599 550 1965 619 Appendix.

657 713 1108 787 desperationem
1137 712 1485 783 caderemus,
1541 712 1591 770 si
1642 725 1769 769 cum
1800 712 1991 770 omnia
2036 715 2275 770 mortem
2318 714 2673 783 praesentem
2719 710 2921 769 inten-

655 819 800 887 tant,
833 817 1123 876 horrorem
1153 818 1391 875 naturae
1423 815 1787 875 senserimus.
1820 814 1933 874 nisi
1964 815 2113 873 enim
2143 815 2373 874 adesset
2403 830 2605 873 sensus
2634 813 2917 887 dolorum,

655 920 804 979 nihil
859 919 1096 978 haberet
1151 918 1485 977 admirabile
1531 921 1870 993 martyrium
1891 963 1905 990 ‚
1964 919 2064 976 sed
2111 932 2379 991 superare
2426 917 2675 975 dolorem
2706 934 2919 976 corona
2946 956 2952 965 -

655 1022 890 1097 dignum
933 1024 1041 1081 est.
1095 1022 1324 1081 horrere
1375 1025 1617 1081 mortem
1668 1024 1907 1080 naturae
1958 1024 2048 1079 est
2065 1065 2079 1092 ,
2142 1022 2369 1080 uincere
2418 1022 2683 1079 naturam
2734 1020 2913 1079 animi

656 1126 992 1185 fortitudine
1045 1125 1266 1199 gratiae
1319 1127 1424 1184 est.
1473 1124 1663 1183 omnia
1714 1126 1907 1197 potest
1936 1124 2151 1183 Paulus
2171 1169 2185 1196 ,
2248 1124 2349 1182 sed
2391 1123 2451 1181 in
2482 1139 2547 1183 eo
2578 1122 2679 1197 qui
2722 1123 2915 1195 ipsum
2938 1143 2967 1179 ⁵

657 1229 995 1287 corroborat.
1031 1227 1132 1286 sed
1161 1227 1372 1301 quibus
1413 1226 1719 1300 praesidiis
1762 1225 2015 1285 uincitur
2042 1231 2280 1285 naturae
2311 1224 2653 1285 infirmitas?
2708 1226 2759 1283 si
2806 1242 2919 1285 nos

662 1334 814 1391 totos
845 1330 1004 1390 humi
1035 1334 1459 1404 prosternamus
1479 1372 1493 1401 ‚
1551 1330 1659 1389 hoc
1702 1333 1794 1387 est
1824 1324 1873 1388 si
1904 1330 2051 1389 nihil
2082 1330 2308 1389 omnino
2336 1329 2658 1389 tribuamus
2688 1328 2915 1387 uiribus

659 1434 891 1505 nostriS,
945 1433 994 1492 si
1039 1433 1346 1507 uigilemus
1377 1436 1436 1491 et
1467 1450 1693 1493 oremus
1722 1432 2027 1505 instanter,
2082 1433 2133 1492 si
2162 1436 2415 1493 nostram
2444 1431 2795 1492 uoluntatem
2826 1431 2915 1489 di-

655 1538 823 1596 uinae
855 1535 1138 1595 uoluntati
1169 1536 1570 1596 submittamus
1603 1536 1964 1610 dicamusque
2009 1536 2113 1595 illa
2142 1552 2209 1595 ex
2240 1535 2429 1597 animo
2461 1553 2530 1596 ex
2560 1538 2679 1595 toto
2710 1535 2877 1594 corde
2892 1554 2911 1592 t

656 1642 1000 1698 transeat
1043 1638 1162 1697 hic
1205 1638 1404 1699 calix
1448 1641 1511 1698 si
1555 1639 1732 1699 fieri
1776 1643 2057 1713 potest,
2126 1642 2249 1699 sed
2315 1638 2461 1698 fiat
2526 1656 2663 1699 non
2718 1638 2999 1697 sicutro

658 1760 784 1818 ego
831 1743 1026 1813 nole,
1076 1742 1199 1800 sed
1242 1743 1448 1802 sicut
1489 1746 1570 1802 tu
1616 1745 1746 1802 uis.

557 1850 636 1907 15
746 1845 895 1904 Noui
927 1860 1032 1919 ego
1063 1862 1129 1905 ac
1156 1845 1290 1905 fieui
1319 1847 1594 1920 quosdam
1625 1864 1833 1920 magna
1875 1845 2050 1906 animi
2078 1846 2415 1905 fortitudine
2458 1846 2765 1921 praeditos,
2810 1846 2915 1919 qui

659 1948 772 2007 iam
803 1964 1040 2008 coronae
1069 1950 1312 2023 proximi
1345 1950 1675 2008 defecerunt
1706 1952 1764 2008 et
1795 1966 1963 2023 quem
1994 1950 2091 2007 diu
2120 1948 2371 2022 professi
2399 1948 2629 2009 fuerant
2655 1948 2915 2021 abnega-

657 2054 808 2111 runt.
861 2052 996 2127 quid
1029 2052 1140 2111 fuit
1170 2054 1230 2112 in
1257 2058 1472 2111 causa?
1527 2053 1881 2113 dimouerant
1910 2053 2103 2112 oculos
2134 2068 2268 2111 suos
2297 2054 2371 2112 ab
2400 2068 2469 2112 eo
2500 2052 2599 2126 qui
2629 2053 2785 2112 solus
2813 2068 2913 2111 ro-

656 2157 765 2215 bur
821 2156 923 2215 dat
965 2155 1235 2215 infirmis:
1295 2155 1722 2215 intermiserant
1765 2156 2074 2215 orationem
2117 2174 2183 2214 ac
2214 2158 2518 2230 coeperant
2559 2155 2632 2214 ad
2661 2156 2915 2215 humana
2940 2172 2995 2209 ιε»

655 2258 945 2332 praesidia
993 2258 1294 2331 respicere.
1357 2260 1887 2331 contemplabantur
1916 2276 2050 2319 suae
2096 2262 2330 2318 naturae
2360 2259 2631 2319 uiriculas
2648 2304 2662 2329 ,
2724 2258 2917 2319 consi-

657 2360 936 2421 derabant
965 2361 1193 2421 aculeos
1247 2363 1494 2437 ungulas
1523 2363 1832 2423 candentes
1885 2364 2129 2422 laminas
2180 2362 2395 2422 ferrum
2446 2365 2506 2422 et
2552 2362 2745 2436 ignem
2772 2360 2915 2421 reli-

656 2482 940 2539 quumque
973 2465 1296 2525 carificinae
1327 2470 1669 2545 apparatum
1698 2466 1874 2525 etiam
1904 2472 2137 2539 aspectu
2180 2444 2523 2525 horrendum
2540 2512 2554 2539 ,
2598 2468 2659 2524 et
2690 2466 2915 2525 crucia-

653 2570 814 2628 tuum
847 2569 1203 2630 atrocitatem
1233 2587 1360 2630 cum
1393 2569 1514 2629 suis
1545 2569 1764 2630 uiribus
1796 2570 2181 2642 conferebant,
2217 2574 2275 2629 et
2294 2570 2419 2630 ideo
2442 2569 2743 2630 uictoriam
2764 2569 2914 2628 ami—

657 2676 853 2732 serunt
883 2689 914 2732 e
944 2673 1226 2733 manibus.
1259 2674 1359 2733 ubi
1391 2675 1522 2748 quis
1551 2675 1637 2734 ita
1664 2675 1883 2748 cogitat
1912 2663 2041 2734 ‘hoc
2072 2690 2301 2748 possum
2319 2719 2333 2746 ,
2366 2673 2514 2732 illud
2544 2673 2763 2747 perpeti
2792 2690 2909 2732 non
2932 2691 2993 2732 20

651 2760 928 2850 possum',
960 2793 1266 2850 numquam
1295 2775 1542 2838 feliciter
1571 2781 1808 2852 peraget
1836 2777 2190 2852 martyrium.
2226 2777 2326 2836 sed
2356 2777 2455 2850 qui
2487 2793 2547 2836 se
2568 2778 2754 2836 totum
2782 2780 2911 2836 tra-

655 2878 740 2937 dit
771 2879 996 2938 diuinae
1027 2879 1316 2938 uoluntati
1343 2897 1457 2939 non
1486 2880 1600 2940 alio
1632 2883 1897 2954 spectans
1928 2897 2096 2954 quam
2120 2881 2193 2939 ad
2210 2880 2371 2939 illius
2394 2897 2577 2954 opem,
2608 2881 2659 2940 is
2682 2881 2914 2940 demum

657 2979 849 3038 firmus
881 2984 972 3039 est
1003 2984 1061 3038 et
1092 2981 1358 3040 inuictus.
1423 2983 1530 3041 hoc
1562 2986 1753 3042 autem
1782 2983 1905 3043 fieri
1939 2998 2049 3043 non
2078 2986 2289 3057 potest,
2350 2983 2463 3042 nisi
2492 2983 2647 3043 adsit
2674 3001 2813 3044 uera
2842 3000 2915 3043 ac

654 3083 852 3141 uiuida
882 3083 1044 3156 fideS,
1100 3083 1248 3142 nihil
1280 3085 1592 3157 haesitans,
1628 3086 1773 3146 nihil
1803 3087 2161 3160 disquirens:
2216 3103 2287 3147 ne
2318 3087 2661 3163 cogitaueris
2692 3090 2913 3162 quanta

656 3185 735 3245 sit
765 3186 995 3261 tyranni
1026 3187 1298 3259 saeuitia,
1331 3190 1547 3262 quanta
1576 3190 1827 3249 hominis
1858 3191 2244 3263 imbecillitas,
2298 3193 2401 3251 sed
2435 3193 2651 3265 quanta
2680 3190 2759 3250 sit
2790 3190 2909 3248 Do·
2934 3202 2991 3242 ²⁵

653 3289 796 3348 mini
827 3290 1030 3364 uirtus,
1061 3291 1160 3365 qui
1189 3293 1374 3350 certat
1403 3310 1470 3352 ac
1501 3292 1645 3352 uicit
1672 3293 1731 3352 in
1761 3294 2031 3352 membris
2062 3294 2201 3354 suis.
2228 3315 2234 3322 ·

555 3397 634 3459 16
741 3393 896 3468 Ergo
925 3397 992 3453 ut
1020 3412 1056 3453 a
1085 3395 1438 3469 digressione
1491 3396 1848 3456 reflectamus
1900 3399 1973 3457 ad
2027 3399 2088 3456 id
2142 3400 2290 3472 quod
2332 3401 2459 3458 erat
2512 3400 2909 3468 constitutum,

654 3497 1119 3572 quemadmodum
1149 3497 1377 3557 Domini
1407 3515 1560 3558 mors
1587 3501 1875 3572 potentior
1904 3503 2025 3560 erat
2054 3519 2223 3575 quam
2254 3501 2397 3574 uita,
2430 3502 2513 3560 ita
2542 3499 2727 3560 uoluit
2754 3517 2910 3559 mar·-

653 3603 842 3675 tyrum
873 3617 1104 3660 suorum
1135 3603 1372 3661 mortem
1401 3619 1526 3662 esse
1555 3606 1861 3677 potentem.
1908 3605 2046 3678 quid
2076 3605 2226 3664 enim
2258 3606 2540 3664 infirmius
2576 3621 2747 3678 quam
2774 3603 2907 3662 uin-

654 3702 763 3762 ciri
790 3705 1048 3763 damnari
1099 3703 1259 3765 caedi
1290 3707 1528 3766 cruciari
1557 3707 1739 3768 occidi
1770 3711 1828 3766 et
1858 3709 1931 3766 ad
1960 3707 2241 3767 carnificis
2284 3708 2583 3767 arbitrium
2631 3707 2907 3781 praebere
2934 3723 2996 3762 so

533 3814 540 3824 '
653 3823 858 3881 corpus
871 3811 899 3866 ἰ’
931 3809 1070 3867 haec
1097 3808 1316 3882 species
1347 3810 1635 3869 interdum
1664 3811 2108 3870 misericordiam
2136 3814 2327 3870 mouet
2356 3812 2531 3871 etiam
2554 3811 2911 3870 saeuissimis

653 3909 930 3984 tyrannis.
985 3923 1182 3970 uerum
1243 3911 1340 3971 ubi
1381 3912 1496 3972 iam
1527 3914 1600 3972 ad
1630 3917 1997 3974 monumenta
2024 3918 2339 3989 martyrum
2383 3914 2676 3989 pelluntur
2704 3914 2915 3984 morbi,

655 4012 888 4086 rugiunt
911 4013 1230 4087 daemones,
1254 4017 1544 4076 terrentur
1563 4019 1923 4090 monarchae,
1956 4019 2257 4077 coruscant
2278 4018 2572 4090 miracula,
2606 4017 2917 4078 concidunt

654 4114 836 4175 idola:
897 4119 1021 4176 tum
1071 4121 1310 4192 apparet
1361 4137 1530 4194 quam
1583 4120 1664 4180 sit
1712 4121 1916 4182 efficax
1960 4139 2028 4182 ac
2072 4125 2275 4197 potens
2304 4124 2619 4198 martyrum
2650 4122 2911 4196 sanguis.

651 4220 1092 4292 praesentia
1137 4222 1473 4296 infinma,
1519 4222 1887 4298 epistolae
1932 4239 2235 4300 graues,
2282 4221 2507 4286 audiuit
2538 4226 2910 4285 beatissimus
2936 4241 2993 4282 as

794 4481 860 4535 10
896 4481 1021 4535 Luc.
1057 4484 1142 4544 22,
1178 4484 1261 4538 42.
1473 4487 1540 4540 35
1577 4485 1634 4539 11
1672 4486 1787 4542 eor.
1828 4488 1911 4552 10,
1950 4463 2029 4542 10'.
