3217 5150
1338 533 1513 587 Vita.
1584 597 1589 602 ⁸
1843 610 1861 626 Ι
2377 553 2552 606 10111

297 687 631 754 uetustatis
674 689 943 754 aetatem
986 689 1271 775 gloriosis
1296 693 1359 755 et
1382 690 1768 756 admirandis
1798 691 2088 774 operibus
2119 693 2552 776 perpetrauit?

294 807 473 856 nemo
504 792 688 858 metit
718 792 937 858 statim
967 795 1039 857 ut
1066 794 1249 874 seuit,
1292 811 1471 859 nemo
1501 793 1886 860 uindemiam
1917 794 1992 859 de
2021 795 2286 860 nouellis
2315 795 2556 861 scrobi·

293 898 411 963 bus
472 896 789 978 expressit,
863 915 1041 962 nemo
1098 896 1300 962 adhuc
1353 897 1765 963 cummaxime
1831 897 2134 980 plantatis
2205 898 2554 966 arbusculis

293 1000 542 1065 matura
580 1004 765 1082 poma
795 1000 1123 1082 quaesiuit.
1168 1001 1237 1065 in
1264 1001 1374 1066 illo
1406 1001 1616 1066 omnia
1642 1001 2094 1066 incredibiliter
2124 1005 2550 1070 cucurrerunt.

252 1121 275 1160 ⁵
294 1103 635 1188 praeuenit,
681 1104 736 1169 si
778 1105 983 1187 potest
1026 1105 1169 1182 dici,
1218 1125 1317 1171 res
1364 1106 1528 1171 enim
1577 1105 1766 1172 fidem
1812 1123 1934 1171 non
1977 1106 2164 1189 capit,
2210 1109 2552 1190 praeuenit,

296 1206 571 1292 inquam,
604 1197 835 1274 tritura
867 1211 1225 1288 sementem,
1257 1209 1575 1276 uindemia
1602 1209 1947 1295 palmitem,
1980 1228 2166 1294 poma
2191 1211 2484 1276 radicem.

379 1310 579 1376 Aiunt
634 1311 1050 1395 apostolorum
1104 1311 1367 1392 litterae,
1428 1313 1648 1379 debere
1691 1313 2029 1396 neophytos
2071 1314 2414 1395 praeteriri,
2473 1333 2552 1379 ne
2573 1323 2613 1386 3

295 1415 544 1498 stupore
576 1415 953 1501 gentilitatis
984 1417 1259 1481 nondum
1289 1415 1565 1482 fundatis
1596 1416 1877 1482 sensibus
1907 1417 2278 1482 adhaerente
2309 1416 2550 1499 aliquid

293 1518 360 1583 in
404 1519 609 1586 Deum
658 1519 903 1585 nouitas
953 1519 1267 1584 inerudita
1318 1521 1619 1603 peccaret.
1673 1519 1784 1584 ille
1829 1519 1956 1586 fuit
2000 1521 2240 1601 primus
2286 1521 2349 1584 et
2395 1522 2550 1604 puto

226 1641 278 1681 10
297 1619 463 1690 solus
516 1621 811 1706 exemplo,
864 1622 1005 1704 plus
1052 1621 1175 1687 fide
1223 1640 1395 1705 posse
1446 1641 1636 1704 quam
1689 1625 1963 1705 tempore
2012 1623 2396 1705 promoueri.⁴
2443 1623 2552 1688 sed

296 1725 417 1791 etsi
456 1725 522 1790 in
559 1725 974 1807 apostolorum
1020 1725 1261 1790 actibus
1306 1725 1622 1790 eunuchus
1650 1725 1762 1790 ille
1791 1725 2182 1810 describitur,
2237 1726 2386 1808 quia
2413 1727 2548 1792 toto

297 1826 475 1894 corde
504 1828 864 1908 crediderat,
898 1847 935 1893 a
964 1827 1258 1911 Philippo
1290 1829 1509 1894 statim
1540 1829 1806 1894 tinctus:
1836 1847 1961 1894 non
1991 1831 2088 1894 est
2119 1830 2350 1896 similis
2377 1847 2550 1896 com-

294 1931 557 2016 parati0.
601 1931 712 1996 ille
755 1931 919 1996 enim
963 1932 1026 1997 et
1052 1933 1319 1997 Iudaeus
1360 1934 1493 1998 erat
1534 1934 1597 1997 et
1629 1932 1706 1997 de
1735 1932 1972 2014 templo
1999 1933 2254 1998 Domini
2295 1934 2550 2000 ueniens

294 2034 659 2118 prophetam
699 2035 949 2121 legebat
974 2036 1225 2116 Isaiam,
1271 2038 1334 2101 et
1375 2036 1665 2118 sperabat
1702 2036 1770 2100 in
1799 2035 2062 2118 Christe,
2113 2037 2232 2101 etsi
2271 2038 2550 2102 nondum

226 2161 271 2201 ιο
298 2158 439 2204 eum
481 2139 723 2203 uenisse
764 2139 1137 2204 crediderat:
1190 2139 1293 2204 hic
1324 2139 1399 2204 de
1440 2139 1749 2222 imperitis
1793 2139 2084 2224 gentibus
2123 2141 2374 2205 ueniens
2415 2141 2548 2208 tam

236 2236 241 2244 ’
295 2245 541 2308 matura
570 2240 689 2307 fide
721 2244 941 2326 coepit,
975 2246 1209 2326 quanta
1236 2243 1418 2327 pauci
1448 2243 1710 2308 fortasse
1739 2243 2122 2325 perfecerint.
2164 2263 2338 2324 mora
2366 2244 2548 2309 deni-

296 2365 415 2428 que
446 2347 611 2412 circa
638 2346 911 2432 gratiam
937 2345 1056 2411 Dei
1072 2347 1268 2429 nulla,
1302 2347 1477 2411 nulla
1507 2346 1748 2411 dilatio.
1779 2365 2003 2428 parum
2033 2347 2192 2412 dixi:
2223 2347 2546 2430 presbyte-

296 2449 463 2515 rium
513 2449 619 2516 uel
670 2449 1085 2514 sacerdotium
1143 2450 1361 2514 statim
1420 2450 1678 2531 accepit.
1737 2449 1878 2530 quis
1936 2449 2101 2515 enim
2157 2467 2280 2514 non
2339 2467 2549 2514 omnes
2589 2471 2594 2476 ·

296 2551 543 2619 honoris
588 2551 819 2639 gradus
868 2553 1145 2618 erederet
1191 2552 1309 2618 tali
1350 2553 1557 2619 mente
1598 2552 1915 2619 credenti?
1943 2543 2162 2618 ‘multa
2203 2555 2351 2619 sunt
2390 2572 2548 2637 quae

219 2682 272 2724 20
296 2657 496 2722 adhuc
524 2655 822 2739 plebeius,
856 2656 1057 2720 multa
1086 2675 1243 2739 quae
1272 2657 1401 2721 iam
1430 2657 1754 2739 presbyter
1781 2655 2016 2736 fecerit,
2050 2658 2254 2723 multa
2283 2677 2438 2741 quae
2467 2660 2550 2723 ad

292 2762 579 2827 ueterum
626 2759 905 2841 exempla
945 2759 1255 2824 iustorum
1294 2760 1650 2826 imitatione
1679 2760 1990 2825 consimili
2017 2762 2378 2842 prosecutus
2407 2778 2548 2844 pro—

394 3036 424 3089 1
450 3033 715 3105 operibus]
742 3034 1040 3088 uirtutibus
1064 3050 1112 3087 w
1334 3034 1371 3087 2
1393 3034 1522 3087 meti
1546 3039 1585 3097 t,
1610 3035 1771 3088 metit
1795 3048 1929 3089 corr.
1957 3035 2019 3087 ,tn
2045 3034 2272 3088 messuit
2301 3035 2362 3101 T,
2389 3036 2554 3087 metet

288 3122 417 3187 fort.
674 3122 837 3190 seuit]
862 3121 1028 3175 seruit
1054 3122 1231 3190 Tfflw,
1256 3121 1389 3175 serit
1412 3122 1505 3191 μὴ
1528 3121 1660 3187 fort.
1687 3122 1884 3175 seuerit
2140 3120 2412 3190 scropibus
2439 3138 2487 3175 w

290 3208 324 3261 3
349 3209 697 3262 cummaxime
722 3208 783 3273 T,
810 3223 1063 3276 umquam
1089 3206 1153 3260 de
1176 3224 1300 3276 ωμυ
1500 3208 1786 3277 plantatis]
1812 3207 2054 3276 palmitis
2079 3224 2142 3273 w,
2168 3208 2380 3261 nouiter
2403 3207 2556 3276 plan-

289 3296 427 3349 tatis
450 3312 485 3349 v
675 3295 712 3348 4
732 3292 1123 3347 incredibiliter
1158 3296 1215 3357 T,
1241 3292 1585 3347 increduliter
1609 3294 1679 3358 L,
1703 3293 2043 3347 incredibilia
2066 3310 2189 3363 μωυ
2382 3292 2416 3345 5
2439 3308 2554 3361 per-

291 3382 445 3435 uenit
479 3398 527 3445 w
710 3382 861 3449 potes
888 3379 941 3434 T
1116 3378 1222 3433 dici
1247 3395 1315 3433 eae
1337 3379 1453 3433 dice
1483 3380 1533 3431 T
1548 3396 1616 3433 m
1642 3383 1678 3435 2
1861 3396 1945 3433 rcs
1969 3379 2134 3448 enim]
2159 3394 2372 3433 sensum
2394 3394 2485 3446 ωμ

293 3482 427 3537 quae
451 3466 607 3521 fldem
633 3486 671 3533 μ
695 3466 789 3521 sed
814 3482 949 3535 quae
974 3482 1011 3519 s.
1041 3466 1072 3520 l.
1100 3482 1166 3519 m.
1195 3468 1234 3519 2
1442 3466 1688 3535 peruenit
1706 3482 1755 3519 w
1960 3466 1994 3518 6
2018 3466 2237 3532 inquam
2262 3463 2484 3533 tritura]
2509 3464 2557 3516 si

296 3555 471 3623 potest
501 3553 574 3607 Tt
596 3552 690 3607 sed
714 3552 839 3607 add.
871 3552 923 3606 T
939 3569 1005 3606 m.
1032 3557 1069 3607 2
1092 3553 1155 3605 in
1177 3552 1448 3623 margine:
1476 3551 1583 3606 dici
1606 3553 1794 3606 messis
2085 3550 2414 3604 uindemiam
2438 3566 2487 3603 w

294 3640 324 3692 7
351 3638 587 3710 apostoli
614 3655 735 3707 ωμυ
952 3638 1167 3692 litteras
1199 3640 1249 3693 T
1450 3638 1704 3691 neoffitos
1729 3658 1766 3707 μ
1976 3638 2262 3705 praeterire
2289 3637 2375 3701 T2,
2402 3652 2553 3705 prae-

292 3726 452 3781 terim
480 3728 545 3795 μι
769 3726 803 3779 8
826 3724 1066 3779 nundum
1092 3741 1141 3778 w
1363 3724 1397 3777 9
1421 3706 1538 3778 (Ιῖιῖ
1555 3726 1606 3779 T
1817 3723 2006 3777 nonita
2032 3729 2054 3777 t
2264 3722 2553 3791 inerudita]

291 3812 537 3868 inendita
565 3812 623 3877 T,
651 3827 748 3865 om.
777 3812 886 3866 tin
908 3812 1087 3881 spatio
1110 3826 1290 3865 uacuo
1450 3810 1527 3880 et]
1552 3813 1616 3863 ut
1643 3816 1665 3863 t
1819 3812 1948 3880 puto
1973 3825 2069 3862 om.
2099 3825 2146 3862 w
2309 3808 2376 3862 10
2399 3824 2555 3876 posse

295 3918 391 3955 om.
420 3916 467 3953 w
625 3898 691 3951 11
718 3899 821 3952 etsi
847 3913 943 3951 om.
982 3898 1031 3950 T
1184 3896 1320 3950 actis
1343 3914 1376 3951 v
1529 3896 1799 3949 cnunchus
1825 3910 1874 3948 w
2033 3894 2097 3949 12
2123 3892 2416 3948 consimilis
2439 3908 2488 3946 w

296 3986 363 4040 13
388 3986 565 4040 fuerat
589 4001 678 4052 ωμ,
862 3982 1053 4052 templi
1085 3982 1136 4035 T
1309 3982 1511 4036 domini
1534 3998 1632 4036 om.
1670 3982 1720 4035 T
1900 3981 1968 4034 14
1991 3997 2083 4049 per
2105 3980 2424 4050 prophetam
2447 3999 2487 4048 μ

297 4072 489 4126 isaiam
513 4087 608 4125 om.
638 4090 726 4138 ωμ
898 4070 955 4122 in
978 4084 1073 4123 om.
1105 4069 1156 4124 T
1336 4068 1403 4123 15
1427 4084 1545 4121 cum
1571 4084 1668 4123 om.
1698 4084 1746 4121 w
1918 4068 2043 4120 hinc
2069 4067 2119 4120 T
2293 4066 2360 4119 16
2383 4065 2556 4133 coepit
2597 4122 2604 4129 ,

296 4158 400 4213 fide
423 4177 510 4229 μυ,
538 4158 789 4227 ceperunt
810 4155 912 4210 fide
938 4172 987 4209 w
1267 4154 1601 4225 perfecerunt
1634 4156 1712 4209 Tv
1997 4153 2060 4205 17
2085 4152 2170 4206 dei
2195 4151 2428 4221 gratiam
2455 4168 2488 4205 v

296 4244 449 4299 nulla
472 4260 569 4298 om.
606 4244 655 4297 T
823 4242 890 4295 18
913 4241 1003 4295 uel
1033 4243 1092 4305 T,
1119 4243 1174 4295 et
1200 4257 1291 4310 μυ,
1317 4258 1413 4296 om.
1442 4258 1491 4294 w
1666 4240 1874 4309 statim]
1901 4240 2103 4308 stygim
2131 4239 2180 4293 T
2347 4253 2558 4307 accepe-

298 4331 427 4384 runt
452 4346 515 4395 w,
544 4347 641 4384 om.
666 4335 689 4384 t
885 4328 952 4381 19
975 4328 1235 4383 honorum
1257 4344 1292 4382 v
1480 4326 1697 4397 gradus]
1723 4325 1984 4396 gerendus
2010 4342 2059 4379 w
2247 4324 2418 4379 menti
2439 4340 2488 4380 w

299 4432 434 4485 quae
459 4432 557 4471 om.
593 4417 641 4470 T
718 4444 729 4467 ·
858 4409 929 4469 20
952 4414 1163 4468 adhunc
1191 4410 1243 4469 T
1460 4414 1635 4468 multa
1659 4415 1786 4467 sunt
1809 4414 1874 4482 μ.ι
2096 4410 2414 4481 presbiterio
2440 4409 2492 4463 T

298 4503 431 4557 fecit
455 4520 487 4558 v
695 4502 761 4555 21
790 4504 1097 4572 persecutus
1126 4501 1178 4555 T
1198 4501 1524 4571 (prosecutus
1550 4502 1593 4569 t)
2377 4530 2382 4536 -
