3217 5150
665 520 785 583 158
1607 513 1976 583 Appendix.

657 674 810 733 nime
838 690 1006 749 posse
1033 692 1148 735 non
1177 674 1492 735 dubitatur.
1553 675 1640 735 sic
1668 676 1877 735 etenim
1925 674 2217 735 inimicum
2258 691 2385 733 esse
2416 673 2777 748 diligendum
2802 675 2908 733 Do·
2954 731 2960 740 ,

664 776 852 837 minus
882 777 1140 853 imperat,
1173 781 1240 838 ut
1268 778 1372 839 illa
1401 778 1632 839 dilectio
1662 778 1903 838 amicum
1935 776 2097 837 illum
2125 795 2195 837 ex
2225 776 2457 837 inimico
2488 776 2720 837 efficiat.
2754 779 2905 851 quis-

657 897 766 955 que
798 898 933 957 ergo
963 882 1126 941 diues
1153 882 1392 956 cupidus
1421 882 1472 941 si
1513 882 1643 942 uuit
1670 886 1932 943 aeternas
1963 881 2172 941 habere
2200 880 2436 941 diuitias
2454 924 2471 953 ,
2520 880 2904 940 distribuendo

653 984 854 1058 egenis
881 984 1084 1059 perdat
1111 986 1339 1046 interim
1369 1002 1482 1045 non
1511 1001 1829 1045 mansuras.
1877 983 1931 1043 si
1958 984 2111 1043 enim
2138 984 2287 1059 quod
2316 982 2511 1059 diligit
2539 1001 2653 1044 non
2684 983 2895 1055 uendit,

653 1104 816 1147 nemo
858 1104 1042 1149 emere
1069 1090 1281 1163 poterit
1328 1089 1481 1163 quod
1507 1088 1685 1163 cupit.
1738 1088 1897 1149 suari
1936 1106 2177 1163 namque
2228 1088 2353 1149 ideo
2384 1088 2446 1147 in
2474 1086 2683 1149 iudicio
2714 1105 2751 1147 a
2778 1104 2891 1149 rec·
2918 1110 2941 1147 5

652 1190 876 1251 tissimo
903 1192 1086 1253 iudice
1115 1196 1512 1267 nuncupantur
1531 1192 1841 1265 maledicti,
1872 1192 2007 1266 qnia
2025 1192 2125 1268 qui
2146 1192 2537 1266 praeteribant
2564 1208 2761 1252 eorum
2790 1192 2891 1253 ha-

653 1294 906 1355 bitacula
933 1314 1044 1357 non
1075 1295 1372 1357 dicebant:
1420 1295 1850 1357 benedictio
1893 1293 2179 1355 Domini
2222 1310 2442 1369 super
2483 1312 2647 1369 uos,
2690 1296 2902 1357 bene-

651 1396 971 1459 diximus
1015 1400 1228 1461 uobis
1273 1400 1344 1485 in
1387 1400 1667 1461 nomine
1708 1398 2015 1460 Domini.
2084 1398 2343 1459 infelices
2394 1416 2529 1475 ergo
2570 1402 2709 1461 sunt
2738 1402 2900 1461 amri

649 1499 862 1563 diuites
890 1504 989 1580 qui
1017 1508 1248 1579 propter
1276 1520 1368 1563 res
1395 1503 1761 1565 transitorias
1790 1504 1853 1563 in
1872 1506 2157 1563 aeternam
2186 1504 2603 1565 damnationem
2626 1503 2897 1565 dilabun-

651 1608 776 1680 tur,
809 1612 870 1669 et
897 1625 928 1668 e
959 1608 1242 1668 contrario
1285 1607 1490 1667 beati
1534 1612 1709 1667 sunt
1748 1607 2305 1680 misericordes,
2372 1606 2716 1681 quoniam
2752 1608 2973 1683 ipsi-1⁰

650 1711 1239 1772 ‚misericordiam
1283 1714 1851 1787 consequentur.
1880 1709 2021 1771 felix
2050 1712 2141 1771 est
2170 1709 2509 1784 misericors,
2542 1710 2677 1771 dum
2706 1710 2767 1771 in
2799 1712 2909 1773 hac

653 1814 866 1876 uirtute
895 1832 1004 1874 non
1041 1814 1428 1877 substantiam
1457 1815 1562 1874 sed
1589 1814 1855 1875 affectum
1883 1814 2039 1875 Deus
2068 1814 2326 1889 requirit.

1293 2002 1588 2063 FEMINA
1632 2003 1807 2063 SINE
1852 2001 2266 2063 PVDICITIA.

589 2149 631 2208 5
735 2140 977 2212 Quintus
1006 2142 1296 2202 abusionis
1325 2146 1536 2218 gradus
1565 2144 1659 2203 est
1686 2142 1897 2203 femina
1926 2141 2051 2203 sine
2078 2140 2373 2216 pudicitia.
2422 2141 2572 2201 sicut
2600 2140 2755 2201 enim
2784 2158 2905 2203 om-

653 2262 754 2304 nes
785 2262 970 2305 mores
999 2248 1176 2306 bonos
1205 2250 1472 2321 procurat
1499 2248 1560 2307 et
1588 2246 1840 2306 custodit
1867 2247 1929 2305 in
1956 2244 2098 2306 uiris
2121 2244 2443 2319 prudentia,
2475 2245 2559 2305 sic
2587 2244 2646 2304 in
2668 2244 2901 2305 feminis
2923 2262 2971 2298 ιε

651 2350 882 2409 cunctos
912 2351 1182 2409 honestos
1233 2354 1396 2411 actus
1439 2351 1623 2410 nutrit
1670 2352 1730 2410 et
1772 2349 1930 2409 fouet
1982 2351 2043 2409 et
2080 2348 2257 2409 habet
2284 2348 2576 2423 pudicitia.
2630 2348 2907 2422 pudicitia

649 2463 892 2527 namque
942 2452 1266 2513 castitatem
1317 2452 1595 2527 custodit,
1648 2452 1949 2539 auaritiam
1998 2452 2267 2526 refrenat,
2320 2450 2454 2511 lites
2484 2451 2707 2511 deuitat
2720 2496 2737 2525 ,
2788 2451 2905 2511 iras

649 2556 912 2632 mitigat,
991 2556 1287 2618 libidinem
1367 2558 1635 2632 occupat,
1728 2556 2098 2632 cupiditatem
2194 2556 2507 2631 temperat,
2600 2555 2901 2616 lasciuiam

647 2661 925 2736 castigat,
997 2662 1333 2722 ebrietatem
1397 2665 1563 2722 canet
1577 2707 1592 2734 ,
1653 2662 1831 2720 uerba
1902 2677 2015 2720 non
2086 2659 2435 2734 multiplicat
2450 2705 2465 2733 ,
2534 2659 2704 2734 gulae
2762 2675 2899 2719 con·

643 2764 1024 2837 cupiscentias
1108 2767 1420 2841 propurgat
1437 2811 1451 2834 ‚
1539 2765 1759 2824 furtum
1832 2763 2057 2824 omnino
2142 2763 2389 2822 damnat.
2478 2761 2617 2837 quid
2690 2763 2898 2836 plura?
2920 2780 2973 2818 πο

649 2865 840 2928 omnia
897 2867 1042 2926 uitia
1071 2868 1373 2942 restringit
1423 2871 1483 2926 et
1511 2885 1705 2928 omnes
1752 2865 1997 2926 uirtutes
2040 2869 2100 2926 et
2138 2865 2407 2941 quicquid
2448 2883 2637 2925 coram
2680 2864 2799 2925 Deo
2842 2867 2903 2924 et

644 2969 968 3029 hominibus
1009 2969 1174 3030 bonis
1223 2971 1509 3031 laudabile
1539 2972 1630 3029 est
1680 2970 1883 3029 nutrit.
1946 2968 2213 3044 inpudica
2254 2967 2381 3028 uita
2409 2984 2515 3028 nec
2563 2966 2791 3027 laudem
2821 2967 2895 3025 ab

645 3071 970 3132 hominibus
1000 3073 1058 3131 in
1088 3075 1375 3147 praesenti
1406 3072 1632 3132 saeculo
1661 3089 1767 3132 nec
1797 3073 2306 3133 remunerationem
2336 3089 2371 3130 a
2402 3071 2516 3130 Deo
2548 3071 2813 3144 expectat
2832 3069 2897 3128 in

781 3289 812 3344 7
848 3291 934 3345 Ps.
973 3291 1092 3356 128,
1126 3291 1176 3346 8.
1388 3291 1456 3346 10
1489 3291 1687 3348 Matth.
1726 3293 1777 3358 5,
1815 3293 1859 3346 7.

777 3498 810 3552 1
843 3512 951 3553 non
989 3513 1089 3553 om.
1134 3497 1244 3554 GV
1467 3499 1546 3553 sic
1581 3500 1783 3554 etenim
1815 3499 2033 3568 scripsi,
2066 3498 2198 3553 licet
2232 3500 2373 3554 enim
2417 3498 2531 3553 GX
2536 3497 2598 3564 V,
2634 3500 2714 3556 sic
2749 3499 2897 3553 enim

637 3600 704 3650 v,·
737 3585 808 3650 cf.
838 3601 900 3654 p.
937 3587 1058 3649 153,
1091 3587 1164 3640 20
1368 3585 1403 3640 2
1438 3585 1667 3656 imperet
1709 3585 1832 3651 GV,
1867 3585 2139 3656 praecepit
2170 3603 2205 3642 v
2427 3585 2672 3656 quisquis
2708 3585 2827 3641 X²v

634 3671 674 3726 3
707 3671 756 3726 si
791 3687 890 3726 om.
925 3688 960 3726 v
1182 3669 1218 3725 4
1251 3671 1459 3742 perdat]
1497 3673 1734 3740 praestet
1765 3689 1801 3728 v
2034 3672 2253 3726 interim
2286 3685 2389 3726 om.
2433 3670 2484 3724 V
2708 3669 2899 3725 uendit

642 3758 791 3827 6¹17,
827 3756 1130 3812 uendiderit
1173 3756 1315 3813 G⁸X
1349 3775 1358 3784 ·
1593 3759 1629 3814 5
1662 3760 1841 3827 potest
1873 3773 2047 3812 emere
2077 3773 2112 3812 v
2404 3757 2439 3812 8
2474 3772 2600 3826 ergo
2634 3773 2735 3812 om.
2780 3757 2828 3813 V

633 3844 672 3898 9
707 3844 802 3912 qui
835 3859 936 3898 om.
981 3844 1044 3908 V,
1079 3842 1207 3899 add.
1251 3842 1303 3900 G
1333 3859 1404 3900 m
1438 3848 1476 3900 2
1752 3845 1821 3900 10
1854 3846 1982 3898 sunt
2016 3859 2117 3898 om.
2153 3845 2218 3896 X
2384 3841 2403 3854 ‘
2476 3843 2733 3912 quoniam
2766 3843 2894 3914 ipsi]

633 3929 765 3997 quia
798 3945 831 3984 v
986 3930 1051 3984 11
1085 3931 1172 3984 est
1203 3945 1330 4000 ergo
1365 3948 1399 3988 v
1553 3931 1623 3984 12
1656 3931 1861 3984 uirtute
1896 3929 2027 3984 deus
2060 3931 2127 3984 X
2276 3927 2523 3984 effectum
2568 3929 2621 3987 V
2763 3930 2897 3986 deus
2956 3977 2961 3980 .

635 4014 768 4084 req.]
804 4013 1035 4083 inquirit
1067 4017 1131 4070 X
1334 4017 1402 4072 15
1435 4017 1606 4072 bonos
1640 4032 1815 4071 mores
1846 4033 1882 4072 v
2085 4015 2162 4071 sic
2197 4018 2254 4069 et
2286 4033 2321 4071 v
2514 4017 2583 4072 16
2617 4016 2895 4087 honestos]

635 4100 856 4155 honoris
890 4117 924 4157 v
1103 4100 1254 4158 fouet
1287 4105 1344 4158 et
1379 4119 1480 4158 om.
1519 4105 1581 4156 X
1768 4101 1951 4172 habet]
1988 4101 2227 4158 custodit
2250 4105 2345 4158 Xe
2528 4103 2594 4157 17
2629 4104 2768 4158 iram
2789 4120 2824 4160 v

636 4185 704 4240 19
739 4187 899 4257 gulae
933 4203 978 4242 c.
1013 4191 1308 4258 propurgat
1343 4203 1445 4244 om.
1489 4188 1544 4243 V
1878 4187 1949 4242 20
1981 4190 2278 4259 propurgat
2320 4187 2447 4254 GX,
2481 4190 2681 4260 purgat
2714 4207 2749 4246 v
2760 4211 2779 4258 ;
2816 4191 2895 4257 cf.

635 4271 817 4330 Siras.
851 4277 904 4341 7,
937 4277 1008 4331 33
1245 4275 1459 4330 omnino
1493 4289 1594 4329 ont.
1633 4276 1699 4327 X
1934 4273 2075 4342 quod
2108 4275 2171 4328 X
2178 4275 2196 4304 ¹
2436 4273 2504 4328 21
2540 4279 2596 4329 et
2630 4275 2705 4346 q.]
2744 4277 2899 4346 quic-

631 4359 766 4428 quid
807 4360 863 4417 V
1083 4361 1155 4416 22
1187 4361 1341 4416 bonis
1377 4360 1685 4417 hominibus
1717 4375 1767 4427 v,
1802 4359 2110 4416 hominibus
2147 4361 2215 4414 X
2442 4359 2734 4431 laudabile]
2772 4363 2901 4418 leu-

635 4445 760 4501 dare
802 4447 857 4502 V
1056 4446 1328 4516 impudica
1361 4462 1592 4517 namque
1626 4464 1659 4503 v
