3217 5150
2237 534 2466 581 LXXIII

212 669 577 753 diqnissimi
602 667 753 732 libri
780 672 836 733 et
864 667 1133 749 epistole.
1182 671 1475 734 secuntur
1516 669 1736 734 deinde
1776 669 1982 734 libelli
2013 671 2064 734 I.
2095 670 2174 734 X.
2207 671 2318 734 XI.
2351 670 2463 734 IX.

218 781 391 848 XIII.
421 781 566 846 XII.
604 780 775 845 VIII.
808 779 920 858 IV,
965 781 1228 860 epistola
1258 781 1361 858 63,
1402 779 1605 845 libelli
1637 781 1712 844 V.
1745 779 1853 844 VI.
1887 781 2031 846 VII.
2063 783 2150 860 ΙΙ,
2197 781 2298 846 De
2334 783 2468 846 sin-

212 892 555 974 yulasm‘tate
584 891 964 970 clericorum,
997 890 1097 955 De
1116 891 1429 954 montibus
1448 890 1616 956 Sina
1639 895 1696 956 et
1717 891 1873 957 Sion
1895 893 2203 958 aduersus
2222 894 2466 974 Iude03,

221 1003 325 1066 Ad
355 1003 427 1066 N
424 1003 799 1068 ouatianuni
828 1003 903 1066 de
934 1002 1223 1068 Cornelio
1250 1007 1307 1066 et
1337 1002 1591 1066 Nouato
1621 1003 1730 1089 (=
1762 1005 1939 1086 epist.
1971 1005 2106 1090 55),
2140 1005 2248 1070 Ad
2281 1005 2470 1071 Tiba-

220 1115 462 1179 ritanos
504 1117 886 1180 eaor-latoria
927 1118 1034 1198 (ε
1066 1116 1246 1199 epist.
1280 1115 1413 1200 58),
1468 1115 1579 1178 Aa
1608 1115 1934 1198 Maynum
1975 1116 2052 1181 de
2095 1115 2198 1181 his
2241 1118 2353 1198 qui
2395 1120 2472 1182 in
2555 1157 2558 1162 -

220 1227 363 1291 lecto
413 1231 821 1292 consecuntur
872 1229 1043 1312 (inde
1086 1231 1124 1292 3
1159 1225 1511 1302 Quaesistis
1554 1253 1632 1284 =
1679 1229 1877 1292 altera
1925 1247 2068 1310 pars
2120 1230 2301 1313 epist.
2334 1229 2468 1314 69),

221 1338 327 1404 Ad
377 1337 733 1414 Quirinum
792 1340 931 1426 (lib.
978 1341 1028 1405 Ι.
1084 1343 1148 1406 61
1193 1336 1329 1426 ΙΙ.).
1389 1338 1651 1404 alterius
1709 1340 1907 1422 partis
1965 1341 2286 1424 inscriptio
2341 1344 2469 1407 est:

223 1452 556 1532 Incipiunt
585 1451 833 1532 epistole
860 1451 1081 1535 Cecilij
1104 1451 1409 1534 Cipriani
1428 1433 1554 1533 epi
1558 1451 2070 1534 carthaginensis
2108 1454 2475 1535 confessoris

214 1567 275 1628 et
296 1563 587 1626 martiris
614 1562 979 1645 diynissimi
1000 1564 1087 1628 acl
1108 1563 1471 1630 Cornelium
1498 1549 1676 1645 papa
1692 1568 1746 1628 et
1753 1565 1978 1644 prima
1999 1565 2075 1628 de
2096 1565 2474 1646 confessione

218 1674 505 1756 feliciter.
550 1677 843 1742 secuntur
870 1675 1174 1757 epistulae
1203 1676 1419 1740 eodem
1448 1675 1662 1740 ordine
1692 1676 1876 1757 atque
1905 1676 1971 1740 in
2002 1676 2270 1741 editione
2301 1677 2474 1758 prin-

224 1786 376 1869 cipe,
410 1788 533 1852 nisi
564 1788 727 1870 quod
758 1758 1027 1869 epistula
1046 1787 1133 1853 45
1156 1804 1356 1852 errore
1386 1788 1451 1852 et
1480 1786 1546 1850 in
1575 1785 1696 1851 fine
1711 1775 2044 1852 ¹Rcuelatio
2071 1787 2304 1867 capitis
2333 1805 2476 1853 con-

222 1899 389 1964 sulto
418 1901 492 1964 111
523 1900 773 1964 uidetur
813 1898 1079 1963 omissae
1108 1899 1271 1963 sunt.
1314 1899 1521 1964 textus
1548 1899 1791 1965 nullam
1821 1897 1948 1962 fere
1980 1898 2472 1964 emendationem

137 2030 147 2048 ³
228 2013 515 2093 expertus
546 2013 641 2076 est
672 2013 781 2075 aut
804 2009 859 2074 si
882 2030 1004 2093 qua
1030 1996 1443 2092 discrepantia
1472 2009 1789 2075 inuenitur
1817 2011 1980 2074 inter
2009 2029 2146 2074 eam
2169 2013 2232 2075 et
2247 2011 2477 2076 Roma-

226 2143 391 2199 nam,
450 2123 819 2188 coniecturis
878 2141 1001 2188 non
1059 2123 1371 2188 codicibus
1428 2123 1586 2188 hanc
1637 2124 1844 2188 deberi
1897 2123 2039 2188 111116
2091 2126 2265 2207 patet
2315 2126 2480 2206 quod

226 2252 302 2297 ne
348 2252 469 2298 una
514 2234 765 2316 quidem
806 2235 1168 2300 lacunarum
1216 2235 1439 2316 quibus
1484 2235 1599 2299 illa
1642 2234 1778 2299 hiat
1817 2235 2102 2317 suppleta
2149 2237 2262 2313 est,
2317 2237 2481 2318 quod

223 2344 493 2408 alterius
530 2345 633 2408 uel
676 2345 993 2410 deterrimi
1035 2346 1263 2411 codicis
1304 2345 1535 2412 auxilio
1574 2345 1747 2410 nullo
1777 2346 2026 2428 negotio
2055 2347 2298 2428 poterat
2325 2346 2479 2412 fieri.

224 2455 490 2520 adhibui
520 2456 833 2539 exemplar
864 2435 1027 2539 quod
1058 2459 1153 2521 est
1183 2457 1249 2520 in
1281 2456 1662 2522 bibliotheca
1693 2456 2152 2521 Vindobonensi
2183 2457 2342 2541 sign.
2376 2459 2479 2524 25.

228 2567 296 2634 C.
332 2570 431 2634 13.
482 2569 681 2634 altera
724 2568 917 2633 editio
958 2553 1082 2633 s.'l.
1128 2571 1277 2633 eta.
1326 2569 1421 2634 est
1465 2588 1537 2633 ea
1570 2588 1740 2650 ,111136
1769 2567 2002 2633 Panzer
2045 2567 2113 2651 (1.
2147 2587 2200 2634 c.
2232 2567 2324 2632 IV
2359 2570 2480 2635 119
2562 2561 2726 2632 11111110

226 2701 287 2746 n.
320 2680 478 2766 406)
527 2682 591 2745 et
619 2681 789 2745 Ham
840 2680 911 2766 (1.
943 2700 993 2745 0.
1028 2680 1060 2743 1
1091 2681 1151 2757 2,
1200 2679 1329 2745 220
1368 2700 1427 2744 n.
1471 2680 1670 2761 5894)
1717 2680 2073 2745 auctoribus
2103 2658 2814 2771 Dauentriaenmgssfffl·

226 2793 395 2857 circa
424 2812 656 2858 annum
690 2793 851 2857 1477
884 2793 1049 2874 apud
1076 2792 1251 2856 Rich.
1282 2791 1556 2856 Paffroet
1582 2790 1838 2874 prodiit.
1879 2792 1954 2855 de
1983 2788 2055 2857 ea
2083 2793 2270 2875 paulo
2299 2812 2480 2858 accu-

229 2905 448 2983 ratius,
479 2904 554 2968 ut
574 2924 711 2969 eam
734 2923 924 2969 manu
954 2904 1254 2969 tractasse
1284 2903 1589 2981 uideatur,
1625 2903 2084 2968 Schoenemann
2115 2905 2251 2988 agit
2276 2902 2482 2991 (Bibl.

227 3015 376 3081 hist.
408 3016 527 3080 litt.
554 3019 727 3097 patr.
760 3015 870 3080 lat.
904 3016 937 3079 I
972 3016 1144 3099 109),
1189 3016 1297 3080 sed
1336 3014 1539 3080 nescio
1582 3034 1703 3097 quo
1745 3032 1889 3079 casu
1929 3014 2167 3081 factum
2197 3014 2282 3080 sit
2309 3017 2381 3080 ut
2411 3014 2487 3082 116

228 3128 681 3198 accessionibus
712 3129 845 3194 eius
872 3128 1055 3212 longe
1085 3127 1475 3211 grauissimis
1496 3127 1659 3191 nihil
1684 3128 2002 3209 proferret.
2035 3127 2260 3209 incipit
2283 3146 2430 3192 uero
2451 3147 2488 3191 a

233 3239 487 3305 Tabula
525 3240 942 3305 materiarum
981 3238 1389 3320 epistolarum
1428 3239 1594 3304 beati
1628 3239 1912 3319 cipriani
1950 3239 2244 3309 martiris
2275 3258 2490 3305 secun-

226 3351 389 3416 dum
430 3352 713 3415 ordinem
752 3350 1091 3431 alphabeti,
1136 3370 1320 3433 quem
1362 3370 1567 3416 rerum
1610 3351 1880 3416 indicem
1923 3352 2204 3434 sequitur
2237 3349 2485 3415 Tabula

229 3468 662 3527 contentorum
706 3465 769 3527 et
814 3463 1243 3529 testimonium
1273 3462 1383 3527 Ex
1427 3462 1584 3527 libro
1629 3463 1790 3527 beati
1832 3463 2174 3529 iheronimi
2207 3464 2284 3537 cle
2322 3464 2492 3528 uiris

234 3573 595 3639 illustribus
634 3574 710 3639 ele
754 3574 925 3639 beato
969 3574 1283 3657 cipriano.
1336 3574 1555 3641 deinde
1604 3576 1971 3640 exhibentur
2015 3575 2228 3640 eodem
2278 3576 2492 3641 ordine

229 3689 427 3769 atque
468 3686 738 3753 editione
766 3672 1044 3753 Romana
1082 3688 1331 3771 singula
1369 3705 1551 3769 opera
1595 3688 1845 3769 excepta
1871 3686 1958 3753 49
1986 3686 2254 3768 epistula
2282 3687 2493 3753 omnia

235 3799 419 3863 nouis
462 3798 673 3864 titulis
714 3798 819 3863 1161
856 3795 1189 3864 titulorum
1228 3799 1359 3865 loco
1405 3798 1698 3864 breuibus
1739 3798 2120 3883 argumentis
2164 3799 2490 3875 instructa,

238 3909 423 3974 uelut
462 3910 623 3975 liber
662 3908 763 3975 De
802 3909 1253 3993 sinyularitate
1292 3910 1660 3975 clericorum
1699 3900 1790 3974 si'c
1828 3909 2223 3975 inscribiturz
2283 3908 2492 3985 Quam

226 4021 660 4101 perniciosum
698 4021 783 4085 sit
820 4022 989 4086 uiris
1015 4027 1072 4086 et
1098 4022 1373 4087 maxime
1401 4022 1644 4087 clericis
1672 4020 2058 4086 conuersatio
2083 4021 2493 4103 feminarum.

236 4134 387 4215 post
444 4134 624 4217 epist.
678 4134 765 4198 40
816 4134 859 4197 1.
912 4153 963 4199 6.
1015 4133 1349 4217 epistulam
1410 4133 1698 4199 editionis
1753 4132 2060 4198 Romanae
2117 4134 2494 4216 postremam
2571 4214 2574 4217 ἦ

236 4244 599 4310 inseruntur
639 4244 877 4310 inedita
916 4244 1099 4311 haec:
1144 4244 1333 4311 Diber
1362 4244 1616 4309 LXXI
1629 4244 1697 4309 V.
1741 4242 1842 4309 De
1880 4240 2233 4322 disciplina
2261 4247 2316 4307 et
2344 4242 2497 4306 bono

222 4355 571 4437 pudicicie,
603 4355 792 4421 Liber
804 4354 1025 4419 LXX
1039 4355 1106 4420 V.
1136 4356 1247 4420 Ad
1269 4355 1717 4421 Nouatianum
1745 4354 2081 4419 hereticum
2110 4352 2274 4433 quod
2295 4352 2498 4434 lapsis

233 4485 382 4547 spes
402 4468 583 4532 uenie
605 4486 735 4531 non
751 4470 837 4531 est
852 4466 1243 4549 deneqanda‚
1274 4466 1491 4533 Sermo
1506 4466 1862 4549 Auqustini
1878 4466 1954 4530 cle
1967 4470 2180 4530 sancto
2201 4465 2497 4545 cipriano
