3217 5150
999 548 1090 602 De
1133 547 1643 616 Rebaptismate
1690 565 1749 603 c..
1770 550 1815 603 1.
2196 619 2203 626 Ι
2446 559 2529 624 69

283 727 393 770 nae
433 708 812 770 exhortationi
851 724 964 783 qua
1005 707 1240 766 euadere
1269 706 1440 768 liceat
1469 707 1621 766 diem
1651 708 1877 768 Domini
1905 713 1963 769 et
1990 710 2151 770 iram.
2208 710 2348 772 dicit
2377 711 2526 771 enim

287 813 400 874 sic:
444 812 763 886 respice,
809 809 953 882 fili,
997 809 1335 869 nationes
1377 811 1744 871 hominum
1790 813 1862 872 et
1908 813 2115 874 scito,
2162 813 2327 888 quis
2370 831 2527 888 spe-

288 916 492 976 rauit
545 915 620 974 in
673 913 968 974 Domino
1025 915 1094 972 et
1149 913 1502 973 confusus
1557 917 1706 974 est:
1766 916 2168 989 permansit
2224 915 2529 976 inman-

289 1019 491 1102 datis
544 1016 762 1077 illius
816 1019 889 1077 et
942 1015 1350 1077 derelictus
1405 1020 1552 1078 est:
1620 1018 1749 1077 aut
1815 1017 2199 1078 inuocauit
2252 1036 2405 1080 eum
2463 1024 2531 1080 et

235 1120 626 1198 sdespexit
680 1118 931 1179 illum?
989 1119 1336 1194 quoniam
1380 1121 1553 1194 pius
1597 1122 1674 1180 et
1718 1119 2146 1181 misericors
2188 1121 2531 1184 Dominus

287 1226 363 1286 et
415 1223 811 1284 remittens
865 1223 938 1282 in
993 1225 1320 1296 tempore
1380 1222 1913 1283 tribulationis
1970 1226 2273 1298 peccata
2314 1226 2530 1285 omni-

287 1328 422 1387 bus
478 1305 1032 1400 inquirentibus
1092 1342 1164 1385 se
1209 1327 1280 1385 in
1336 1326 1683 1386 ueritate.
1740 1327 1825 1386 ait
1867 1342 2031 1400 ergo:
2079 1327 2193 1387 dic
2234 1330 2311 1386 tu
2355 1328 2530 1389 faci-

287 1447 462 1490 nora
503 1435 634 1490 tua
675 1429 906 1504 ptine,
951 1431 1030 1488 ut
1072 1428 1551 1489 iustificeris.
1613 1445 1749 1504 prae
1792 1447 1963 1489 manu
2006 1428 2085 1490 sit
2136 1431 2301 1490 uobis
2352 1432 2529 1492 oratio

288 1532 396 1592 illa
434 1533 888 1607 exomologeseos
931 1531 1102 1607 plena
1130 1565 1160 1597 a.
1183 1565 1210 1596 ι
1235 1566 1264 1596 ιι

214 2172 274 2211 10
698 2133 801 2228 V.
865 2133 1021 2231 DE
1087 2133 2122 2235 REBAPTISMATE.

288 2353 447 2442 (Non
477 2361 680 2422 debere
708 2363 893 2422 denuo
918 2362 1198 2437 baptizari
1226 2363 1325 2437 qui
1353 2363 1528 2424 semel
1559 2364 1621 2422 in
1648 2363 1873 2423 nomine
1896 2363 2124 2423 Domini
2158 2365 2291 2424 Iesu
2319 2364 2533 2424 Christi

1230 2467 1351 2527 sint
1390 2463 1606 2549 tincti.)

375 2635 790 2717 Animaduerto
863 2657 1184 2731 quaesitum
1251 2658 1400 2731 apud
1472 2658 1683 2717 fratres
1762 2656 1900 2732 quid
1972 2656 2161 2731 potius
2238 2655 2531 2715 obseruari
2555 2663 2587 2720 1

289 2761 574 2831 oporteret
603 2759 664 2819 in
692 2776 989 2834 personam
1011 2776 1222 2833 eorum,
1245 2759 1344 2834 qui
1371 2760 1435 2819 in
1456 2759 1683 2820 haeresi
1705 2758 1932 2834 quidem
1962 2759 2063 2819 sed
2092 2758 2150 2817 in
2180 2758 2403 2818 nomine
2427 2756 2534 2817 Dei

211 2890 270 2929 15
291 2861 472 2921 nostri
500 2862 633 2921 Iesu
657 2862 872 2922 Christi
897 2862 1048 2939 [sint]
1071 2861 1260 2935 tincti,
1291 2862 1648 2936 postmodum
1676 2862 1809 2921 inde
1836 2860 2082 2936 digressi
2111 2864 2169 2920 et
2200 2860 2534 2935 suppliciter

285 2964 362 3023 ad
389 2964 684 3025 ecclesiam
721 2964 828 3023 Dei
869 2966 1224 3039 aduolantes‚
1266 2965 1406 3025 totis
1448 2964 1793 3039 praecordiis
1835 2963 2244 3038 paenitentiam
2294 2966 2531 3037 agerent

279 3071 350 3128 -et
388 3068 596 3129 erroris
635 3069 726 3129 sui
767 3069 1186 3129 damnationem
1225 3086 1374 3129 nunc
1415 3070 1641 3129 demum
1682 3069 2081 3143 intellegentes
2124 3067 2397 3127 auxilium
2438 3084 2533 3128 sa-

286 3170 428 3229 lutis
458 3171 531 3230 ab
559 3188 628 3231 ea
655 3171 1041 3247 implorarent,
1071 3173 1264 3231 utrum
1291 3172 1687 3231 uetustissima
1708 3170 2113 3231 consuetudine
2136 3188 2203 3229 ac
2231 3168 2535 3229 traditione

291 3273 674 3333 ecclesiastica
713 3277 847 3349 post
883 3273 1049 3334 illum
1078 3276 1228 3347 quod
1255 3273 1398 3335 foris
1429 3273 1659 3348 quidem
1688 3275 1791 3333 sed
1818 3272 1879 3332 in
1908 3274 2133 3333 nomine
2162 3274 2295 3332 Iesu
2317 3271 2535 3331 Christi
2660 3295 2665 3299 ·

205 3397 274 3437 ω
295 3375 518 3435 Domini
559 3377 742 3437 nostri
785 3379 1124 3452 acceperunt
1165 3377 1452 3450 baptisma
1490 3375 1881 3437 tantummodo
1920 3375 2133 3451 imponi
2183 3375 2267 3436 eis
2308 3392 2535 3434 manum

289 3480 366 3538 ab
393 3479 654 3553 episcopo
685 3480 759 3539 ad
797 3480 1186 3555 accipiendum
1225 3479 1491 3554 spiritum
1535 3481 1797 3540 sanctum
1840 3478 2126 3539 sufficeret
2154 3481 2213 3539 et
2242 3479 2381 3537 haec
2408 3495 2531 3537 ma-

289 3600 396 3642 nus
447 3582 733 3658 impositio
783 3583 1010 3659 signum
1061 3583 1196 3643 fidei
1245 3583 1517 3643 iteratum
1559 3586 1731 3657 atque
1772 3583 2219 3643 consummatum
2250 3581 2333 3641 eis
2365 3596 2531 3656 prae-
2572 3618 2575 3621 -

285 3689 488 3759 staret,
531 3706 604 3747 an
641 3704 776 3749 uero
818 3688 990 3748 etiam
1031 3688 1304 3749 iteratum
1344 3687 1632 3761 baptisma
1672 3686 1765 3747 his
1796 3686 2173 3747 necessarium
2206 3688 2357 3745 esset
2386 3686 2535 3744 tam-

421 3871 456 3924 2
492 3870 593 3924 Sir.
630 3870 679 3937 2,
719 3870 936 3925 10-12.

423 4040 490 4095 10
523 4040 693 4096 Hunc
727 4045 1024 4095 tractatum
1049 4042 1270 4110 primus
1305 4040 1480 4096 edidit
1513 4040 1781 4097 Nicotaus
1809 4040 2086 4111 Rigaltius
2120 4054 2190 4093 eae
2225 4038 2537 4109 apoyrapho

285 4126 572 4182 Sir-monde·
617 4142 686 4182 ex
729 4128 1090 4182 uetustissimo
1136 4128 1320 4183 codice
1364 4127 1687 4181 monasterii
1736 4126 1792 4181 S.
1843 4126 2079 4196 Remiyii
2124 4124 2405 4179 Remensis
2448 4122 2537 4178 de·

279 4213 517 4281 scripto.-
554 4218 682 4281 post
718 4212 1002 4268 Sia-monde·
1045 4229 1238 4268 curam
1271 4214 1548 4267 Baluzius
1593 4213 1795 4268 iterum
1840 4212 2070 4269 contum
2114 4211 2349 4267 codicem
2381 4225 2537 4279 quem

285 4300 506 4366 metra
526 4299 674 4355 inter
699 4299 867 4354 Ζῶνοσ
893 4299 1185 4355 Remea-see
1211 4300 1478 4369 quaesiui.
1517 4328 1581 4339 —
1621 4299 1688 4352 14
1712 4300 1926 4367 oportet
1949 4297 2065 4353 cod.
2091 4304 2141 4352 et
2164 4316 2196 4353 v
2334 4297 2402 4349 15
2424 4294 2537 4349 sint

286 4384 491 4439 inclusi
719 4385 785 4439 19
821 4384 914 4455 qni
949 4385 1074 4455 Βία.
1305 4384 1378 4442 20
1412 4383 1619 4439 domini
1653 4384 1825 4439 nostri
1863 4384 2154 4447 Bolanus,
2189 4382 2395 4438 domini
2428 4397 2537 4435 non

283 4468 420 4537 cod„
457 4470 782 4524 dominicum
819 4470 1145 4527 sirmondus
