3217 5150
677 528 790 591 130
1601 521 1967 590 Appendix.

661 684 832 744 titulo
859 684 1094 757 reliquit
1121 684 1434 757 coniungas
1461 682 1681 757 puriter
1706 686 1767 740 et
1794 683 2099 753 mmmm,
2130 684 2455 755 exspectem
2482 698 2611 740 cum
2634 681 2925 743 fratribus

661 788 878 862 pariter
927 788 984 845 in
1035 788 1328 861 apertione
1379 787 1498 845 oris
1545 786 1639 845 tui
1686 786 2049 859 splendorem
2104 786 2329 859 gratiae
2376 783 2614 843 luminis
2672 784 2917 858 Christi,

661 908 868 965 sequar
897 892 958 949 in
985 892 1330 949 tractatibus
1377 892 1498 949 tuis
1528 890 1723 948 lumen
1752 890 1905 962 quod
1932 889 2211 947 Dominus
2236 888 2507 959 ostendit,
2560 888 2713 961 quod
2742 886 2921 947 clu-i-

659 997 786 1053 stus
811 994 1122 1053 adueniens
1149 998 1442 1053 aeternam
1471 994 1653 1051 uitam
1680 1009 1809 1051 esse
1836 992 2199 1051 monstrauit.

599 1116 638 1173 9
743 1098 908 1156 Certe
935 1116 1106 1171 quam
1135 1098 1276 1156 mihi
1305 1098 1458 1156 laeta
1486 1096 1610 1165 illa,
1642 1112 1814 1169 quam
1842 1094 2185 1167 exoptabilis
2212 1095 2337 1153 dies
2364 1096 2475 1165 est,
2506 1112 2637 1154 cnm
2676 1095 2913 1155 miseri·
2940 1116 2969 1153 s

659 1200 882 1259 cordiae
911 1201 1138 1259 Domini
1189 1201 1384 1259 fanore
1429 1198 1801 1258 arcessitione
1828 1196 2015 1257 dilata
2042 1200 2333 1257 senectam
2360 1198 2533 1257 istam
2560 1214 2747 1257 meam
2774 1216 2915 1273 pro-

657 1302 808 1361 ferre
859 1304 1186 1376 contigerit‚
1245 1304 1314 1361 ut
1365 1304 1426 1361 et
1477 1301 1833 1361 erationibus
1890 1304 2217 1361 sanctorum
2270 1301 2525 1374 impense
2578 1304 2641 1360 et
2696 1301 2919 1376 iugiter

655 1406 1080 1479 deprecantium
1137 1406 1440 1464 Dominum
1499 1405 1717 1463 Christi
1794 1408 2101 1478 martyrem
2170 1404 2397 1463 uideam
2416 1450 2433 1476 ,
2506 1407 2573 1463 ut
2644 1421 2917 1464 coronam

653 1508 910 1568 iustitiae
953 1527 1100 1582 quae
1145 1508 1256 1567 tibi
1297 1524 1474 1581 penes
1517 1508 1823 1568 Dominum
1868 1508 2129 1581 deposita
2156 1512 2249 1566 est
2284 1510 2513 1581 portare
2542 1508 2913 1582 conspiciam.

652 1627 760 1669 nec
787 1612 1080 1683 putaueris
1109 1614 1300 1671 autem
1329 1612 1590 1685 martyrii
1620 1612 1729 1669 tibi
1756 1612 2067 1670 secundum
2107 1626 2381 1683 praesens
2406 1612 2605 1669 uotum
2634 1611 2913 1671 desiderii
2936 1628 2995 1667 ιο

652 1714 838 1773 nostri
867 1714 1110 1787 gloriam
1135 1714 1336 1773 tribui.
1381 1718 1520 1773 tunc
1547 1715 1679 1773 inde
1708 1714 2008 1774 felicitatis
2036 1715 2209 1773 huius
2236 1714 2465 1773 conlata
2506 1714 2765 1787 dignatio
2794 1718 2911 1786 est,

653 1820 794 1875 tunc
831 1816 1040 1875 iudicio
1085 1834 1190 1876 suo
1233 1817 1384 1877 iusto
1413 1818 1690 1876 Dominus
1720 1818 1901 1891 elegit
1926 1818 2277 1877 destinatum
2304 1819 2630 1891 martyrem,
2688 1836 2821 1877 cum
2852 1822 2912 1879 te

653 1922 975 1993 exemptum
1001 1922 1072 1979 de
1093 1920 1370 1980 iustorum
1399 1938 1576 1994 grege
1603 1924 1779 1993 atque
1806 1920 2171 1995 adsumptum
2198 1920 2311 1979 sibi
2340 1922 2411 1979 de
2442 1920 2737 1995 inopinato
2766 1938 2909 1981 con-

655 2022 848 2081 stituit
893 2022 1098 2083 altario
1145 2026 1512 2083 sacerdotem.
1573 2025 1871 2097 praeclara
1910 2041 2147 2098 prorsus
2186 2026 2247 2083 et
2290 2024 2541 2098 gloriosa
2584 2025 2909 2085 necationis

653 2126 859 2185 electio
887 2129 948 2185 et
977 2128 1046 2185 de
1077 2126 1304 2187 Domini
1329 2127 1663 2201 dignatione
1692 2146 1843 2187 noua
1870 2132 2043 2201 atque
2084 2128 2345 2187 inaudita
2372 2131 2433 2187 et
2461 2128 2605 2187 mira
2652 2128 2907 2189 felicitas
2932 2147 2984 2186 ιι

653 2230 1068 2291 transmarinae
1111 2232 1590 2306 peregrinationis
1620 2231 2061 2290 necessitatibus
2088 2234 2423 2305 occupatum
2450 2232 2527 2291 ad
2554 2232 2905 2292 destinatum

651 2334 761 2392 tibi
807 2352 1016 2393 munus
1057 2335 1320 2407 ignarum
1363 2352 1432 2394 ac
1477 2334 1731 2393 nescium
1768 2336 2004 2407 repente
2033 2335 2261 2393 uenisse
2288 2336 2465 2408 atque
2492 2336 2577 2394 ita
2606 2352 2907 2409 regressus

650 2436 738 2495 tui
785 2440 1010 2511 tempus
1051 2438 1124 2497 ad
1167 2438 1275 2497 hoc
1321 2454 1448 2497 esse
1490 2438 1795 2507 libratum,
1854 2438 1921 2494 ut
1964 2437 2257 2509 insperata
2296 2436 2589 2497 celeritate
2634 2438 2905 2497 ueniendi

652 2540 1019 2616 intellegeres
1089 2544 1259 2616 atque
1333 2540 1656 2600 dinosceres
1726 2540 1997 2599 honorem
2072 2540 2373 2600 sacerdotii
2430 2541 2695 2602 caelestis
2752 2541 2905 2602 inter

651 2648 870 2704 ceteros
917 2646 1026 2704 tibi
1073 2645 1430 2718 potissimum
1481 2645 1829 2703 destinatum
1858 2645 1921 2702 et
1948 2643 2099 2716 quod
2128 2643 2379 2706 iussione
2407 2643 2637 2704 Domini
2664 2661 2901 2720 exspec-
2924 2665 2983 2706 πο

648 2749 810 2807 tatus
861 2749 1088 2807 uenires
1141 2750 1312 2821 atque
1362 2764 1691 2807 occurreres
1720 2749 2093 2806 reseruatum.
2139 2749 2205 2805 ut
2232 2747 2505 2807 ecclesiae
2534 2765 2671 2808 suae
2700 2747 2901 2809 Domi-

791 2984 820 3036 1
857 2983 1183 3050 derelinquit
1217 2983 1264 3036 Z
1513 2981 1770 3052 coniuges
1814 2983 1887 3036 Tt
2138 2983 2402 3036 adscissas
2440 2984 2501 3047 T,
2538 2984 2675 3038 assis
2712 2999 2801 3038 eos
2836 2983 2903 3047 Z,

649 3068 914 3122 adsciscas
951 3071 1013 3122 ut
1048 3069 1174 3121 Bal.
1215 3085 1286 3122 ex
1319 3085 1351 3121 r
1554 3069 1871 3138 exspectem]
1912 3071 2187 3138 expertum
2224 3087 2256 3123 υ
2462 3070 2499 3125 2
2534 3071 2741 3139 pariter
2774 3085 2897 3123 cum

647 3155 910 3209 fratribus
946 3171 980 3208 v
1205 3155 1479 3224 apersione
1516 3156 1568 3209 Z
1790 3156 2014 3209 luminis
2048 3157 2133 3210 tui
2170 3157 2431 3210 christum
2469 3158 2520 3210 Z
2746 3157 2783 3210 3
2818 3172 2899 3210 se-

647 3242 833 3311 quaris
868 3243 933 3306 Z,
967 3245 1032 3294 tu
1065 3241 1206 3294 enim
1244 3243 1481 3310 sequeris
1521 3243 1649 3296 Bal.
1686 3259 1757 3296 ex
1788 3259 1823 3296 r
2094 3243 2275 3296 lumen
2316 3245 2377 3306 T,
2416 3243 2565 3296 uitae
2598 3244 2779 3298 lumen
2818 3251 2898 3312 tp,

646 3328 827 3382 lumen
863 3327 1008 3381 uitae
1045 3328 1128 3383 Zv
1387 3329 1424 3382 4
1457 3343 1570 3381 esse
1605 3330 1779 3382 uitam
1816 3329 1881 3393 Z,
1918 3345 1973 3382 se
2008 3345 2121 3382 esse
2156 3329 2331 3383 uitam
2368 3329 2497 3384 Bal.
2746 3331 2783 3384 5
2818 3335 2903 3384 est

645 3429 749 3468 om.
787 3413 843 3466 Z
1099 3414 1462 3468 misericordia
1497 3415 1703 3468 domini
1740 3431 1803 3468 ac
1840 3415 1969 3468 Bal.
2006 3432 2075 3469 ex
2108 3431 2143 3468 r
2402 3417 2437 3469 6
2470 3417 2819 3471 accersitione
2852 3433 2901 3483 v,

643 3501 940 3554 accersione
975 3521 1030 3568 μ,
1067 3501 1362 3555 arcessione
1395 3502 1444 3555 Z
1728 3502 1893 3555 istam
1930 3517 2029 3556 om.
2067 3502 2122 3555 Z
2388 3503 2677 3570 proferrem
2716 3503 2767 3557 Τ

645 3585 679 3639 ’1
715 3587 1043 3656 contingerit
1078 3587 1195 3656 Ζμι
1435 3591 1496 3640 ut
1531 3589 1606 3658 et]
1646 3591 1709 3641 ut
1744 3608 1783 3655 μ
2032 3589 2337 3642 sanctorum
2374 3619 2439 3630 —-
2474 3589 2897 3660 deprecantium]

641 3674 1004 3741 yraeciemum
1036 3689 1155 3727 non
1197 3673 1514 3744 intelleqcna
1549 3675 1829 3728 Baluzius
1864 3691 1933 3728 ex
1967 3691 1999 3727 r
2032 3675 2161 3728 add.
2176 3695 2193 3728 :
2242 3673 2495 3744 coniungi
2526 3691 2733 3730 merear
2766 3679 2832 3730 ut

639 3759 677 3811 8
711 3758 976 3812 christum
1013 3759 1068 3813 Z
1221 3759 1304 3828 ut]
1341 3761 1399 3813 et
1430 3760 1521 3829 Ζμ
1678 3761 1747 3815 10
1780 3777 1889 3815 non
1924 3764 2107 3816 antem
2143 3761 2419 3831 putaueris
2456 3761 2583 3816 Bal.
2747 3778 2900 3831 prae-

644 3859 766 3897 sens
801 3847 992 3898 uotum
1025 3861 1128 3900 om.
1163 3846 1215 3900 Z
1573 3845 1804 3901 desideri
1837 3834 1924 3900 nfi
1958 3853 2037 3915 tn,
2074 3845 2292 3902 defideri
2325 3833 2415 3900 nri
2450 3847 2513 3912 Τ,
2551 3846 2677 3902 fidei
2710 3851 2903 3903 notrae

643 3931 740 3996 Ζυ,
773 3930 899 3984 fidei
921 3931 1050 3986 Bal.
1261 3932 1324 3986 11
1362 3933 1506 4003 inde]
1541 3933 1661 3988 inte
1685 3954 1723 4002 μ,
1934 3934 2003 3988 12
2036 3949 2130 3987 suo
2156 3949 2257 3987 om.
2282 3932 2413 3987 Bal.
2622 3933 2691 3988 13
2726 3950 2901 3988 exem—

641 4015 793 4085 plum
829 4017 934 4072 TZ
1132 4018 1363 4073 istorum
1399 4039 1438 4088 μ
1656 4019 1875 4089 opinato
1912 4019 2078 4084 T'Zt,
2110 4018 2391 4088 opinatum
2426 4019 2501 4073 Τι
2721 4020 2789 4074 14
2823 4021 2902 4075 al—

641 4104 778 4157 terio
815 4104 879 4171 T,
913 4105 1077 4159 astari
1111 4111 1149 4172 t,
1186 4105 1349 4159 altari
1383 4121 1480 4159 suo
1513 4123 1548 4161 v
1786 4105 2107 4174 necationis]
2142 4090 2411 4174 {canionis
2448 4107 2499 4160 Z
2708 4107 2774 4162 16
2811 4106 2903 4176 ad]

641 4205 705 4245 ac
739 4189 794 4244 Ζ
1088 4193 1152 4246 17
1186 4191 1295 4246 tibi
1329 4193 1542 4262 munus]
1579 4192 1845 4246 terminus
1880 4193 1935 4246 Z
2239 4191 2306 4246 18
2342 4191 2677 4246 liberandum
2714 4192 2767 4245 Z

641 4277 904 4346 inspirata
939 4279 1068 4334 Bal.
1105 4295 1176 4334 ex
1209 4296 1256 4344 r,
1295 4279 1559 4347 inspirate
1593 4279 1657 4342 Z,
1694 4279 1997 4347 inseparata
2032 4297 2071 4348 μ
2392 4277 2675 4332 alacritate
2711 4279 2767 4334 Z

640 4363 713 4417 20
746 4367 922 4418 cetera
955 4365 1012 4419 Z
1163 4365 1372 4419 uisione
1407 4383 1446 4434 μ
1599 4364 1669 4417 21
1704 4367 1977 4418 seruatum
2012 4363 2075 4430 Z,
2110 4365 2413 4418 reseruatus
2446 4381 2483 4420 v
2636 4363 2719 4432 ut]
2758 4365 2905 4420 enim

638 4448 768 4504 add.
803 4451 931 4506 Baz.
968 4467 1039 4506 ea:
1072 4467 1106 4504 r
1311 4467 1438 4504 suae
1473 4467 1573 4505 om.
1611 4449 1667 4504 Ζ
