3217 5150
1139 549 1228 604 De
1275 549 1703 619 Spectaculis
1748 565 1793 642 c.
1830 549 1967 603 7-9
2557 555 2664 618 ,11

422 711 754 773 clementiae.
799 711 1040 786 denique
1089 726 1318 770 remoue
1371 711 1766 784 spectatorem,
1820 707 2135 771 reddideris
2186 709 2519 772 uanitatem.
2574 709 2671 768 fu·

419 814 626 890 ginnas
649 818 788 876 sunt
815 815 932 877 ista
960 813 1290 878 chmfisnis
1318 811 1605 884 fidelibus,
1652 814 1719 872 ut
1747 811 1863 872 iam
1892 812 2219 886 frequentor
2245 811 2517 884 uiximus,
2547 814 2671 874 tam

419 935 587 990 uana,
615 921 738 978 tam
767 917 1104 993 perniciosa,
1133 919 1252 978 tam
1281 915 1562 990 sacrilega
1590 915 1951 988 spectacula:
1979 917 2043 976 et
2060 916 2207 978 oculi
2234 916 2417 978 nostri
2446 918 2583 976 sunt
2610 917 2672 976 et

419 1038 584 1084 aures
613 1022 1032 1082 custodiendae.
1057 1020 1168 1081 cito
1197 1020 1258 1079 in
1285 1021 1395 1082 hoc
1421 1019 1805 1082 assuescimus
1828 1020 1978 1092 quod
1998 1018 2279 1092 andimus,
2306 1019 2493 1080 celere
2520 1019 2582 1078 in
2609 1019 2672 1080 iu

377 1151 399 1190 s
419 1125 568 1200 quod
619 1125 896 1186 uidemus.
939 1141 1076 1184 nam
1125 1140 1253 1186 cum
1301 1139 1464 1184 mens
1515 1123 1763 1184 hominis
1812 1123 1887 1184 ad
1926 1121 2069 1184 uitia
2106 1123 2234 1196 ipsa
2262 1123 2509 1194 ducitur,
2558 1122 2671 1182 sibi

418 1227 556 1303 quid
583 1227 777 1300 faciet,
807 1229 860 1290 si
887 1227 1156 1288 habuerit
1183 1225 1482 1301 exempla?
1525 1228 1733 1288 natura
1759 1226 2013 1299 corporis
2042 1225 2264 1286 lubrica
2292 1243 2436 1300 quse
2466 1227 2671 1300 sponte

417 1331 628 1392 corruit
669 1332 806 1405 quid
833 1330 1030 1404 faciet,
1083 1330 1136 1390 si
1163 1329 1341 1392 fuerit
1369 1330 1619 1403 impulsa
1633 1333 1661 1390 ⁴?
1696 1329 2019 1390 auocandus
2051 1330 2139 1388 est
2166 1328 2391 1390 animus
2420 1329 2493 1390 ab
2518 1328 2669 1390 istis.

500 1435 694 1494 Habet
743 1434 1092 1494 christianus
1143 1435 1469 1508 spectacula
1517 1433 1751 1493 meliora
1770 1479 1786 1508 ‚
1841 1433 1891 1492 si
1942 1432 2087 1493 uelit
2100 1479 2115 1506 ,
2168 1433 2346 1492 habet
2396 1449 2565 1493 ueras
2614 1435 2673 1492 et
2692 1430 2731 1488 9

418 1538 744 1612 profuturas
773 1537 1100 1613 uoluptates
1114 1583 1129 1610 ,
1161 1538 1214 1597 si
1243 1554 1306 1598 se
1335 1537 1731 1612 recollegerit:
1762 1539 1821 1597 et
1842 1540 1907 1597 ut
1934 1536 2196 1598 omittam
2222 1537 2327 1596 illa
2348 1554 2495 1611 quae
2522 1555 2667 1598 non-

347 1665 400 1704 io
415 1643 550 1702 ‹lmn
604 1641 974 1715 contemplari
1031 1643 1224 1714 potest
1246 1685 1263 1713 ,
1314 1640 1491 1702 habet
1527 1640 1707 1700 istam
1746 1639 1945 1700 mundi
2002 1640 2440 1714 pulcritudinem
2494 1657 2667 1714 quam

415 1745 610 1804 uident
659 1746 832 1818 atque
881 1743 1137 1816 miretur,
1192 1743 1332 1804 solis
1373 1745 1560 1804 ortum
1605 1743 1869 1818 aspiciat,
1910 1760 2111 1804 rursus
2152 1759 2412 1804 occasum
2450 1741 2667 1802 mutuis

413 1847 636 1908 uicibus
676 1848 798 1907 dies
839 1849 1141 1921 noctesque
1185 1849 1544 1907 reuocantem
1558 1891 1574 1920 ‚
1616 1843 1855 1921 globum
1898 1848 2067 1908 lunae
2110 1850 2429 1920 temporum
2467 1862 2671 1906 cursus
2781 1843 2787 1850 ‘

410 1940 775 2010 incrementis
805 1949 926 2010 suis
957 1948 1430 2024 detrimentisqiie
1459 1951 1809 2024 signantem,
1842 1953 2127 2012 astrorum
2156 1951 2433 2010 micantes
2462 1950 2667 2010 choros

413 2057 473 2114 et
519 2053 748 2114 assidue
799 2053 868 2114 de
917 2069 1138 2114 summu
1185 2052 1506 2114 mobilitate
1557 2053 1847 2128 fulgentes
1873 2099 1888 2126 ,
1944 2055 2085 2114 anni
2134 2053 2315 2114 totius
2367 2069 2470 2127 per
2509 2054 2667 2113 uices

343 2181 392 2221 ιε,
409 2157 664 2218 membra
713 2156 903 2216 diuisa
953 2159 1012 2215 et
1075 2156 1198 2216 dies
1259 2155 1414 2229 ipsos
1476 2173 1604 2216 cum
1667 2156 1931 2218 noctibus
1992 2173 2093 2231 per
2151 2158 2417 2218 horarum
2482 2157 2672 2231 spatis.

411 2259 663 2334 digestos
701 2261 764 2318 et
799 2261 989 2320 terrae
1029 2258 1236 2320 molem
1273 2259 1542 2320 libratam
1583 2277 1713 2320 cum
1753 2259 2041 2320 montibus
2082 2263 2145 2322 et
2171 2259 2405 2334 profusa
2432 2259 2666 2318 flumina

409 2381 536 2424 cum
577 2363 696 2424 suis
737 2363 1014 2436 fontibus,
1046 2366 1282 2424 extensa
1307 2363 1490 2424 maria
1529 2381 1659 2424 cum
1702 2363 1825 2424 suis
1864 2363 2133 2424 fluctibus
2173 2366 2345 2437 atque
2372 2363 2664 2436 litoribus,

406 2466 635 2526 interim
695 2467 1052 2526 constantem
1107 2467 1325 2540 pariter
1377 2483 1598 2526 summa
1658 2467 2077 2542 conspiratione
2127 2467 2476 2540 nexibusque
2526 2483 2662 2526 con-

409 2570 630 2631 cordiae
683 2572 978 2629 extensum
1027 2586 1215 2631 aerem
1254 2569 1504 2631 medium
1541 2568 1831 2632 tenuitate
1874 2589 1979 2631 sua
2020 2573 2227 2632 cuncta
2278 2571 2659 2645 uegetzmtem,

337 2696 390 2737 zo
407 2691 556 2734 nunc
611 2674 822 2733 imbres
881 2674 1190 2733 contractis
1247 2674 1495 2733 nubibus
1550 2675 1989 2749 profundentem
2010 2719 2025 2746 ,
2084 2690 2235 2734 nunc
2294 2673 2660 2733 serenitatem

405 2778 620 2839 refecta
667 2778 906 2839 raritate
945 2780 1303 2839 reuocantem
1351 2780 1408 2839 et
1452 2779 1514 2838 in
1553 2780 1817 2840 omnibus
1859 2778 1991 2839 istis
2020 2778 2237 2839 incolas
2267 2776 2545 2853 proprios,
2598 2778 2661 2837 in

540 3014 572 3068 1
608 3017 992 3083 expe-statorem
1025 3030 1098 3085 νμ
1268 3012 1524 3069 redidcris
1560 3034 1619 3085 μ,
1655 3014 1957 3069 consideras
1998 3016 2049 3069 Z
2230 3016 2265 3069 2
2297 3014 2408 3069 iste.
2442 3032 2475 3070 a
2509 3014 2593 3069 Zv

401 3100 436 3154 3
470 3100 786 3169 perniciose]
823 3101 1117 3169 periculosa
1152 3101 1206 3155 Z
1423 3102 1540 3155 tam
1575 3119 1618 3155 s.
1654 3103 1957 3171 spectacula
1990 3117 2091 3157 om.
2130 3102 2183 3156 Ζ
2400 3118 2433 3156 a
2468 3102 2663 3171 quibus

401 3189 617 3255 pectora
663 3188 898 3254 (pectora
947 3202 1048 3241 om.
1103 3188 1160 3255 v)
1207 3188 1264 3241 et
1298 3188 1440 3243 oculi
1473 3190 1651 3243 nostri
1692 3204 1813 3243 cum
1846 3189 2065 3245 auribus
2102 3191 2178 3255 (et
2222 3204 2374 3243 aures
2408 3190 2462 3256 v)
2510 3189 2595 3243 Zv

399 3274 436 3328 4
468 3272 815 3328 custodienda
849 3274 903 3329 Z
1161 3273 1280 3345 hoc]
1319 3274 1376 3328 id
1411 3274 1461 3329 Z
1702 3275 1868 3331 celere
1900 3275 1960 3331 in
1994 3275 2053 3331 id
2084 3276 2285 3345 scripsi
2328 3275 2423 3343 (cf.
2458 3276 2661 3331 celer-us

407 3358 616 3414 Gruter
651 3362 772 3421 549,
800 3362 873 3424 6),
907 3360 1102 3414 scelere
1136 3375 1225 3429 νμ,
1261 3362 1318 3413 et
1351 3361 1575 3415 celerius
1598 3363 1666 3435 Ζ,
1702 3377 1803 3416 om.
1839 3379 1873 3417 v
2054 3360 2089 3417 5
2114 3360 2255 3431 quoti
2290 3360 2534 3415 uidemus
2557 3377 2659 3415 σπι.

400 3462 472 3515 τμ
617 3443 767 3499 ducit
803 3444 910 3499 sibi
945 3446 1010 3510 Z,
1047 3444 1274 3499 ducatur
1307 3462 1341 3501 v
1531 3447 1564 3501 6
1599 3449 1822 3502 naturae
1858 3464 1966 3517 mv
2152 3447 2388 3501 lubricae
2422 3463 2542 3517 νμυ,
2576 3448 2661 3501 lu·

397 3532 547 3587 brice
580 3534 664 3585 est
700 3532 756 3585 Z
955 3532 985 3585 7
1023 3533 1243 3602 corruit]
1279 3534 1531 3603 congruit
1567 3533 1624 3588 Z
1790 3534 2125 3589 abuocandus
2149 3535 2205 3588 Z
2402 3535 2503 3603 est]
2528 3534 2661 3591 aad.

399 3618 473 3673 Z:
507 3618 682 3687 igitur
713 3618 906 3681 omnis,
940 3617 1070 3673 add.
1095 3635 1158 3673 v.-
1191 3620 1366 3688 igitur
1500 3620 1536 3674 8
1558 3620 1665 3675 sibi
1689 3619 1854 3675 habet
1877 3621 1932 3675 Z
2063 3620 2391 3676 christianus
2412 3637 2513 3677 om.
2540 3622 2597 3679 Z

397 3705 432 3759 9
465 3704 819 3773 recollegerit]
855 3704 1227 3773 recognouerit
1259 3706 1345 3761 Zv
1549 3706 1811 3761 obmittat
1845 3708 1897 3760 Z
2102 3706 2171 3761 10
2202 3708 2400 3775 potest]
2436 3710 2661 3775 possunt

397 3790 482 3845 Ζυ
617 3790 684 3843 11
718 3804 932 3847 rursum
967 3791 1050 3844 Zr
1201 3790 1268 3849 12
1301 3793 1360 3845 et
1393 3792 1695 3860 temporum
1732 3794 1787 3847 Z
1933 3793 2004 3852 13
2025 3792 2475 3861 decrementisque
2508 3794 2591 3847 Zv

395 3878 630 3931 asterum
664 3891 712 3941 r,
749 3878 992 3931 austrum
1026 3895 1067 3945 μ
1287 3877 1576 3933 micantem
1609 3879 1725 3948 ψ’,
1760 3878 2075 3933 micantium
2109 3894 2143 3933 υ
2424 3880 2493 3933 14
2526 3879 2659 3934 assi·

397 3960 514 4031 due]
551 3978 586 4017 a
619 3977 828 4018 summa
859 3978 932 4032 νμ
1139 3979 1346 4018 summo
1381 3980 1456 4033 νμ
1663 3964 1955 4019 nobilitate
1988 3966 2042 4019 Ζ
2232 3966 2392 4037 uices]
2428 3964 2559 4021 aad.
2592 3981 2657 4021 o.-

394 4064 600 4105 summa
635 4046 700 4103 de
731 4065 938 4105 summo
1147 4049 1215 4103 16
1249 4052 1305 4103 et
1339 4051 1530 4120 terrae]
1569 4052 1745 4105 terrae
1780 4052 1862 4105 Zv
2065 4054 2121 4105 et
2155 4066 2257 4105 om.
2292 4052 2345 4105 Z
2534 4067 2658 4121 pro·-

393 4134 528 4189 flusa
560 4154 632 4204 ry,
640 4138 673 4199 ¹,
710 4135 916 4204 proflua
949 4152 983 4190 υ
1157 4136 1220 4190 17
1256 4136 1540 4191 lictoribus
1573 4138 1630 4193 Z
1800 4136 1868 4190 18
1902 4135 2139 4205 interim]
2177 4135 2319 4190 inter
2353 4136 2484 4191 haec
2518 4136 2657 4191 coni.

391 4220 663 4277 latinius
891 4226 1226 4279 constantem
1261 4240 1362 4279 om.
1399 4224 1452 4279 Z
1704 4225 1910 4293 pariter
1942 4239 2004 4277 ac
2038 4224 2092 4279 Z
2334 4223 2659 4293 aspiratione

391 4306 458 4371 Ζ,
494 4309 728 4377 conspici
761 4308 974 4363 ratione
1007 4324 1080 4379 νμ
1257 4326 1422 4365 nexus
1459 4310 1554 4379 qui
1588 4311 1644 4365 Z
1846 4310 1913 4365 19
1946 4312 2193 4365 extensus
2229 4311 2283 4364 Ζ
2482 4325 2657 4363 aerem

389 4392 646 4463 medium]
682 4393 852 4449 latere
886 4394 1063 4450 medio
1099 4397 1151 4450 Z
1354 4397 1426 4451 20
1459 4395 1748 4451 serenitate
1781 4412 1855 4466 νμ
2038 4397 2104 4451 21
2129 4398 2323 4451 rariter
2344 4400 2655 4453 euocantem

394 4493 466 4547 νμ
672 4480 814 4550 istis]
851 4480 959 4534 hiis
993 4480 1052 4535 Z
2132 4510 2151 4519 -
