3217 5150
1027 476 1368 531 Aduersus
1405 476 1699 531 Iudaeos
1746 493 1788 529 c.
1825 476 1974 559 2-3.
2504 481 2620 543 135

371 637 556 697 uertit
585 636 658 695 ad
686 636 858 710 idola,
890 639 949 696 et
976 635 1365 696 interficiendo
1407 634 1611 694 missos
1641 636 1713 694 ad
1742 651 1803 695 se
1832 636 2139 709 prophetas
2169 637 2268 710 qui
2299 638 2369 696 de
2400 637 2626 697 Christo

375 740 786 814 praedicabant
828 738 1030 799 exinde
1076 738 1371 799 consueuit
1411 738 1591 798 Israel
1636 739 1902 812 persequi
1932 737 2221 799 Christum
2262 755 2374 799 non
2401 741 2627 798 tantum

375 844 439 903 in
469 858 700 916 corpore
731 842 1124 901 aduenientem
1155 842 1253 900 sed
1278 841 1451 901 etiam
1475 859 1602 901 cum
1634 859 1669 900 a
1695 842 1990 915 prophetis
2012 842 2463 902 adnuntiaretur.
2497 843 2625 901 uni-

374 962 576 1005 uersos
599 946 810 1004 etenim
831 947 997 1004 uates
1018 944 1300 1019 persecuti
1329 946 1465 1003 sunt
1481 960 1700 1016 sucum,
1733 959 1802 1002 ex
1821 944 2028 1018 quibus
2050 946 2323 1019 quosdam
2344 945 2631 1019 lapidibus

327 1072 355 1110 s
374 1048 664 1123 insectati,
717 1048 862 1107 alios
901 1047 1134 1121 indigne
1165 1047 1534 1107 excruciando
1563 1048 1944 1120 peremerunt,
1976 1064 2088 1107 non
2116 1050 2235 1107 tam
2264 1048 2417 1122 ipsos
2447 1066 2629 1123 quam

371 1168 476 1226 per
505 1168 602 1211 eos
623 1149 924 1210 Dominum
953 1152 1144 1209 Iesum
1175 1150 1483 1210 Christum.
1516 1166 1661 1223 quae
1692 1150 1843 1209 enim
1870 1149 2042 1209 huius
2070 1151 2330 1224 probatio
2347 1155 2375 1209 ¹?
2408 1151 2627 1211 scilicet

375 1254 527 1326 quod
579 1252 938 1313 insimulatos
991 1252 1068 1328 [et
1097 1253 1320 1328 infidos]
1353 1256 1412 1312 et
1461 1252 1709 1327 perfidos
1760 1255 1819 1311 et
1860 1254 2158 1313 mendaces
2204 1256 2263 1311 et
2315 1253 2625 1313 contrarios

373 1356 592 1415 Christi
621 1356 993 1429 susceperint,
1024 1372 1190 1416 ueros
1222 1357 1412 1414 autem
1435 1358 1493 1415 et
1515 1354 1649 1414 fidei
1670 1354 1870 1430 plenos
1893 1356 2357 1431 inpugnauerint.
2390 1357 2624 1431 Moysen

371 1458 806 1531 maledicebant,
838 1458 1102 1532 quoniam
1135 1458 1427 1519 Christum
1457 1458 1859 1532 praedicabat:
1904 1460 2135 1518 Dathan
2164 1461 2448 1531 amabant,
2482 1478 2623 1533 quo-

306 1584 360 1623 10
377 1561 533 1620 niam
558 1560 849 1621 Christum
877 1578 992 1621 non
1019 1562 1419 1635 praedicabat:
1452 1562 1647 1621 Aaron
1678 1562 2079 1635 repudiabant,
2110 1562 2375 1636 quoniam
2408 1563 2623 1622 Christi

371 1664 809 1725 similitudinem
848 1664 1247 1739 praeferebat:
1306 1665 1526 1725 Abiron
1583 1666 2025 1739 constituebant,
2068 1666 2334 1740 quoniam
2393 1665 2621 1725 Christo

372 1768 836 1829 contradicebat:
909 1766 1097 1827 Dauid
1154 1769 1411 1843 oderant,
1472 1769 1739 1842 quoniam
1798 1768 2088 1828 Christum
2144 1769 2410 1828 canebat:
2488 1770 2621 1829 Saul

371 1873 745 1943 extollebant,
779 1871 1044 1945 quoniam
1074 1872 1364 1933 Christum
1394 1890 1506 1933 non
1528 1873 1884 1946 loquebatur.
1916 1874 2233 1933 Samuelem
2255 1873 2620 1948 respuebant,

371 1978 640 2054 quoniam
665 1976 954 2035 Christum
984 1975 1352 2049 loquebatur:
1385 1976 1562 2035 Cham
1591 1977 1917 2048 seruabant,
1948 1976 2095 2035 nihil
2118 1976 2268 2035 enim
2299 1978 2369 2036 de
2399 1976 2623 2036 Christo

293 2101 350 2141 ιε
371 2081 750 2156 loquebatur:
795 2078 1144 2138 Hieremiam
1174 2079 1506 2153 lapidabant
1537 2079 1827 2139 Christum
1856 2079 2297 2141 uaticinantem:
2340 2079 2621 2139 Ananiam

369 2182 694 2257 diligebant
739 2182 1032 2241 Christum
1079 2183 1508 2241 aduersantem:
1554 2182 1785 2241 Esaiam
1833 2183 2102 2242 secabant
2148 2183 2435 2243 Christum
2463 2185 2625 2243 uoci-

365 2286 683 2344 ferantem:
716 2285 1020 2344 Manassen
1049 2284 1496 2359 magnificabant
1526 2284 1813 2344 Christum
1842 2289 2309 2359 persequentem:
2352 2288 2621 2347 Ioannem

365 2388 770 2447 interimebant
801 2384 1090 2447 Christum
1122 2388 1637 2447 demonstrantem:
1685 2388 2015 2448 Zachariam
2054 2390 2421 2449 trucidabant
2452 2390 2621 2449 Chri-

363 2494 516 2551 stum
575 2490 943 2565 diligentem:
1008 2491 1208 2550 Iudam
1260 2489 1578 2564 diligebant
1630 2490 1919 2550 Christum
1970 2492 2307 2551 tradentem.

293 2636 350 2676 ιο
455 2612 676 2672 Videtis
706 2613 1175 2686 quemadmodum
1205 2610 1494 2672 Christum
1525 2612 1625 2685 qui
1655 2612 1904 2686 diligunt
1945 2612 2231 2685 odiuntur,
2284 2615 2383 2687 qui
2414 2613 2655 2672 odiunt3

368 2731 559 2775 amore
611 2715 858 2788 flagrant
909 2715 1060 2789 apud
1109 2714 1404 2789 indignam
1433 2714 1675 2790 plebem.
1728 2733 1761 2775 o
1804 2714 2177 2789 pertinaciam
2206 2717 2617 2788 persecutionis

369 2817 666 2892 indignam
719 2835 899 2891 usque
945 2817 1019 2876 ad
1061 2818 1260 2877 mortis
1292 2817 1853 2878 exterminationem:
1908 2835 2020 2878 non
2051 2817 2203 2877 enim
2230 2819 2621 2879 tantummodo

510 3102 539 3155 1
570 3102 964 3158 interficiendos
996 3104 1055 3169 Τ,
1081 3103 1322 3158 faciendo
1349 3105 1406 3158 B
1551 3107 1585 3158 2
1609 3105 1887 3160 consuebit
1910 3105 1961 3160 T
2093 3107 2130 3160 4
2152 3107 2430 3160 uniuersus
2459 3107 2563 3177 QT

365 3187 515 3242 uatis
554 3189 657 3259 QT
787 3205 910 3244 eum
945 3206 1044 3244 om.
1081 3207 1140 3255 v;
1174 3189 1310 3255 sort.
1348 3190 1719 3259 praedicantes
1755 3208 1877 3246 eum
1992 3193 2051 3246 in
2086 3193 2360 3263 lapidibus
2398 3194 2558 3264 BQT

361 3275 400 3328 5
433 3275 490 3326 et
524 3289 630 3329 non
670 3275 717 3345 Q
990 3276 1124 3345 tam]
1163 3277 1379 3330 tantum
1416 3275 1504 3330 Bv
1777 3293 1939 3346 quam
1974 3278 2183 3344 addidi,
2220 3278 2311 3333 sed
2345 3280 2403 3333 et
2434 3297 2484 3342 v,
2520 3296 2620 3334 om..

362 3359 525 3430 BQT
865 3362 900 3416 e
934 3343 1070 3415 dnTn‘
1097 3361 1269 3416 iesum
1312 3363 1374 3426 T,
1409 3345 1721 3434 ᾱῖὲΜῺι,
1749 3364 1893 3416 enim
1917 3349 2049 3418 <iffi
2080 3365 2190 3430 Μ’,
2226 3348 2353 3420 effi
2393 3365 2554 3436 0²30

362 3459 502 3513 quae
537 3446 699 3516 enim]
736 3448 998 3516 persecuti
1033 3450 1160 3501 sunt
1193 3449 1270 3503 M
1298 3449 1365 3503 in
1397 3463 1506 3502 rae.
1541 3465 1610 3502 m.
1647 3452 1689 3502 2
1724 3449 1883 3517 (quae
1918 3450 2063 3504 enim
2103 3452 2169 3522 Q)
2388 3454 2467 3505 rei
2501 3468 2622 3521 pro-

359 3529 512 3586 batio
549 3533 633 3586 est
666 3533 739 3587 M
770 3533 850 3587 rei
886 3539 937 3588 et
969 3535 1054 3586 est
1085 3549 1130 3588 ε.
1165 3535 1202 3588 l.
1239 3551 1312 3588 m.
1349 3537 1390 3588 2
1425 3532 1697 3603 (probatio
1737 3535 1805 3605 Q)
2175 3537 2206 3590 7
2244 3553 2305 3592 eo
2344 3539 2487 3606 quod
2521 3554 2555 3592 v

359 3619 734 3674 insimultatos
771 3621 827 3674 B
1151 3625 1208 3675 et
1244 3621 1435 3676 infidos
1471 3639 1572 3676 om.
1614 3622 1661 3693 Q
1988 3627 2043 3678 et
2076 3626 2171 3696 ιιι.)
2210 3626 2485 3680 mendaces
2522 3641 2556 3678 v

361 3705 398 3760 9
435 3705 566 3774 quia
601 3706 864 3760 christum
905 3709 957 3763 T
1114 3708 1180 3762 10
1216 3708 1588 3777 repudiabant]
1626 3710 1686 3763 in
1721 3710 2018 3764 sacerdotio
2052 3711 2183 3766 add.
2224 3711 2319 3783 Qv,
2357 3711 2415 3765 in
2450 3727 2621 3764 sacer-

360 3789 546 3845 dotem
583 3793 638 3845 B
847 3794 912 3846 11
947 3793 1254 3862 proferebat
1290 3794 1346 3847 B
1353 3794 1400 3864 Q
1607 3795 1949 3850 constiebant
1988 3799 2040 3852 T
2255 3797 2321 3850 13
2357 3796 2619 3851 christum

362 3891 469 3929 non
506 3877 578 3944 B,
616 3877 682 3931 de
717 3877 920 3932 christo
957 3878 1097 3932 nihil
1137 3880 1199 3951 Q,
1237 3879 1498 3934 christum
1536 3880 1589 3934 T
1861 3883 2149 3936 samuelem
2178 3923 2190 3934 .
2220 3919 2233 3934 .
2261 3923 2275 3936 .
2302 3881 2622 3950 loquebatur

363 3978 467 4019 om.
507 3964 666 4035 BQT
913 3966 981 4019 14
1016 3966 1190 4036 cham]
1227 3983 1374 4036 agag
1407 3969 1549 4022 com'.
1585 3967 1871 4022 Pamelius
2122 3969 2189 4023 15
2224 3970 2513 4023 annaniam
2552 3970 2613 4033 T,

360 4049 594 4103 ananian
633 4051 680 4121 Q
872 4052 936 4106 16
973 4051 1174 4106 christo
1211 4053 1332 4107 adu.
1370 4069 1404 4107 υ
1595 4054 1661 4107 17
1697 4070 1943 4108 manasse
1976 4071 2011 4109 v
2193 4055 2456 4109 christum
2492 4073 2543 4125 p.
2580 4056 2617 4108 i.

360 4133 750 4189 interimebant
783 4152 887 4190 om.
927 4137 973 4208 Q
1196 4138 1474 4209 christum]
1512 4138 1670 4193 deum
1704 4139 1761 4193 B
1971 4140 2038 4194 18
2072 4141 2463 4196 interemebant
2502 4143 2553 4197 Τ

357 4219 434 4273 20
467 4221 562 4288 qui
598 4221 790 4276 odiunt
823 4239 922 4276 om.
966 4223 1066 4294 QT
1304 4225 1373 4279 21
1409 4240 1641 4279 amorem
1682 4226 1729 4296 Q
1957 4226 2203 4297 fraglant
2238 4244 2307 4282 ex
2342 4227 2619 4296 fraglenta

357 4307 426 4371 Τ,
462 4307 678 4378 fragent
713 4310 801 4374 M,
836 4309 1090 4380 frangent
1128 4311 1190 4381 Q,
1228 4311 1492 4382 plangent
1526 4312 1583 4366 B
1788 4314 1859 4367 22
1892 4317 2121 4373 mortem
2158 4314 2215 4368 Β
