3217 5150
746 524 839 578 De
873 524 1380 593 singularitate
1414 522 1821 578 clericorum
1857 537 1902 577 c.
1939 522 2163 577 23—25.
2439 527 2573 589 -201

319 686 566 750 crimine
595 689 698 745 aut
727 684 914 759 ignari
945 683 1281 757 deputemur
1309 681 1372 741 in
1401 682 1687 742 reddendo
1717 680 2011 753 rationem,
2066 683 2133 741 ut
2183 679 2411 755 publice
2439 680 2580 740 uicti

317 788 732 867 paenitentiam
751 788 974 863 gerant:
1005 788 1109 845 aut
1127 785 1180 845 si
1201 783 1508 857 noluerint,
1533 800 1639 844 nos
1662 782 2034 858 expunximus
2058 784 2209 858 quod
2230 785 2306 844 ad
2326 785 2583 843 nostram

320 894 578 969 pertinet
621 888 1002 965 diligentiam,
1031 891 1100 947 ut
1127 888 1402 963 quomodo
1433 885 1815 947 satisfecimus
1846 904 2019 961 snpra
2046 886 2233 947 dictae
2262 888 2580 947 sententiae
2644 964 2653 977 Ι

321 995 658 1067 Salomonis,
711 994 796 1054 ita
819 991 1248 1053 satisfaciamus
1277 989 1454 1051 etiam
1482 989 1667 1051 Paulo
1696 990 1951 1064 apostolo
1994 990 2383 1050 concionanti:
2440 1006 2583 1051 ser·

281 1116 518 1173 suum,
586 1097 810 1171 inquit,
878 1094 1164 1156 Domini
1229 1110 1370 1154 non
1411 1096 1710 1167 oportet
1753 1093 2099 1168 litigare,
2154 1094 2279 1154 sed
2336 1094 2581 1154 mitem

319 1218 486 1265 esse
516 1202 603 1262 ad
629 1216 878 1261 omnes
907 1198 1310 1259 docibilem
1339 1197 1783 1272 patientem,
1814 1214 1967 1259 cum
1994 1196 2187 1257 omni
2214 1197 2581 1258 modestia

313 1304 852 1380 corripientem
897 1318 1018 1362 eos
1061 1302 1194 1376 qui
1235 1298 1641 1374 resistunt,
1686 1318 1768 1361 ne
1798 1300 1995 1361 forte
2024 1301 2147 1359 det
2187 1299 2359 1360 illis
2387 1302 2581 1361 Deus

315 1407 860 1485 paenitentiam
923 1407 1012 1466 ad
1077 1404 1650 1480 cognoscendam
1722 1404 2115 1463 'ueritatem
2170 1406 2243 1465 et
2306 1403 2576 1478 resipi-

317 1514 532 1571 scant
575 1512 656 1571 de
701 1507 988 1569 diaboli
1031 1508 1340 1582 laqueis,
1387 1526 1424 1567 a
1462 1524 1598 1583 quo
1642 1506 1927 1581 captiui
1954 1509 2300 1568 tenentur
2328 1525 2577 1568 secun·

242 1614 483 1675 rodum
525 1613 682 1674 eius
723 1612 1210 1674 uoluntatem.

405 1718 586 1777 Omne
616 1716 888 1792 quicquid
917 1718 992 1777 ab
1020 1716 1346 1776 auctoribus
1375 1716 1590 1777 nostris
1648 1720 1875 1791 gestum
1906 1718 1998 1775 est
2026 1716 2447 1778 rationabiliter
2472 1732 2575 1791 ge·
2600 1707 2681 1768 25

315 1821 572 1893 rebatur,
625 1822 693 1879 ut
719 1819 966 1894 posteris
999 1819 1168 1880 nobis
1220 1820 1495 1879 aduersus
1547 1820 2035 1893 praeuaricatores
2078 1817 2303 1879 munita
2328 1818 2578 1894 undique

313 1924 634 1985 auctoritas
663 1923 1006 1983 traderetur.
1063 1926 1297 1996 propter
1347 1922 1633 1983 haeresim
1662 1923 2088 1997 anticipandam
2118 1940 2289 1997 quam
2316 1922 2579 1997 superius

317 2027 642 2087 tenuimus
671 2025 742 2087 de
772 2026 1138 2085 adsumendis
1167 2024 1396 2086 feminis
1445 2025 1569 2086 siue
1597 2041 1703 2099 per
1730 2028 1913 2085 semet
1938 2026 2128 2100 ipsum
2158 2026 2281 2087 siue
2326 2040 2428 2100 per
2457 2042 2577 2085 ser-

242 2148 298 2189 15
319 2146 428 2191 uos
455 2146 590 2191 suos
618 2129 900 2189 Dominus
928 2130 1224 2203 paululum
1254 2128 1554 2203 relaxauit,
1609 2146 1681 2189 ne
1708 2129 1883 2189 nimio
1910 2129 2099 2204 rigore
2144 2128 2205 2188 in
2250 2131 2433 2189 totum
2462 2129 2579 2190 Do-

319 2234 462 2295 mini
492 2233 710 2293 fabrica
738 2233 1124 2293 damnaretur.
1155 2232 1637 2313 praeuidebantur
1666 2250 1701 2293 a
1723 2232 1963 2293 Domino
1992 2232 2271 2293 haeretici
2302 2234 2402 2307 qui
2429 2248 2577 2305 nup-

319 2336 436 2397 tias
487 2336 754 2396 auferunt
811 2338 875 2395 et
921 2352 1065 2409 quos
1095 2336 1370 2396 Dominus
1421 2336 1608 2395 iunxit
1636 2340 1837 2397 contra
1878 2338 2117 2396 naturae
2146 2336 2491 2411 principium
2518 2338 2579 2397 et

322 2442 524 2501 contra
549 2439 915 2514 euangelium
945 2456 1212 2514 separare
1242 2440 1613 2500 contendunt.
1661 2440 1871 2515 quibus
1914 2439 2264 2499 interdicens
2294 2440 2407 2499 iam
2440 2443 2579 2501 tunc

321 2543 638 2606 auctoritas
679 2544 994 2618 parabatur
1007 2589 1022 2616 ‚
1075 2560 1146 2604 ne
1176 2542 1478 2604 maritatae
1519 2543 1792 2604 mulieres
1822 2544 2086 2604 accedere
2118 2544 2453 2604 uetarentur
2502 2544 2577 2604 ad

241 2662 306 2702 se
323 2647 614 2708 Christum
633 2693 648 2721 ,
693 2648 786 2707 cui
815 2647 880 2706 in
907 2649 1238 2721 praesentia
1267 2648 1607 2708 seruierunt.
1640 2648 1745 2708 sed
1772 2665 1885 2708 non
1908 2647 2033 2708 sine
2058 2647 2443 2708 moderamine
2464 2647 2579 2707 fuit

321 2750 504 2812 etiam
531 2751 662 2824 ipsa
689 2751 988 2826 permissio
1019 2753 1342 2824 procurata,
1371 2769 1517 2826 quae
1546 2768 1662 2811 non
1692 2751 1803 2811 sibi
1834 2751 2180 2825 operabatur
2223 2751 2325 2810 sed
2366 2749 2575 2811 ceteris

313 2855 472 2929 quod
499 2855 754 2929 gerebat.
785 2871 921 2916 nam
950 2855 1002 2914 si
1032 2853 1332 2915 adlocutus
1359 2857 1453 2914 est
1483 2855 1759 2914 Dominus
1789 2853 2209 2914 Samaritanam
2226 2897 2241 2926 ,
2274 2854 2349 2912 ad
2378 2854 2578 2914 horam

323 2956 520 3019 docuit
569 2961 628 3018 et
677 2957 916 3018 recessit
959 2975 1065 3018 nec
1093 2949 1480 3019 defensionem
1512 2957 1913 3018 continuandis
1943 2957 2275 3018 excessibus
2306 2957 2466 3017 fecit.
2499 2958 2575 3016 ad

316 3059 524 3121 horam
553 3057 842 3122 Mai-'tham
871 3079 1094 3137 quoque
1122 3077 1329 3134 passus
1358 3064 1448 3122 est
1475 3062 1925 3123 ministrantem.
1958 3063 2061 3123 sed
2092 3061 2233 3137 quid
2260 3063 2389 3121 erat
2417 3060 2578 3122 aliud

233 3178 294 3220 ἐ
314 3163 556 3224 Domino
585 3165 700 3224 nisi
727 3165 891 3240 regni
921 3165 1186 3226 caelestis
1216 3165 1458 3240 prandia
1483 3167 1809 3227 ministrare
1824 3170 1855 3226 ’ἓ
1886 3166 2164 3240 numquid
2194 3167 2301 3226 sub
2332 3165 2573 3226 Domino

309 3283 433 3327 non
459 3267 619 3328 fuere
649 3268 956 3328 conuiuia?
1001 3271 1105 3330 aut
1135 3271 1243 3329 sub
1271 3271 1575 3330 maiestate
1601 3270 1727 3330 eius
1756 3273 1883 3330 erat
1912 3269 2062 3330 alius
2092 3271 2263 3344 potus
2288 3273 2392 3330 aut
2412 3269 2575 3330 cibus

313 3385 488 3442 quam
517 3369 824 3445 disciplina
849 3374 1242 3434 tantummodo
1270 3391 1416 3448 quae
1446 3375 1721 3447 pascebat
1734 3379 1763 3434 ’ἒ
1808 3376 2061 3434 testante
2090 3373 2215 3446 ipso
2246 3371 2484 3434 Domino
2514 3375 2575 3432 et

313 3471 570 3534 dicente:
603 3491 798 3534 meus
834 3475 1042 3535 cibus
1071 3479 1290 3537 estut
1335 3477 1600 3538 faciam
1646 3477 2107 3538 uoluntatem
2136 3476 2293 3537 eius
2324 3476 2447 3550 qui
2472 3493 2575 3538 me

451 3712 488 3765 4
521 3711 580 3766 H
615 3712 754 3768 Tim.
790 3713 844 3778 2,
877 3713 1101 3768 24—26.
1308 3713 1379 3768 28
1414 3714 1492 3768 Io.
1527 3715 1581 3778 4,
1616 3713 1701 3769 34.

455 3929 486 3980 1
521 3926 845 3997 deputentur
878 3929 919 3980 2
941 3926 1108 3983 ὀοᾶᾱ.
1147 3928 1380 3984 Βαῑαιὶί
1644 3928 1681 3982 4
1713 3927 1881 3981 etiam
1917 3943 2019 3982 om.
2054 3943 2089 3982 v
2300 3975 2305 3982 .
2340 3927 2573 3996 apostoli

321 4013 690 4068 concionantis
733 4014 778 4069 Ο
785 4016 803 4044 ¹
1010 4013 1041 4067 7
1077 4015 1358 4084 resistunt]
1395 4015 1625 4069 ueritati
1660 4014 1789 4068 add.
1825 4031 1861 4069 v
2066 4013 2155 4068 illi
2198 4015 2246 4069 G
2439 4014 2474 4070 9
2508 4013 2579 4076 de.

321 4101 382 4164 0,
420 4115 454 4153 a
474 4115 508 4154 v
714 4099 782 4153 13
803 4099 1206 4170 anticipandam
1236 4100 1294 4164 0,
1333 4100 1723 4170 amputandam
1746 4116 1780 4155 v
1984 4099 2051 4153 14
2084 4099 2151 4154 de
2184 4099 2231 4155 Ο
2251 4116 2293 4154 e.
2318 4101 2355 4154 l.
2379 4115 2449 4154 m.
2472 4103 2511 4156 2

315 4185 536 4240 feminis
572 4201 734 4254 quam
766 4201 801 4239 v
1040 4187 1108 4240 17
1144 4187 1284 4254 quod
1325 4187 1372 4242 G
1608 4186 1678 4242 19
1712 4184 1949 4241 accidere
1992 4185 2041 4242 G
2275 4186 2348 4240 20
2382 4186 2469 4241 cui
2515 4187 2575 4252 G,

313 4272 412 4341 qni
443 4287 480 4326 v
626 4271 695 4326 22
730 4271 872 4341 quod
907 4270 1128 4342 gerebat
1161 4272 1254 4327 sed
1287 4274 1480 4328 ceteris
1513 4289 1546 4329 v
1684 4273 1829 4341 quod
1862 4289 1934 4328 cx
1968 4288 2099 4341 quos
2143 4271 2190 4327 Ο
2322 4272 2371 4326 si
2402 4287 2452 4325 a.
2488 4276 2575 4327 est

319 4359 379 4424 0,
418 4359 494 4414 sic
527 4359 794 4414 allocutus
828 4375 861 4414 v
997 4359 1068 4414 24
1100 4359 1370 4414 martham
1404 4375 1671 4430 quamque
1706 4363 1801 4429 (ex
1825 4373 2065 4430 quaeque
2085 4375 2155 4414 m.
2180 4361 2241 4426 2)
2273 4360 2328 4425 0,
2364 4371 2573 4426 quoque

307 4461 436 4502 nno
573 4431 755 4500 25dn‘i
780 4445 847 4501 0¹
985 4445 1188 4500 meins
1205 4461 1306 4500 om.
1333 4445 1379 4502 0
1515 4445 1667 4500 cibus
1686 4447 1783 4501 aut
1800 4447 2010 4515 potusv
2146 4445 2289 4500 avet
2314 4443 2505 4511 0,acv
