3217 5150
695 529 820 595 216
1634 521 2004 592 Appendix.

691 685 1030 758 promittens
1059 682 1332 743 Dominus
1373 684 1434 741 in
1485 684 1771 753 futurum,
1833 680 1954 754 qui
1996 680 2205 755 digni
2270 680 2664 755 habentur,
2734 679 2948 755 inquit,

692 787 979 847 saeculi
1045 786 1262 844 illius
1305 790 1378 844 et
1422 784 2002 845 resurrectionis
2062 802 2098 843 a
2152 782 2499 856 mortuis,
2546 798 2781 856 neque
2823 799 2945 840 nu·

691 892 868 949 bent
911 906 1141 963 neque
1170 888 1578 959 nubentur,
1627 904 1857 961 neque
1886 887 2073 945 enim
2103 886 2537 946 morientur.
2582 902 2737 945 nam
2769 886 2947 945 sunt

689 993 988 1052 similes
1053 991 1351 1065 angelis
1409 992 1566 1051 Dei:
1638 991 1811 1065 quia
1875 989 2464 1049 resurrectionis
2523 989 2681 1049 filii
2750 990 2943 1049 sunt.

687 1097 795 1155 hoc
826 1096 1006 1169 exigit
1037 1098 1238 1154 sancta
1268 1095 1643 1168 singularitas
1674 1095 2023 1165 meritorum,
2072 1096 2137 1152 ut
2166 1096 2471 1167 antequam
2495 1093 2981 1167 transfiguretnrs

687 1198 802 1258 iam
855 1198 1266 1272 transfigurata
1318 1200 1583 1257 cernatur
1631 1198 1692 1255 in
1744 1196 2037 1270 angelicae
2090 1196 2375 1256 claritatis
2420 1193 2732 1269 aspectum,
2794 1210 2935 1271 quae

687 1302 874 1361 omnia
927 1302 1037 1361 sibi
1090 1304 1391 1374 amputans
1445 1301 1937 1375 concupiscentiae
1970 1300 2278 1360 certamina
2308 1300 2716 1373 depraedatur:
2780 1298 2937 1357 cuius

684 1403 884 1465 laudes
915 1405 1178 1464 Salomon
1207 1405 1541 1478 exsequitur
1572 1403 1797 1463 dicens:
1844 1402 2111 1461 melius
2158 1405 2273 1461 est
2316 1420 2483 1463 esse
2532 1401 2691 1461 sine
2736 1400 2936 1461 filiis

683 1525 836 1567 cum
869 1507 1260 1567 cla-ritate.
1322 1507 1835 1567 inmortalitas
1866 1509 1977 1565 est
2007 1506 2195 1566 enim
2225 1508 2297 1566 in
2326 1506 2669 1566 memoria
2697 1505 2935 1576 illius,

683 1626 862 1685 quae
930 1613 1001 1668 et
1067 1611 1254 1684 apud
1295 1611 1515 1669 Deum
1583 1613 1759 1669 nota
1824 1612 1935 1669 est
2009 1612 2079 1670 et
2125 1610 2315 1684 apud
2358 1611 2707 1669 homines.
2784 1626 2997 1669 cumin

681 1730 1042 1789 praesens
1086 1716 1199 1774 est
1257 1712 1651 1773 imitantur
1705 1713 1943 1785 illam,
1992 1716 2063 1772 et
2115 1713 2547 1773 desiderant
2592 1729 2737 1770 eam
2787 1728 2937 1771 cum

683 1832 756 1875 se
829 1817 1252 1876 abduxerit:
1331 1819 1401 1876 et
1458 1816 1531 1875 in
1601 1818 2031 1891 perpetuum
2104 1819 2458 1876 coronata
2530 1816 2940 1891 triumphat

681 1919 1405 1993 incoinquinatorum
1453 1920 1930 1979 certaminum
1973 1920 2343 1993 proelium
2386 1919 2710 1979 uincens.

577 2033 656 2091 41
765 2020 896 2079 Non
927 2026 1018 2081 est
1046 2023 1168 2081 sine
1199 2022 1337 2081 filiis
1370 2040 1496 2081 cum
1525 2023 1791 2082 claritate
1836 2022 1951 2081 nisi
1994 2022 2371 2097 singularitas
2424 2022 2565 2094 sola,
2620 2040 2791 2098 quam
2820 2038 2933 2081 non

683 2123 873 2181 solum
902 2126 1250 2185 conscientia
1280 2142 1386 2185 sua
1430 2124 1608 2185 nullis
1640 2126 1904 2185 sordibus
1935 2126 2201 2199 maculat,
2255 2128 2359 2186 sed
2388 2126 2561 2185 etiam
2588 2126 2781 2185 nullae
2810 2124 3001 2199 opi-1⁵

680 2224 882 2285 niones
915 2230 1212 2301 suspectae
1242 2227 1558 2304 parilitatis
1587 2228 1887 2289 infamant.
1949 2247 2083 2289 nam
2134 2230 2187 2289 si
2216 2230 2452 2289 castitas
2480 2230 2632 2303 qnod
2662 2232 2751 2289 est
2780 2230 2932 2288 diffi-

686 2328 796 2387 cile
827 2330 1141 2389 masculum
1172 2332 1232 2390 et
1261 2331 1528 2391 feminam
1557 2332 1777 2405 pariter
1806 2334 1867 2390 in
1896 2332 2232 2405 uirginitate
2263 2335 2577 2405 conseruet,
2622 2350 2735 2393 non
2764 2333 2937 2393 habet

685 2431 1028 2505 claritatem,
1063 2452 1233 2508 quam
1265 2436 1643 2497 communitas
1666 2436 1793 2509 ipsa
1820 2452 1933 2496 non
1962 2437 2156 2509 potest
2184 2436 2296 2495 nisi
2327 2436 2667 2509 quibusdam
2694 2438 2933 2510 probro-

681 2536 919 2596 sitatum
951 2536 1203 2598 tenebris
1235 2539 1557 2600 obscurare.
1597 2539 1973 2614 singularitas
2004 2555 2138 2602 uero
2170 2538 2253 2599 ita
2282 2540 2437 2600 clara
2466 2537 2558 2600 est
2579 2539 2840 2601 omnibus
2869 2541 2928 2600 et

680 2643 896 2712 exerta,
942 2644 1008 2700 ut
1037 2643 1258 2700 cunctis
1290 2643 1588 2717 splendore
1618 2644 1710 2702 sui
1740 2644 2001 2704 candoris
2032 2662 2174 2719 pura
2203 2643 2602 2702 manifestetur
2632 2645 2691 2702 et
2718 2643 2927 2702 lucida.
2946 2661 2994 2702 ω

676 2744 827 2801 unde
857 2761 962 2802 nos
993 2743 1078 2803 sic
1107 2746 1405 2818 apostolus
1435 2748 1633 2806 edocet
1679 2747 1905 2808 dicens:
1968 2750 2167 2808 sicut
2224 2746 2384 2806 filii
2443 2746 2634 2806 lucis
2694 2747 2930 2806 ambu-

675 2843 868 2904 late:
932 2846 1224 2906 fructus
1289 2848 1486 2908 enim
1551 2849 1864 2909 luminis
1930 2853 2047 2911 est
2111 2853 2183 2912 in
2239 2851 2428 2912 omni
2472 2849 2819 2911 bonitate
2864 2851 2933 2908 et

675 2946 984 3007 iustitia
1075 2952 1146 3009 et
1221 2951 1580 3024 ueritate,
1648 2953 2055 3026 probantes
2115 2956 2304 3028 quod
2376 2954 2933 3028 beneplacitum

675 3049 776 3109 sit
833 3050 993 3112 Deo.
1057 3056 1116 3112 et
1171 3053 1413 3126 iterum,
1475 3055 1740 3130 omnia,
1816 3056 2024 3131 inquit,
2106 3058 2346 3118 facite
2406 3057 2565 3117 sine
2622 3073 2931 3117 murmu-

669 3153 966 3212 ratione
1027 3159 1102 3214 et
1142 3156 1683 3232 haesitatione,
1732 3164 1812 3219 ut
1856 3160 2039 3220 sitis
2082 3159 2825 3236 inreprehensibiles
2857 3161 2995 3220 etas

669 3255 1062 3329 simplices
1107 3257 1304 3318 sicut
1348 3258 1514 3320 filii
1558 3260 1687 3320 Dei
1732 3261 2191 3324 immaculati
2221 3264 2293 3324 in
2322 3263 2550 3324 medio
2594 3263 2933 3322 nationis

671 3376 941 3433 prauae
969 3364 1045 3420 et
1073 3378 1498 3436 peruersae,
1543 3365 1748 3426 inter
1779 3384 1953 3442 quos
1983 3368 2263 3428 lucetis
2295 3369 2491 3429 sicut
2533 3368 2934 3428 luminaria

807 3561 836 3613 1
872 3559 998 3615 Luc.
1042 3561 1128 3628 20,
1162 3563 1246 3616 35.
1282 3563 1364 3617 36.
1700 3567 1735 3619 8
1772 3567 1891 3636 Sap.
1925 3568 1979 3633 4,
2020 3570 2067 3622 1.
2103 3569 2155 3621 2.
2509 3569 2579 3621 21
2613 3567 2749 3636 Eph.
2786 3568 2838 3632 5,
2878 3567 2925 3621 8.

664 3645 736 3700 24
772 3645 914 3700 Phil.
951 3648 1002 3712 2,
1041 3647 1124 3702 14.
1163 3650 1243 3704 15.

811 3838 838 3889 1
878 3836 1129 3904 promisit
1166 3838 1214 3893 C
1223 3841 1238 3868 ¹
1447 3840 1504 3894 in
1539 3855 1641 3894 om.
1679 3857 1713 3895 v
1930 3839 2113 3909 inquit
2147 3839 2415 3894 habentur
2448 3857 2482 3896 v
2688 3841 2723 3894 2
2759 3856 2929 3909 neque

665 3921 726 3986 Ο,
765 3937 872 3976 non
907 3939 939 3975 v
1179 3923 1386 3978 nubent
1421 3941 1493 3980 ex
1525 3926 1739 3980 nubunt
1782 3927 1829 3982 0
1860 3943 1931 3980 m.
1967 3929 2007 3980 2
2249 3927 2284 3980 ὁ
2318 3926 2633 3981 meritorum
2671 3926 2731 3990 Ο,
2769 3927 2928 3982 cleri·

664 4024 846 4062 corum
886 4026 916 4062 v
1156 4011 1190 4066 9
1225 4012 1613 4067 immortalitas
1649 4030 1719 4068 ex
1754 4013 2054 4068 inmortalis
2100 4013 2147 4068 0
2175 4030 2245 4068 m.
2282 4017 2319 4068 2
2584 4014 2653 4068 10
2687 4029 2823 4082 quae
2869 4013 2929 4078 0,

664 4093 794 4162 qnia
828 4110 861 4146 v
1093 4097 1158 4152 12
1193 4097 1404 4152 duxerit
1440 4099 1486 4154 Ο
1710 4103 1767 4153 et
1803 4099 1850 4155 C
1881 4116 1923 4153 8.
1961 4099 1994 4152 l.
2032 4117 2101 4153 m.
2138 4103 2175 4154 2
2405 4101 2473 4152 15
2505 4099 2753 4154 cordibus
2791 4100 2860 4156 0¹

663 4179 732 4232 16
765 4178 1080 4265 parilitatis⁸
1108 4183 1166 4248 0,
1201 4183 1535 4254 pluralitatis
1573 4201 1607 4239 v
1782 4186 1847 4240 17
1883 4201 1989 4240 non
2024 4185 2323 4241 delendum
2358 4192 2537 4241 censet
2572 4188 2857 4242 Pamelius

664 4265 730 4318 18
765 4265 945 4335 quam]
985 4282 1090 4334 quo
1127 4269 1174 4324 0
1205 4269 1301 4323 sed
1333 4257 1366 4324 ’ὃ
1403 4271 1468 4325 in
1502 4287 1616 4327 ras,
1650 4287 1718 4326 m.
1756 4275 1794 4327 2
1978 4273 2043 4328 19
2080 4271 2348 4326 obscurari
2387 4287 2455 4325 ex
2492 4271 2770 4328 obscurere
2815 4273 2861 4328 G

657 4351 726 4404 21
765 4350 842 4404 sic
877 4367 972 4406 nos
1009 4369 1042 4406 v
1215 4355 1285 4409 23
1319 4355 1450 4424 quid
1495 4356 1562 4412 0²
1735 4357 1805 4412 25
1840 4358 2201 4412 haesitatione
2237 4374 2307 4412 ex
2341 4357 2609 4412 haesitato
2654 4359 2701 4415 0
2718 4375 2787 4412 m.
2816 4361 2859 4412 2

657 4436 732 4492 27
772 4435 998 4490 luceatis
1046 4438 1117 4494 0¹
