3217 5150
645 514 772 580 248
1334 568 1348 581 ,
1586 510 1955 581 Appendix.

976 1042 1162 1141 XV.
1225 1042 1370 1141 DE
1433 1040 1871 1141 PASCHA
1934 1038 2541 1141 coMPVTVS.

581 1462 613 1521 1
721 1442 913 1525 Multo
944 1465 1172 1540 quidem
1203 1481 1316 1523 non
1343 1464 1562 1523 modico
1593 1464 1846 1539 tempore
1876 1462 2031 1523 anxii
2050 1462 2297 1540 finimus
2326 1468 2387 1523 et
2415 1466 2747 1525 aestuantes
2777 1480 2891 1523 non

634 1568 695 1627 in
737 1568 1127 1629 saecularibus
1181 1567 1281 1627 sed
1323 1566 1384 1625 in
1431 1566 1650 1627 sanctis
1690 1570 1753 1627 et
1801 1566 2013 1626 diuinis
2064 1565 2367 1642 scripturis
2408 1568 2747 1642 quaerentes
2792 1566 2886 1625 in·

635 1671 850 1743 uenire,
904 1670 1166 1748 quisnam
1209 1671 1363 1730 esset
1417 1670 1634 1745 primus
1665 1670 1787 1730 dies
1818 1668 1950 1730 noui
1980 1668 2211 1742 mensis,
2264 1669 2326 1729 in
2354 1686 2465 1745 quo
2494 1686 2687 1729 mense
2717 1686 2887 1745 prae-

630 1777 858 1849 ceptum
887 1776 977 1835 est
1005 1772 1234 1835 Iudaeis
1262 1774 1322 1833 in
1351 1774 1615 1850 Aegypto
1665 1789 1769 1849 pro
1798 1772 1973 1833 xlm
2000 1773 2140 1832 luna
2168 1772 2459 1833 immolare
2486 1772 2727 1833 Pascha.
2776 1772 2878 1831 ad-
2898 1793 2925 1832 s

635 1877 764 1937 nult
791 1876 986 1953 itaque
1015 1877 1411 1938 sanctissimus
1441 1877 1540 1952 qui
1567 1876 1630 1937 id
1658 1875 1839 1949 uidit,
1868 1877 1928 1938 et
1956 1876 2297 1936 inuenimus.
2344 1876 2665 1937 inuenimus
2694 1878 2884 1936 autem

634 1996 738 2054 per
788 1980 973 2067 ipsius
1017 1980 1421 2057 omnipotentis
1450 1979 1557 2041 Dei
1587 1980 1773 2055 patris
1803 1979 2138 2040 immensam
2165 1978 2483 2040 bonitatem
2513 1981 2572 2040 et
2600 1978 2884 2040 iustitiam

634 2086 692 2144 et
723 2084 942 2175 Christi
990 2083 1098 2145 filii
1127 2084 1250 2146 eins
1279 2082 1506 2145 Domini
1535 2086 1594 2144 et
1626 2082 1734 2144 Dei
1783 2082 1967 2143 nostri
2012 2082 2445 2157 incomparabili
2474 2080 2882 2156 misericordia,

634 2188 734 2263 qui
783 2189 1018 2265 propter
1069 2190 1305 2263 peccata
1358 2189 1553 2248 nostra
1605 2186 1915 2249 obaudiens
1966 2203 2068 2247 suo
2120 2185 2273 2262 patri
2324 2185 2587 2261 exposuit
2638 2184 2885 2247 animam

632 2308 824 2351 suam:
872 2308 1002 2352 cum
1051 2309 1164 2367 qua
1215 2307 1520 2366 resurgens
1572 2309 1609 2352 a
1659 2291 1899 2352 mortuis
1952 2290 2044 2350 die
2090 2290 2265 2351 tertia
2315 2288 2606 2365 pollicitus
2658 2292 2751 2351 est
2792 2288 2884 2348 di·
2904 2312 2961 2352 ιο

631 2392 924 2455 scentibus
953 2394 1073 2455 suis
1103 2393 1284 2454 uitam
1313 2396 1602 2455 aeternam
1629 2398 1689 2455 et
1718 2394 1877 2455 dedit
1904 2392 2120 2475 pignus
2149 2392 2390 2470 spiritus
2419 2392 2607 2453 sancti
2634 2393 2883 2468 gratiam

631 2496 998 2558 credentibus
1039 2498 1100 2558 in
1143 2498 1407 2574 passione
1451 2501 1510 2558 et
1562 2498 1976 2559 resurrectione
2028 2515 2149 2557 sua.
2197 2498 2257 2557 in
2304 2515 2414 2573 quo
2470 2496 2709 2572 spiritus
2762 2496 2883 2571 ipse

632 2600 909 2663 Dominus
938 2602 1265 2663 uolentibus
1294 2603 1355 2661 id
1384 2605 1478 2662 est
1504 2602 1649 2664 totis
1676 2601 1812 2661 fidei
1841 2600 2062 2662 uiribus
2093 2601 2500 2677 quaerentibus
2542 2602 2725 2662 seruis
2760 2601 2883 2661 suis

629 2706 852 2766 reuelat
880 2705 1001 2765 alta
1029 2705 1302 2782 mysteria
1329 2708 1388 2765 et
1417 2705 1755 2790 manifestat
1783 2705 2025 2768 obscura
2064 2706 2435 2766 sacramenta.
2481 2723 2550 2765 ac
2577 2707 2881 2780 propterea

629 2808 926 2869 credentes
957 2810 1017 2868 et
1045 2825 1147 2883 pro
1189 2811 1343 2870 certo
1391 2808 1639 2869 scientes
1669 2809 1806 2884 quia
1834 2809 1981 2868 nihil
2012 2809 2259 2884 denegat
2289 2807 2464 2882 Deus,
2517 2808 2620 2869 sed
2648 2808 2875 2869 unicui·
2898 2827 2951 2866 ιι

629 2926 740 2986 que
788 2911 1008 2972 uolenti
1054 2914 1114 2971 et
1157 2911 1502 2972 desideranti
1547 2914 1805 2986 praestat
1834 2911 2007 2972 sicuti
2048 2915 2107 2972 et
2146 2913 2305 2986 uult,
2360 2911 2745 2972 commisimus
2774 2929 2877 2974 nos

631 3012 694 3072 in
746 3029 868 3074 rem
918 3016 1038 3074 tam
1089 3014 1463 3075 laboriosam:
1509 3015 1570 3075 in
1614 3033 1729 3090 qua
1770 3033 1833 3076 re
1862 3032 1974 3076 non
2006 3015 2267 3077 derelicti
2299 3016 2401 3076 sed
2430 3015 2624 3091 potius
2654 3016 2726 3075 ab
2757 3017 2887 3090 ipso

627 3115 745 3177 Deo
775 3115 1042 3193 inspirati
1073 3116 1335 3178 uolumus
1366 3119 1691 3179 amantibus
1722 3121 1783 3180 et
1810 3120 2215 3195 adpetentibus
2244 3120 2435 3180 studia
2464 3117 2661 3180 diuina
2688 3123 2879 3180 osten-

763 3401 984 3461 Caecilii
1029 3403 1284 3474 Cypriani
1333 3405 1398 3459 de
1450 3405 1649 3475 pascha
1695 3412 1967 3474 compotus
2014 3405 2235 3460 inchoat
2268 3406 2318 3470 b,
2371 3405 2575 3476 Incipit
2618 3407 2876 3476 expositio

625 3491 848 3546 bissexti
891 3507 935 3546 c.
993 3491 1213 3560 (litteris
1271 3491 1319 3546 U
1351 3493 1398 3546 G
1439 3491 1510 3546 W
1559 3491 1903 3548 coniecturas
1959 3491 2167 3547 Usserii
2222 3493 2381 3546 Galei
2440 3492 2684 3548 Walln'sii
2740 3493 2875 3547 desi-

621 3579 841 3649 ρηαιιί).
879 3605 942 3618 -
979 3577 1014 3632 2
1048 3578 1251 3632 multae
1285 3594 1333 3646 c,
1369 3577 1532 3632 multi
1573 3577 1627 3633 G
1868 3593 1975 3632 non
2008 3577 2213 3633 modico
2250 3593 2352 3632 om.
2387 3593 2417 3633 c
2446 3579 2495 3632 G'
2734 3578 2873 3632 auxii

623 3663 826 3718 fuimns
859 3666 916 3719 et
963 3666 1041 3732 W,
1079 3681 1166 3720 an.
1203 3663 1312 3719 XII
1347 3667 1404 3719 et
1437 3665 1484 3730 b,
1521 3681 1781 3720 annorum
1818 3683 1864 3733 c,
1899 3665 2246 3734 antiquorum
2286 3667 2334 3720 G
2586 3665 2623 3720 4
2656 3667 2796 3720 esset
2828 3665 2873 3727 b,

623 3750 698 3806 sit
733 3767 762 3808 c
785 3769 819 3807 v
1046 3751 1082 3806 5
1115 3751 1319 3807 iudaeis
1355 3767 1455 3806 om.
1493 3751 1525 3806 b
1769 3769 1802 3806 a
1837 3755 2031 3821 quarta
2065 3751 2271 3806 decima
2305 3751 2437 3805 luna
2471 3750 2744 3806 immolari
2779 3752 2810 3805 b

619 3837 657 3892 6
694 3838 1064 3894 sanctissimus
1109 3838 1195 3904 W,
1231 3841 1446 3893 sanctus
1481 3853 1599 3892 snm
1637 3855 1683 3903 c,
1720 3841 1937 3892 sanctus
1972 3839 2004 3892 b
2268 3837 2326 3891 id
2362 3837 2504 3892 uidit
2552 3837 2637 3902 W,
2671 3836 2875 3891 diuidet

621 3940 666 3990 c,
701 3924 845 3979 uidit
879 3925 911 3980 b
1096 3926 1152 3978 et
1186 3923 1490 3978 innenimus
1526 3939 1629 3978 om.
1668 3939 1697 3978 v
1880 3924 2214 3978 inueniemus
2250 3925 2431 3977 autem
2468 3941 2497 3980 c
2680 3924 2715 3978 8
2750 3923 2872 3992 filii]

621 4009 830 4065 felicius
863 4027 893 4065 c
1105 4009 1577 4079 incomparabilem
1615 4009 2033 4065 misericordiam
2071 4026 2100 4064 c
2122 4025 2155 4064 υ
2369 4009 2404 4063 9
2441 4009 2689 4065 obediens
2727 4026 2756 4064 c
2778 4027 2811 4066 c

623 4093 692 4149 10
725 4093 1050 4149 discentibus
1085 4095 1134 4162 b,
1167 4095 1447 4166 discipulis
1485 4112 1514 4150 c
1537 4113 1572 4150 v
1835 4096 1900 4150 11
1938 4097 2135 4166 pignus
2170 4111 2271 4151 om.
2306 4112 2337 4152 c
2604 4098 2671 4152 12
2710 4113 2790 4166 sp.
2826 4111 2871 4160 c,

621 4180 848 4250 spiritns
881 4180 913 4235 b
1143 4182 1210 4237 14
1245 4182 1360 4236 alta
1395 4198 1496 4237 om.
1533 4198 1563 4237 c
1792 4182 2081 4237 manifesta
2115 4184 2147 4237 b
2378 4184 2458 4254 ac]
2494 4183 2623 4238 haec
2660 4183 2875 4252 (pot-'us

620 4268 778 4338 hac?)
815 4285 844 4324 c
879 4274 932 4324 et
964 4270 1043 4348 sic
1078 4271 1368 4340 aliquoties
1402 4285 1504 4340 pro
1543 4285 1604 4324 ac
1914 4272 1982 4325 16
2016 4271 2379 4326 commisimus
2415 4272 2466 4337 b,
2504 4271 2795 4327 cumsimus
2831 4285 2874 4332 c,

619 4355 986 4410 consensimus
1027 4357 1076 4411 G
1339 4358 1406 4412 17
1443 4355 1716 4412 derelictis
1752 4357 1783 4412 b
2049 4359 2115 4412 18
2150 4357 2412 4428 insperati
2447 4375 2493 4424 c,
2528 4357 2783 4428 inspirati
2818 4361 2873 4414 et

617 4439 919 4497 illuminati
955 4442 986 4497 b
1292 4440 1671 4512 adpetentibus
1704 4441 1752 4508 b,
1790 4442 2254 4512 apparentibusc,
2291 4443 2715 4514 approbantibus
2760 4447 2806 4500 G
