3217 5150
756 585 979 632 LXVIII

756 718 1217 802 inscriptionem
1262 717 1373 781 Ad
1420 716 1692 782 Felicem
1740 715 1816 780 de
1865 717 2313 782 resurrectione
2361 723 2758 783 mortuoram
2810 737 3040 785 recens

696 808 703 818 “
756 830 1093 898 admodum
1143 847 1362 894 manus
1406 829 1636 894 adiecit
1683 847 1840 914 quae
1885 828 1980 892 ita
2022 828 2194 912 lego:
2246 828 2357 892 Aa
2387 829 2664 894 Felicem
2703 831 2782 895 ae
2813 851 3038 896 resur-

756 943 1020 1009 rectione
1063 944 1468 1004 mortuorum.
1525 939 1844 1021 Cypriani
1887 958 2018 1003 mm
2061 943 2149 1004 est
2193 940 2418 1004 saltem
2457 961 2592 1006 non
2633 941 2914 1006 habetur
2961 943 3034 1004 in

756 1055 1092 1138 impressis,
1144 1051 1439 1132 inflatum
1489 1071 1763 1116 carmen.
1812 1049 2099 1114 uiolatur
2149 1070 2338 1132 super
2369 1052 2458 1137 (Ρ)
2488 1051 2714 1136 req-ula
2759 1055 3034 1134 quanti-

752 1173 984 1248 tatum3
1032 1167 1099 1232 in
1146 1164 1348 1230 indice
1398 1164 1609 1228 autem
1660 1162 1807 1227 huic
1857 1162 2052 1230 codici
2101 1164 2439 1246 praemisso
2489 1183 2715 1230 manus
2762 1167 3034 1230 uetusta

750 1279 1101 1346 annotauit:
1160 1275 1357 1340 XIII
1384 1274 1608 1340 Sancti
1641 1273 1960 1355 Cypriani
2011 1273 2098 1340 ad
2129 1273 2402 1339 Felicem
2445 1276 2522 1340 de
2563 1276 3032 1342 resurreetione

740 1395 1157 1468 mortuorum.
1206 1387 1284 1454 ad
1314 1386 1425 1452 hos
1465 1387 1749 1452 auctores
1793 1386 2032 1452 accedit
2072 1387 2299 1452 tertius
2330 1387 2732 1454 Verecundus
2763 1388 3032 1454 Africa-

748 1521 865 1569 nus
911 1501 1250 1585 episcopus,
1302 1518 1486 1582 quem
1530 1499 1678 1563 ante
1721 1515 1950 1562 annum
1979 1496 2160 1561 DLII
2203 1487 2486 1565 floruisse
2515 1498 2742 1565 Garcia
2769 1501 3030 1584 Loayza

748 1634 821 1679 ex
877 1613 1150 1680 Victoris
1209 1609 1589 1676 Tunonensis
1647 1607 1948 1674 Chronico
2019 1610 2278 1700 collegit
2335 1611 2438 1695 (cf.
2497 1610 2700 1676 Alixii
2759 1611 3025 1678 dissert.

750 1728 824 1792 de
856 1723 1243 1790 Tertulliani
1281 1722 1423 1786 wita
1460 1725 1517 1786 et
1554 1721 1812 1802 seriptis
1851 1741 1910 1804 p.
1955 1721 2038 1788 76
2079 1721 2174 1786 ed.
2207 1719 2488 1800 Oehler);
2543 1723 2620 1788 de
2648 1722 3030 1788 Verecundo

750 1840 916 1906 enim
966 1836 1233 1920 quodam
1285 1833 1561 1900 Isidorus
1588 1833 1982 1916 Hispalensis
2035 1832 2165 1918 (De
2214 1835 2386 1898 airis
2435 1833 2798 1898 illustribus
2855 1855 2912 1900 c.
2952 1835 3026 1920 7)

748 1951 899 2016 haec
926 1950 1145 2015 habet:
1205 1945 1597 2012 Verecundas
1623 1931 1984 2029 Africanas
2023 1947 2344 2026 episcopus
2384 1945 2616 2010 studiis
2645 1946 3030 2011 liberalium

750 2061 1108 2126 litterarum
1136 2058 1407 2123 disertus
1434 2057 1632 2122 edidit
1662 2057 1945 2122 carmine
1973 2057 2278 2139 dactylico
2298 2058 2454 2123 daos
2475 2057 2748 2124 modicos
2769 2058 3028 2135 brem-

750 2193 865 2254 qae
893 2170 1147 2248 labellos,
1176 2189 1441 2252 quorum
1460 2170 1750 2250 primum
1773 2167 1872 2234 De
1893 2171 2345 2234 resurrectione
2373 2175 2430 2234 et
2461 2169 2700 2234 iudicio
2729 2171 3028 2252 scripsit,

748 2282 1018 2348 alterum
1039 2301 1187 2346 uero
1207 2281 1281 2346 cle
1304 2279 1724 2358 Poenitentia,
1753 2280 1830 2344 in
1849 2299 1970 2362 quo
1999 2279 2395 2346 lamentabili
2423 2282 2708 2346 carmine
2725 2285 3026 2365 propria

748 2393 976 2459 delicta
1014 2392 1315 2474 deplorat.
1360 2393 1638 2476 quisquis
1679 2409 1823 2458 uero
1865 2394 2080 2458 auctor
2108 2393 2222 2470 est,
2265 2392 2467 2458 Musis
2505 2392 2686 2457 iratis
2715 2393 2842 2459 hoc
2875 2412 3020 2458 car-

748 2525 891 2572 men
918 2505 1153 2589 panxit.
1184 2524 1369 2589 quare
1390 2503 1736 2570 cauendum
1759 2503 1854 2569 est
1875 2522 1952 2568 ne
1967 2503 2334 2569 coniecturis
2357 2504 2656 2589 genuinos
2678 2506 3024 2587 scriptoris

749 2636 979 2685 errores
1020 2616 1384 2701 regulasque
1412 2617 1479 2689 in
1506 2615 1690 2681 rebus
1720 2615 1997 2682 metricis
2027 2617 2090 2681 et
2119 2616 2546 2701 grammaticis
2587 2617 2907 2683 emendes.
2949 2618 3020 2683 in

747 2731 921 2796 textu
964 2730 1387 2795 constituendo
1432 2726 1670 2793 codices
1698 2726 2278 2811 wirceburgensem
2320 2729 2382 2793 et
2408 2728 2848 2813 Reginensem,
2909 2729 3022 2812 qui

749 2842 1095 2923 antiquiore
1124 2840 1634 2927 Sangermanensi
1662 2840 2136 2922 praestantiores
2165 2841 2311 2904 sunt
2331 2839 2517 2906 duces
2539 2839 2752 2923 habui.
2785 2841 3026 2906 lectio-

747 2973 899 3019 num
928 2952 1261 3019 diuersitas
1300 2952 1463 3034 apud
1494 2952 1905 3031 Aidhelmum
1935 2953 1998 3017 et
2025 2952 2382 3018 Fabricium
2415 2953 2616 3018 maior
2645 2954 2782 3017 erat
2809 2972 3024 3035 quam

747 3066 849 3129 cui
897 3064 1149 3149 angusti
1200 3063 1615 3129 adnotationis
1667 3063 1917 3129 criticae
1967 3062 2118 3128 fines
2167 3063 2376 3159 iocum
2431 3062 2670 3129 darent.
2723 3064 3022 3130 ceterum

746 3176 971 3240 harum
994 3176 1417 3249 recensionum
1438 3176 1822 3241 coniecturae
1843 3174 1921 3241 ab
1943 3176 2174 3241 eisdem
2195 3176 2560 3259 corruptelis
2582 3194 2737 3258 quas
2763 3177 3028 3242 codices

746 3287 947 3353 DTW
976 3286 1310 3353 ostendunt
1336 3287 1606 3371 pendent
1635 3287 1850 3369 paucis
1879 3286 2168 3371 exeeptis,

479 3427 685 3481 Cypriani
950 3400 1123 3465 Haec
1152 3400 1299 3463 sunt
1321 3396 1615 3483 Cypriani
1643 3416 1827 3483 opera
1855 3399 2260 3482 suppositicia
2288 3418 2442 3482 quae
2470 3400 2536 3465 in
2565 3401 3020 3484 Appendicem

438 3496 715 3618 ζξζζῇζζζ
744 3512 965 3594 recepi.
1010 3511 1247 3577 inedita
1288 3512 1469 3594 plura
1497 3512 1564 3577 in
1592 3510 1910 3577 codicibus
1958 3510 2171 3577 inueni
2201 3509 2495 3595 Cypriani
2540 3513 2792 3578 nomine
2841 3513 3022 3579 falso

466 3634 530 3677 Do
547 3634 683 3676 notis·
746 3623 1075 3707 insignita3
1106 3625 1215 3689 sed
1242 3623 1491 3689 nullum
1520 3624 1784 3708 dignum
1807 3622 2158 3701 uidebatur,
2183 3623 2352 3721 guod
2375 3624 2440 3688 in
2463 3624 2669 3689 lucem
2690 3625 3014 3706 prodiret.
3057 3642 3078 3663 ⁶

744 3735 988 3800 utinam
1047 3734 1367 3800 Natarum
1424 3734 1737 3818 exemplar
1788 3734 2224 3819 Cyprianicum
2281 3734 2679 3819 inuenissem,
2741 3736 2819 3801 de
2884 3756 3018 3821 quo

745 3865 939 3929 nuper
959 3847 1061 3911 W.
1086 3845 1361 3913 Schmitz
1394 3846 1788 3933 (Tironiana
1814 3847 1881 3913 in
1911 3836 2178 3929 Symbol.
2202 3845 2369 3927 phil.
2401 3844 2615 3912 Borm.
2648 3846 2716 3911 Π
2744 3868 2808 3930 p.
2841 3848 3018 3934 540)

744 3959 990 4043 egregie
1040 3958 1387 4044 disputauit
1440 3956 1548 4044 (cf.
1602 3958 1796 4023 etiam
1838 3956 1920 4028 B.
1960 3957 2266 4023 Dodwelli
2316 3956 2562 4023 dissert.
2612 3956 2802 4039 Cypr.
2856 3961 3008 4045 ΙΙ).

612 4072 617 4084 “
742 4071 993 4136 tenuem
1034 4070 1221 4136 huius
1248 4072 1449 4153 operis
1480 4070 1847 4135 memoriam
1878 4069 2263 4135 'I'rithemius
2293 4069 2359 4135 in
2391 4068 2835 4153 Polyyraphia
2871 4070 3008 4159 (ed.

744 4178 951 4246 Gelon.
1002 4180 1195 4266 1571)
1240 4183 1537 4247 seruauit.
1583 4182 1736 4247 haec
1775 4181 2038 4249 enim-in
2065 4174 2470 4265 ‘praefatione
2499 4182 2579 4247 ad
2607 4181 3018 4262 Maximiliar

741 4312 891 4358 num
922 4294 953 4357 I
985 4284 1326 4360 Caesarem'
1357 4293 1573 4359 scribit
1602 4314 1664 4378 p.
1699 4293 1809 4360 18:
1844 4290 2114 4358 Marcus
2145 4293 2401 4357 Tullius
2433 4290 2645 4359 Cicero
2670 4294 3020 4375 facundus

742 4408 951 4469 orator
994 4404 1249 4489 inyem'o
1292 4424 1444 4471 usus
1484 4410 1541 4469 et
1576 4409 1734 4483 arte,
1774 4404 2079 4485 phraseos
2121 4404 2440 4469 minutias
2483 4407 2904 4469 commutauit
2935 4408 3019 4471 in

704 4478 930 4600 {siqua
958 4520 1015 4581 et
1038 4516 1393 4583 thelematos
1434 4518 1539 4581 sui
1567 4515 1958 4601 phile-roiam
1997 4516 2132 4581 siue
2159 4516 2580 4583 characterem
2599 4534 2722 4598 pro
2755 4517 3018 4583 usitata
