3217 5150
758 574 927 622 var

756 712 949 776 etiam
989 712 1090 775 hic
1130 712 1523 795 conspicitur.
1578 711 1852 775 ceterum
1892 711 2188 775 nonnulla
2229 711 2460 776 rectius
2506 713 2674 795 apud
2705 713 3028 798 Hierony·

757 842 931 887 mum
956 822 1051 906 (h)
1080 824 1389 907 leguntur,
1440 824 1614 888 cuius
1655 824 1818 889 inter
1862 841 2042 904 opera
2075 822 2196 910 (ed.
2231 823 2483 888 Martin.
2521 824 2577 886 V
2621 845 2683 907 p.
2715 825 2874 902 405,
2925 827 3020 890 ed.

757 934 1022 999 Vallars.
1056 935 1147 998 XI
1177 935 1218 999 2
1250 955 1307 1018 p.
1339 936 1491 1016 357)
1534 935 1802 1018 epistula
1843 935 1970 1000 iam
2000 935 2108 999 diu
2139 937 2282 1000 ante
2309 935 2641 1001 Baluzium
2672 935 3022 1006 ferebatur.

756 1047 919 1128 quod
960 1046 1091 1128 ipse
1119 1066 1235 1110 non
1268 1047 1613 1130 ignorabat.
1654 1083 1736 1094 -—
1765 1047 1947 1111 XVII
1983 1049 2393 1115 Carmina
2421 1047 2732 1132 cypriano
2758 1049 3024 1114 Tertul-

755 1159 919 1223 liano
942 1159 1085 1222 aliis
1108 1158 1419 1240 adscripta
1438 1179 1507 1224 ex
1526 1157 1641 1223 hac
1658 1160 2203 1242 suppositiciorum
2227 1181 2479 1244 operum
2503 1160 2824 1244 farragine
2849 1161 3026 1224 nolui

755 1270 1048 1354 relegare,
1091 1289 1232 1334 cum
1274 1287 1433 1334 noua
1471 1270 1771 1352 quaedam
1813 1271 2121 1352 praesidia
2149 1271 2228 1336 ad
2260 1289 2470 1336 eorum
2513 1273 3026 1338 emendationem

759 1381 1069 1460 haberem,
1114 1380 1341 1463 quibus
1386 1383 1525 1463 post
1568 1383 1870 1448 editiones
1900 1384 2208 1467 principes
2239 1383 2348 1448 diu
2377 1385 2660 1467 neglecta
2689 1383 2772 1448 ad
2803 1385 3030 1466 pristi-

756 1512 928 1571 num,
982 1491 1445 1575 qualiscumque
1496 1491 1603 1556 ille
1655 1495 1766 1572 est,
1819 1493 2086 1558 nitorem
2135 1495 2388 1559 restitui
2438 1513 2618 1577 posse
2666 1493 3022 1578 sperabam.

761 1607 1106 1673 Genesis
1146 1623 1393 1669 carmen
1438 1623 1561 1669 una
1608 1623 1750 1669 eum
1785 1603 2052 1670 Sodoma
2081 1597 2376 1670 Morelius
2417 1625 2490 1671 ex
2533 1606 2740 1672 codice
2787 1607 3028 1672 biblio-

757 1721 972 1785 thecae
1017 1717 1077 1783 S.
1122 1716 1392 1782 Victoris
1436 1717 1676 1798 primus
1722 1717 1937 1781 edidit.
1985 1735 2098 1801 ego
2145 1718 2404 1783 eundem
2449 1718 2850 1784 Victorinum
2897 1721 3032 1786 380

758 1831 866 1917 (R)
904 1848 1064 1896 nuno
1092 1829 1505 1894 Parisiensem
1557 1847 1710 1892 saec.
1746 1828 1906 1892 XIII
1957 1829 2322 1914 diligentius
2369 1831 2606 1896 excussi
2649 1832 2854 1897 altero
2903 1851 3028 1898 non

756 1943 1027 2024 inuent0,
1060 1940 1235 2006 ouius
1267 1940 1495 2004 auxilio
1528 1940 1694 2005 unici
1727 1941 1952 2006 codicis
1975 1943 2199 2008 menda
2221 1943 2597 2027 grauissima
2617 1944 3026 2009 tollerentur.

756 2056 1026 2120 earmina
1057 2054 1412 2120 Sodoma
1441 2054 1503 2118 et
1532 2053 1882 2134 proximum
1913 2051 2012 2118 De
2041 2053 2206 2118 Iona
2251 2053 2528 2118 eiusdem
2575 2055 2854 2120 auctoris
2885 2074 3026 2122 esse

756 2169 825 2233 L.
858 2165 1121 2232 Mueller
1152 2166 1356 2250 (Mu-3.
1404 2165 1604 2230 Rhen.
1662 2167 1822 2232 1867
1869 2185 1928 2250 p.
1973 2166 2127 2251 329)
2174 2165 2413 2248 primus
2465 2165 2776 2230 intellexit
2833 2167 3030 2248 idque

757 2279 983 2347 codicis
1035 2278 1402 2344 Parisiensis
1454 2278 1624 2342 2772
1678 2297 1834 2342 saec.
1889 2277 1947 2340 X
2001 2277 2116 2361 (H)
2169 2277 2566 2359 inscriptione
2623 2275 3026 2357 opusculum

761 2391 1147 2456 Tertulliani
1186 2389 1261 2454 de
1302 2389 1541 2454 excidio
1572 2388 1872 2455 Sodomae
1899 2393 1954 2452 et
1987 2388 2235 2452 Niniue
2275 2388 2690 2454 confirmatur.
2747 2390 3026 2455 duorum

756 2503 1205 2570 Parisiensium
1246 2503 1309 2566 H
1338 2501 1393 2565 R
1437 2499 1804 2564 lectionibus
1848 2499 1913 2564 in
1958 2500 2337 2564 emendando
2383 2517 2503 2564 non
2545 2501 2832 2566 multum
2879 2519 3029 2584 pro-

756 2618 1094 2694 sineremus,
1146 2615 1267 2681 nisi
1312 2614 1665 2679 accessisset
1707 2612 1979 2694 optimus
2029 2611 2216 2677 codex
2246 2611 2577 2676 Vossianus
2618 2612 2660 2676 l.
2697 2612 2752 2693 Q
2782 2614 2878 2679 86
2911 2615 3030 2698 (Α)

756 2720 1025 2793 ‘ineunte
1077 2727 1283 2811 potius
1336 2744 1520 2807 quam
1566 2725 1822 2788 exeunte
1874 2742 2027 2788 saec.
2075 2712 2187 2787 IX'
2240 2724 2442 2788 iudice
2473 2722 2686 2789 Geelio
2743 2726 3032 2808 scriptus

758 2841 861 2926 (cf.
905 2838 1324 2905 Schneidewin
1358 2835 1657 2900 Martial.
1712 2857 1772 2919 p.
1815 2836 1942 2901 680
1990 2837 2054 2901 et
2093 2835 2270 2901 Alex.
2301 2836 2483 2901 Riese
2525 2834 2787 2900 Anthol.
2843 2836 2960 2901 lat.
2997 2839 3030 2901 Ι

756 2972 814 3035 p.
833 2950 1213 3034 XXXVIII),
1244 2948 1418 3013 cuius
1449 2948 1785 3030 scripturas
1806 2948 1871 3012 L.
1893 2948 2156 3012 Mueller
2184 2949 2250 3013 in
2271 2948 2486 3013 Museo
2501 2948 2695 3013 Rhen.
2730 2950 3032 3030 publica-

756 3065 871 3129 uit.
923 3064 1108 3135 codex
1158 3062 1265 3144 qui
1318 3062 1471 3126 olim
1516 3062 1582 3125 in
1632 3060 2004 3141 bibliotheca
2059 3060 2418 3125 monasterii
2465 3060 3030 3127 Laureshamensis

756 3175 1060 3252 exstabat,
1092 3192 1163 3237 ex
1186 3190 1305 3254 quo
1326 3174 1441 3238 hoc
1465 3191 1709 3236 carmen
1727 3173 1812 3236 Io.
1837 3171 2233 3238 Sicchardum
2267 3172 2581 3237 editurum
2607 3190 2743 3238 esse
2759 3172 3030 3239 Rhena-

756 3306 871 3353 nus
894 3288 960 3352 in
990 3285 1365 3368 praefatione
1388 3284 1464 3347 ad
1490 3284 1861 3349 Tertulliani
1891 3303 2074 3367 opera
2102 3286 2223 3367 (ed.
2256 3284 2443 3365 1528)
2477 3283 2743 3365 dIcebat‚
2775 3289 3031 3365 perisse

756 3399 1025 3464 uidetur.
1073 3397 1187 3461 hoc
1230 3395 1497 3459 carmine
1543 3398 1786 3477 recepto
1832 3414 1952 3460 non
1993 3399 2270 3477 poteram
2312 3414 2430 3461 non
2474 3396 2696 3459 addere
2739 3395 3028 3461 alterum

758 3512 1035 3576 eiusdem
1066 3510 1279 3591 poetae
1310 3512 1441 3575 De
1464 3512 1690 3575 Iona
1717 3509 2105 3591 inscriptum,
2139 3509 2300 3591 quod
2331 3526 2402 3573 ex
2433 3507 2638 3572 codice
2667 3506 3032 3575 Pithoeano

757 3624 1004 3687 Iuretus
1039 3621 1235 3705 (Bibl.
1258 3628 1433 3703 patr.
1465 3625 1615 3687 tom.
1653 3622 1830 3704 VIII)
1877 3622 2182 3706 uulgauit.
2235 3621 2450 3685 aderat
2480 3622 2725 3703 praeter
2755 3620 3031 3703 Vossia-

756 3754 906 3802 num
942 3734 1047 3819 (A)
1074 3734 1563 3799 Vindobonensis
1598 3736 1679 3799 16
1709 3752 1863 3798 saec.
1898 3732 1990 3795 IX
2023 3732 2136 3817 (A)
2169 3732 2338 3797 lectu
2370 3730 2802 3807 difficillimuS,
2839 3734 3032 3797 cuius

758 3844 1087 3910 conatione
1127 3845 1335 3910 minus
1377 3845 1664 3911 accurata
1695 3844 1920 3909 Oehler
1952 3842 2238 3927 (Tertull.
2270 3844 2420 3907 tom.
2467 3842 2531 3906 II
2570 3864 2630 3925 p.
2665 3842 2816 3921 769)
2869 3864 3037 3911 usus

762 3959 877 4021 est.
930 3957 1041 4021 hos
1094 3958 1245 4021 duos
1296 3957 1488 4023 libros
1532 3976 1603 4022 ex
1648 3956 1861 4021 eodem
1913 3956 2149 4039 optimo
2193 3954 2354 4019 libro
2399 3954 2647 4019 fluxisse
2695 3962 3028 4024 constanti

758 4067 1100 4133 lectionum
1131 4087 1424 4133 consensu
1454 4072 1726 4153 apparet.
1771 4088 2015 4133 carmen
2048 4072 2340 4151 quartum
2371 4069 2504 4133 Ad
2533 4046 3024 4138 senatorem

758 4199 795 4245 a
818 4179 1076 4245 Morelio
1106 4180 1379 4262 primum
1410 4180 1650 4245 editum
1671 4181 1749 4243 ad
1771 4181 2138 4245 uetustiores
2170 4199 2321 4262 quos
2350 4181 2562 4246 inueni
2593 4182 3030 4249 Parisiensem

757 4291 928 4356 2832
981 4310 1137 4356 saec.
1170 4291 1263 4355 IX
1308 4292 1404 4375 (F)
1454 4294 1517 4357 et
1561 4292 1731 4356 2772
1776 4292 1909 4375 (Η),
1956 4294 2245 4375 quintum
2278 4297 2410 4361 De
2438 4297 2800 4376 Pascha,
2835 4300 3028 4363 cuius

758 4403 947 4467 editio
998 4403 1278 4485 princeps
1320 4404 1480 4468 Aldo
1528 4402 1721 4489 (Poet.
1755 4403 1986 4469 Christ.
2035 4426 2222 4487 opera
2264 4428 2317 4472 a.
2368 4408 2556 4482 1501)
2601 4408 2890 4492 debetur,
2943 4412 3026 4475 ad

760 4515 997 4580 codices
1020 4516 1159 4593 EM,
1194 4535 1453 4597 quorum
1485 4518 1560 4581 de
1591 4518 1952 4600 cognatione
1983 4538 2166 4601 supra
2199 4520 2434 4585 dictum
2471 4522 2564 4585 est
2591 4540 2650 4602 p.
2677 4520 2926 4587 XXXV
2959 4527 3026 4587 et
