3217 5150
659 545 782 613 194
1597 540 1962 611 Appendix.

653 704 798 763 mal
843 702 1110 778 diligit
1153 701 1398 762 simile
1444 700 1641 760 sibi?
1670 702 1729 759 et
1758 700 1993 759 iterum:
2041 697 2397 759 uolatilia
2424 697 2511 759 ad
2536 698 2685 758 sibi
2714 696 2911 757 simi-

653 805 761 866 lia
803 806 1266 867 conueniunt.
1328 805 1428 865 sed
1457 807 1518 865 et
1545 804 1598 864 si
1628 803 1842 865 femina
1869 802 2067 863 utilior
2094 802 2548 873 existimaretur,
2594 787 2709 861 non
2738 817 2909 874 opor-

655 910 818 971 tebat
845 908 1098 969 carnalia
1126 908 1506 969 emolumenta
1533 922 1879 981 praeponere
1900 904 2254 965 utilitatibus
2284 904 2635 978 spiritalium
2656 920 2911 965 commo-

657 1014 854 1073 dorum
881 1014 942 1071 et
969 1010 1308 1085 expediebat
1335 1009 1803 1085 qualemcumque
1830 1008 2021 1069 uirum
2050 1007 2314 1067 inutilem
2344 1008 2625 1067 sustinere
2654 1024 2757 1081 pro
2786 1007 2910 1067 exi-

657 1116 982 1175 stimatione
1011 1113 1317 1173 munienda
1346 1129 1516 1186 quam
1544 1113 1722 1171 bonos
1750 1112 1989 1172 effectus
2032 1110 2289 1171 mulieris
2332 1128 2461 1187 cum
2488 1110 2907 1172 existimatione
2926 1128 2955 1169 ε

655 1218 1006 1293 turpissima.
1055 1218 1205 1292 quod
1235 1216 1497 1277 Salomon
1548 1217 1843 1289 comparat
1894 1215 2121 1275 dicens:
2182 1213 2443 1273 melior
2484 1230 2517 1273 e
2534 1218 2608 1274 st
2624 1260 2638 1287 ,
2696 1214 2905 1289 inquit,

653 1320 1026 1396 iniqnitas
1085 1320 1233 1381 uiri
1292 1336 1500 1393 quam
1540 1317 2017 1379 benefaciens
2076 1317 2359 1379 mulier.
2404 1316 2732 1379 artificialia
2774 1320 2913 1391 sunt

650 1424 844 1499 itaque
895 1438 1117 1497 semper
1145 1422 1360 1482 diaboli
1405 1420 1681 1481 beneficia
1696 1465 1711 1493 ,
1772 1422 1979 1496 quibus
2030 1421 2323 1496 ingenium
2376 1437 2513 1481 suae
2566 1420 2909 1483 calliditatis

651 1542 918 1587 exercens
949 1525 1358 1587 sanctimoniae
1403 1524 1631 1585 deditos
1675 1524 1887 1585 dolosis
1931 1524 2429 1585 commoditatibus
2472 1526 2635 1585 iuuat
2678 1527 2745 1584 ut
2773 1542 2906 1601 per·

651 1630 784 1689 dat:
830 1632 890 1688 et
933 1628 1082 1687 inter
1125 1628 1486 1688 continentes
1515 1627 1681 1701 qnasi
1726 1628 2045 1688 necessaria
2073 1628 2455 1688 emolumenta
2482 1629 2698 1689 mutuis
2742 1629 2904 1689 adin·
2924 1650 2983 1689 ιο

647 1734 976 1794 numinibus
1008 1732 1449 1793 subministrans
1479 1733 1665 1807 adigit
1691 1732 1853 1806 prius
1882 1732 2199 1793 masculum
2250 1734 2311 1792 et
2361 1731 2635 1793 feminam
2686 1732 2908 1809 pariter

653 1836 1034 1913 [conuersaril,
1093 1838 1160 1895 ut
1210 1840 1512 1911 postquam
1563 1836 1983 1910 inseparabiles
2010 1835 2212 1897 fecerit
2254 1853 2355 1909 per
2383 1835 2663 1897 alterutra
2692 1836 2906 1897 solacia

651 1940 836 2013 possit
863 1940 1116 2001 occidere
1147 1941 1346 2001 dantes
1377 1938 1667 2014 simplices
1710 1939 1929 2001 animos
1972 1940 2045 1999 ad
2088 1938 2378 1999 castitatis
2422 1941 2557 1999 uota
2601 1941 2903 2011 seruanda,

649 2046 710 2103 et
737 2042 1168 2117 inpugnationis
1213 2059 1350 2103 suae
1393 2058 1554 2103 arma
1595 2042 1919 2103 subducens
1962 2041 2191 2102 interim
2224 2041 2389 2117 quasi
2417 2042 2681 2115 placidus
2710 2042 2903 2105 fautor

647 2146 908 2220 suggerit
936 2147 1264 2207 sanctitatis
1293 2150 1633 2221 argumenta
1646 2190 1660 2217 ,
1716 2146 1893 2207 donec
1943 2146 2161 2207 diutius
2190 2146 2341 2207 inter
2370 2146 2568 2207 ambos
2612 2146 2903 2208 inimicam
2916 2170 2971 2211 is

645 2249 866 2310 nutriat
893 2250 1223 2311 amicitiam.
1271 2251 1412 2311 facit
1453 2250 1715 2310 affabiles
1746 2248 1991 2310 inuicem
2020 2250 2131 2309 sibi
2162 2252 2221 2311 et
2251 2248 2556 2323 deseruire,
2602 2254 2662 2311 et
2692 2251 2901 2317 adsen-

647 2354 800 2413 tator
827 2351 1076 2412 infestus
1105 2352 1510 2427 impedimenta
1537 2369 1837 2413 remouens
1866 2353 2135 2413 uniuersa
2176 2352 2486 2414 commodis
2532 2370 2727 2415 eorum
2757 2372 2901 2429 gau·

648 2456 746 2513 det
771 2454 1084 2517 efficaciam
1112 2456 1488 2529 commodare,
1542 2458 1608 2515 ut
1638 2458 1763 2516 tota
1813 2474 1907 2517 eos
1938 2456 2170 2517 sibimet
2198 2455 2343 2531 ipsis
2372 2456 2714 2517 necessitate
2746 2476 2900 2519 oom-

645 2559 916 2620 mendans
970 2559 1238 2620 exhibere
1289 2577 1388 2622 eos
1439 2559 1627 2635 possit
1679 2558 1739 2620 in
1770 2560 2110 2622 alterutrum
2140 2560 2313 2621 solita
2340 2560 2731 2622 consolatione
2759 2579 2902 2638 peu-

643 2663 795 2722 dere.
857 2679 972 2722 non
1021 2664 1152 2724 uult
1203 2679 1300 2724 eos
1351 2663 1412 2722 in
1466 2664 1659 2738 aliquo
1704 2663 1961 2738 inpedire
1978 2709 1992 2736 ,
2054 2681 2125 2724 ne
2156 2667 2383 2739 separet
2413 2667 2531 2724 tam
2560 2665 2981 2740 spiritaliter-o

643 2783 814 2840 quam
865 2765 1192 2826 carnaliter.
1254 2767 1625 2828 inconcussos
1676 2766 1855 2827 efficit
1882 2767 2097 2839 uiuere,
2152 2785 2223 2828 ne
2252 2768 2381 2843 ipsa
2410 2769 2707 2830 societatis
2738 2769 2906 2830 initia

643 2869 929 2928 inmaturo
961 2870 1212 2942 tempore
1271 2853 1500 2928 foedera
1548 2871 1753 2945 coepta
1802 2870 2165 2931 conturbent.
2211 2889 2390 2948 usque
2432 2873 2573 2932 adeo
2602 2871 2737 2932 illos
2766 2889 2901 2947 pro-

641 2971 968 3031 uidentibus
998 2971 1221 3032 cunctis
1253 2971 1328 3032 ad
1355 2972 1673 3045 perfectum
1718 2973 2046 3035 sanctitatis
2077 2974 2290 3036 inuitat
2317 2972 2479 3036 fouet
2504 2975 2792 3050 subleuat,
2837 2981 2903 3038 ut

643 3073 749 3132 Dei
800 3091 925 3133 esse
975 3077 1306 3148 computent
1358 3075 1635 3136 beneficia
1684 3076 1813 3151 ipsa
1862 3077 2167 3150 contraria,
2220 3078 2431 3153 quibus
2458 3078 2809 3140 inducuntur
2838 3083 2903 3140 ut

641 3179 878 3250 pereant
893 3221 908 3250 ,
963 3177 1284 3238 nescientes
1338 3195 1647 3254 numquam
1676 3179 1860 3240 Deum
1908 3180 2107 3241 iuuare
2158 3183 2307 3255 quod
2336 3185 2518 3243 uetat.
2578 3183 2789 3257 quibus
2840 3183 2903 3244 in
2916 3204 2975 3246 τε

641 3281 866 3338 tantum
897 3279 1160 3340 diabolus
1211 3281 1512 3343 blandiens
1571 3284 1939 3344 securitatem
1988 3287 2293 3359 praeparat
2344 3286 2756 3348 sanctimoniae
2773 3333 2787 3362 ,
2834 3291 2900 3349 ut

640 3382 970 3442 coniunctos
1025 3401 1088 3443 se
1117 3383 1306 3459 magis
1334 3385 1641 3445 aestiment
1669 3403 1841 3460 quam
1871 3386 2187 3448 disiunctos
2229 3388 2551 3450 immobiles
2578 3389 2735 3450 circa
2762 3390 2897 3451 libi-

641 3484 832 3546 dinem
861 3486 1204 3561 perdurare:
1239 3505 1380 3563 quos
1423 3505 1552 3550 cum
1593 3489 1747 3549 omni
1792 3490 2215 3565 tranquillitate
2244 3491 2527 3552 deducens
2551 3491 2733 3554 nullis
2762 3511 2895 3570 pro-

780 3721 811 3774 1
849 3721 949 3775 Sir.
984 3721 1072 3788 27,
1105 3721 1158 3775 9.
1363 3723 1398 3778 6
1433 3723 1535 3781 Sir.
1572 3723 1659 3789 Q,
1697 3724 1781 3779 14.

779 3943 810 3996 1
845 3943 940 3998 alt.
979 3943 1084 4000 sibi
1119 3960 1219 4000 om.
1258 3963 1290 4002 υ
1475 3947 1511 4001 2
1545 3947 1883 4004 existimatur
1918 3950 1965 4005 0
2146 3951 2181 4006 5
2218 3949 2385 4007 bonus
2426 3952 2497 4008 0¹
2696 3953 2729 4008 ‘1
2763 3953 2893 4009 arti·

639 4027 806 4082 ficiali
841 4028 911 4084 0¹
1139 4031 1175 4086 8
1212 4031 1398 4101 itaque
1439 4031 1486 4088 0
1515 4033 1613 4088 scd
1650 4049 1753 4103 que
1785 4049 1829 4089 s.
1867 4036 1905 4091 l.
1942 4053 2013 4090 m.
2050 4041 2086 4092 2
2326 4037 2583 4094 beneficia
2616 4039 2705 4106 0¹,
2742 4057 2892 4096 uene-

639 4113 763 4168 ficia
797 4114 845 4170 0
849 4115 899 4171 ’v
1171 4117 1206 4171 9
1240 4117 1399 4172 iubat
1441 4119 1508 4174 0¹
1784 4121 1848 4174 11
1884 4122 2263 4178 subministras
2304 4123 2375 4179 0¹
2615 4125 2795 4197 adigit
2834 4127 2893 4192 0,

643 4199 764 4270 agit
798 4219 831 4258 v
1037 4203 1105 4257 12
1139 4205 1445 4258 conuersari
1477 4220 1577 4259 om.
1615 4205 1661 4260 0
1861 4207 2219 4278 inseparabile
2262 4209 2331 4266 0¹
2536 4211 2803 4268 alterutra
2834 4212 2891 4277 0,

643 4289 736 4340 utr
767 4302 811 4342 s.
847 4287 884 4341 l.
917 4303 987 4342 m.
1021 4291 1061 4343 2
1287 4289 1353 4344 13
1386 4288 1551 4344 dante
1594 4291 1661 4347 0¹
1887 4292 1955 4347 16
1990 4294 2291 4350 amicitiam
2332 4299 2388 4364 0,
2424 4297 2763 4354 concordiam
2794 4316 2827 4355 v

641 4373 749 4426 sibi
783 4373 1016 4430 inuicem
1049 4391 1084 4430 υ
1322 4375 1394 4430 22
1427 4376 1709 4432 conturbet
1738 4377 1784 4436 0
2022 4381 2334 4438 uidentibus
2368 4400 2402 4439 v
2641 4384 2714 4440 26
2746 4401 2887 4456 pare·

641 4461 738 4512 ant
779 4459 848 4514 0¹
