3217 5150
619 518 749 583 220
1561 517 1927 585 Appendix.

617 678 806 736 cadat.
839 676 937 751 qui
967 676 1164 735 hostes
1194 676 1414 751 effugit,
1445 678 1518 736 ad
1547 678 1773 751 tempus
1796 694 1898 751 pro
1928 676 2279 737 salutaribus
2300 678 2489 737 causis
2511 680 2783 751 procedat
2806 679 2879 737 ad

619 778 823 861 faciem
864 783 923 839 et
975 780 1182 839 iterum
1234 780 1348 839 cito
1399 780 1691 839 discedere
1738 780 1807 839 de
1861 782 2169 853 conspectu
2218 778 2473 839 festinet.
2518 780 2730 855 ubique
2762 798 2869 855 gu·

619 882 826 941 standa
870 886 960 941 est
1005 901 1130 943 cum
1173 884 1503 943 mulieribus
1521 928 1535 955 ,
1584 900 1698 941 non
1742 883 2123 943 continuanda
2164 883 2491 956 praesentia
2506 928 2521 955 ,
2565 885 2667 943 sed
2711 885 2879 958 quasi

620 986 990 1045 transeunter
1041 985 1272 1045 feminis
1325 986 1644 1045 exhibenda
1694 988 1786 1045 est
1840 988 2089 1045 accessio
2144 988 2555 1060 quodammodo
2608 986 2873 1059 fugitiua.

621 1089 1015 1162 proteruitatis
1066 1090 1215 1149 enim
1257 1088 1372 1148 iam
1414 1091 1615 1162 coepta
1656 1091 1789 1147 sunt
1818 1089 2235 1163 repraesentari
2266 1106 2490 1165 semper
2520 1091 2581 1149 in
2610 1092 2875 1163 medium,
2900 1113 2923 1151 ⁵

620 1194 680 1249 et
719 1192 1061 1264 perditionis
1103 1191 1401 1251 meditatio
1443 1195 1534 1251 est
1575 1192 2062 1266 frequentatiuum
2104 1193 2259 1252 inter
2288 1193 2555 1253 mulieres
2586 1194 2875 1253 celebrare

621 1311 964 1368 processum.
1012 1296 1078 1355 de
1112 1312 1226 1369 qua
1255 1311 1317 1354 re
1347 1295 1512 1354 nobis
1543 1294 1809 1355 Salomon
1836 1295 2195 1355 moderamen
2236 1296 2490 1370 inposuit
2514 1297 2763 1384 dicens:
2810 1298 2877 1357 in

623 1416 724 1457 me
742 1398 856 1457 dio
901 1398 1280 1458 mulierum
1324 1398 1482 1458 noli
1523 1399 1881 1457 assiduus
1936 1414 2115 1459 esse.
2191 1399 2275 1459 sic
2330 1400 2511 1473 igitur
2570 1400 2879 1472 ambulate,

625 1500 708 1561 sic
740 1501 916 1575 agite,
970 1504 1036 1559 ut
1079 1518 1302 1575 semper
1331 1502 1394 1560 in
1435 1500 1664 1561 clericis
1716 1500 1989 1561 ecclesiae
2038 1505 2271 1563 senatus
2312 1502 2591 1562 candidus
2636 1505 2881 1563 constet.

623 1607 902 1665 seueritas
933 1605 994 1664 in
1027 1604 1192 1665 uobis
1223 1606 1372 1663 circa
1403 1604 1647 1663 feminas
1680 1604 1893 1679 uigeat,
1926 1605 2241 1665 auctoritas
2264 1605 2497 1679 polleat,
2530 1608 2697 1681 uigor
2718 1610 2879 1667 tene-
2903 1628 2951 1667 10

629 1711 779 1779 atur,
812 1708 1073 1781 grauitas
1105 1709 1422 1768 ueneretur.

520 1803 604 1862 46
711 1810 788 1867 Vt
835 1810 1007 1869 semel
1062 1810 1250 1869 omnia
1289 1810 1629 1883 colligamus
1682 1812 1755 1869 ad
1798 1811 2133 1883 clausulam,
2188 1812 2537 1872 breuiarium
2574 1812 2883 1886 relegimus

628 1912 792 1972 uobis
825 1914 975 1987 quod
1006 1914 1076 1972 ad
1109 1914 1548 1985 conpendiosam
1579 1913 1992 1987 plenitudinem
2033 1915 2299 1989 redigens
2345 1915 2635 1990 apostolus
2666 1914 2885 1975 Paulus

625 2017 907 2077 insinuat:
983 2018 1064 2077 de
1119 2024 1362 2077 cetero
1381 2062 1394 2089 ,
1469 2017 1687 2092 inquit,
1761 2018 2075 2091 fratres,
2150 2035 2638 2094 quaecumque
2712 2020 2887 2077 sunt

624 2138 812 2191 uera,
859 2137 1348 2203 quaecumque
1393 2119 1675 2195 pudica,
1708 2138 2195 2197 quaecumque
2238 2122 2309 2181 iu
2327 2124 2461 2193 sta,
2510 2138 2889 2195 quaecum·
2908 2140 2953 2180 ιε

625 2242 760 2298 que
805 2226 1092 2295 sancta,
1159 2238 1655 2297 quaecumque
1701 2223 2080 2298 amabilia,
2128 2241 2619 2299 quaecumque
2664 2223 2890 2283 bonae

625 2329 892 2399 famae,
953 2328 1014 2387 si
1069 2344 1205 2402 qua
1250 2327 1492 2386 uirtus
1513 2372 1528 2399 ,
1603 2326 1667 2385 si
1723 2343 1865 2400 qua
1916 2328 2083 2387 laus
2143 2327 2597 2402 disciplinae
2616 2372 2631 2399 ,
2706 2328 2891 2386 haec

626 2429 950 2505 cogitate
1013 2448 1185 2505 quae
1243 2448 1320 2489 ac
1339 2428 1653 2503 cepistis
1710 2431 1779 2487 et
1833 2429 2225 2490 didicistis
2284 2433 2354 2491 et
2420 2430 2629 2490 audis
2648 2430 2751 2489 tis
2818 2430 2891 2489 et

625 2535 942 2596 uidistis
985 2534 1056 2594 in
1101 2550 1220 2594 me.
1269 2534 1450 2594 haec
1493 2531 1693 2608 agite
1739 2533 1811 2592 et
1840 2532 2029 2594 Deus
2074 2534 2279 2608 pacis
2323 2536 2399 2593 et
2445 2532 2890 2594 dilectionis

629 2640 778 2698 erit
822 2640 1216 2699 uobiscum.
1261 2655 1443 2698 amen.
2907 2661 2959 2702 ao

959 3293 1219 3392 XIIII.
1295 3293 1438 3393 DE
1503 3293 1945 3392 DVPLICI
2004 3291 2563 3389 MARTYRIO

1348 3483 1470 3566 AD
1541 3481 2181 3568 FORTVNATVM.

579 3875 612 3932 1
718 3844 1110 3927 Multifariam
1139 3866 1452 3940 multisque
1491 3865 1674 3925 modis
1715 3883 1821 3940 ago
1864 3864 2107 3940 gratias,
2158 3863 2465 3923 Fortunate
2496 3861 2639 3921 mihi
2684 3861 2745 3919 in
2776 3861 2893 3960 D⁰f

635 3971 786 4030 mino
818 3972 1130 4043 carissime,
1183 3969 1410 4030 diuinae
1441 3969 1806 4044 benig-nitati,
1856 3969 2008 4043 quod
2037 3971 2095 4027 et
2126 3971 2286 4027 tuam
2314 3967 2589 4040 pietatem
2620 3963 2895 4023 excitauit

775 4171 806 4225 7
843 4171 939 4225 Sir.
978 4171 1062 4236 42,
1103 4172 1184 4226 12.
1412 4170 1479 4226 14
1514 4169 1657 4222 Phil.
1694 4169 1747 4233 4,
1782 4171 1830 4225 8.
1868 4171 1916 4224 9.

772 4361 806 4415 6
841 4360 1300 4429 frequentantium
1343 4360 1388 4415 Ο
1525 4360 1590 4414 13
1615 4358 1807 4428 paulus
1834 4357 2111 4428 apostolus
2136 4373 2168 4410 v
2310 4355 2376 4408 14
2410 4353 2595 4422 inquit
2626 4369 2728 4407 om.
2754 4369 2801 4405 v.
2832 4380 2896 4391 -

635 4447 870 4516 Explicit
903 4445 1060 4516 (liber
1095 4445 1222 4500 add.
1259 4463 1329 4500 m.
1366 4449 1427 4514 2)
1463 4445 1528 4498 de
1564 4445 1947 4514 singularitate
1980 4445 2287 4498 clericorum
2332 4441 2389 4498 G.
2431 4470 2493 4480 -
