3217 5150
883 535 974 588 De
1007 534 1268 589 Pascha
1301 536 1648 602 computus
1687 547 1734 585 c.
1773 531 1991 586 10-12.
2422 530 2551 597 259

315 695 510 759 oculos
541 696 724 770 ipsius
751 691 1076 754 interfecit:
1137 695 1198 753 et
1237 692 1323 753 sic
1359 692 1550 767 ipsum
1593 690 1882 753 Sedecim
1910 689 2137 751 orbauit
2186 691 2246 750 et
2295 689 2551 748 uinctum

315 818 445 861 eum
494 800 556 858 in
583 797 958 874 Babyloniam
999 795 1128 855 duci
1169 794 1373 868 iussit,
1430 797 1489 855 et
1516 795 1578 854 in
1607 795 1925 855 molendino
1956 792 2255 854 constituit
2270 839 2285 866 ,
2344 791 2445 851 ubi
2494 794 2553 850 et

321 904 580 963 mortuus
608 903 714 961 est.
767 903 906 961 tunc
957 898 1328 973 adimpletum
1379 900 1468 959 est
1517 899 1586 957 de
1631 915 1697 959 eo
1727 896 1878 972 quod
1906 896 2127 957 dixerat
2156 895 2428 957 Dominus
2454 911 2559 969 per

323 1004 682 1067 Ezechielem
738 1004 1106 1079 prophetam:
1187 1006 1260 1063 et
1313 1003 1686 1062 extendam
1739 999 2005 1061 retiam
2072 1016 2287 1060 meam
2346 1015 2561 1072 super

289 1127 517 1182 seum,
583 1111 654 1168 et
697 1107 1346 1182 comprehendetur
1387 1105 1460 1164 in
1505 1103 2021 1176 conclusione,
2090 1104 2160 1161 et
2212 1102 2561 1161 adducam

317 1229 472 1271 eum
515 1211 589 1269 in
633 1211 1072 1286 Babylonem
1115 1210 1188 1269 in
1232 1211 1434 1269 terra
1477 1208 2010 1267 Chaldaeorum
2055 1207 2127 1265 et
2170 1204 2558 1289 istam-ter-

317 1331 465 1374 ram
509 1331 647 1373 non
689 1313 1013 1385 uidebit,
1059 1316 1132 1372 et
1176 1311 1344 1372 illic
1387 1311 1755 1372 morietur.
1816 1309 2082 1369 similiter
2132 1309 2191 1367 et
2240 1306 2561 1366 Hieremias

316 1418 599 1493 propheta
627 1417 696 1475 de
725 1433 790 1476 eo
821 1418 880 1475 et
908 1416 1173 1475 uniuerso
1215 1416 1422 1489 populo
1453 1415 1574 1474 eius
1596 1399 1965 1489 prophetauit
1985 1412 2207 1473 dicens:
2246 1412 2286 1469 h
2300 1428 2380 1470 ae
2394 1427 2424 1470 c
2454 1409 2555 1469 di-

315 1521 419 1579 cit
448 1519 822 1579 Dominus:
870 1518 981 1579 sic
1025 1519 1304 1578 tradam
1335 1517 1711 1578 Sedeciam
1756 1534 1995 1591 regem
2038 1517 2213 1576 Iuda
2256 1517 2327 1575 et
2369 1514 2559 1589 prin-

253 1622 519 1697 iocipes
585 1621 742 1681 eius
809 1624 878 1681 et
943 1621 1284 1682 residuos
1350 1621 1425 1681 in
1481 1620 1979 1693 Hierusalem,
2038 1619 2159 1694 qui
2213 1617 2561 1677 derelicti

313 1728 482 1785 sunt
523 1725 599 1783 in
641 1728 915 1784 terram
968 1724 1186 1784 istam
1230 1728 1300 1784 et
1344 1741 1460 1784 eos
1504 1724 1629 1799 qui
1687 1724 2037 1784 habitant
2077 1723 2149 1782 in
2192 1721 2560 1796 Aegypto:

313 1830 388 1889 et
446 1829 626 1888 dabo
693 1845 816 1887 eos
859 1828 934 1887 in
999 1826 1573 1902 dissipationem
1620 1828 1693 1887 in
1736 1828 1968 1888 omnia
2018 1842 2238 1898 regna
2306 1826 2557 1883 terrae

313 1934 388 1990 et
439 1930 514 1989 in
579 1930 1050 2005 opprobrium
1106 1933 1178 1989 et
1230 1930 1302 1990 in
1359 1931 1780 2005 parabolam
1824 1932 1897 1990 et
1941 1930 2013 1988 in
2077 1927 2315 1988 odium
2357 1930 2431 1987 et
2488 1928 2559 1986 in

314 2033 888 2106 execrationem,
955 2033 1029 2091 in
1071 2034 1260 2093 omni
1301 2033 1457 2094 loco
1502 2051 1635 2108 quo
1695 2051 1814 2094 eos
1857 2033 2244 2107 expulero:
2314 2034 2384 2091 et
2425 2031 2547 2089 1111-

245 2137 599 2199 iamittam
658 2136 733 2196 in
789 2152 910 2196 eos
973 2137 1228 2196 famem
1281 2139 1354 2196 et
1417 2140 1721 2197 mortem
1766 2140 1836 2197 et
1911 2135 2271 2211 gladium,
2336 2136 2561 2194 donec

315 2240 679 2300 deficiant
721 2258 755 2300 a
797 2241 998 2299 terra
1040 2258 1240 2316 quam
1285 2240 1452 2299 dedi
1496 2241 1621 2301 eis·

400 2342 708 2402 Vndecimo
737 2342 929 2416 itaque
959 2359 1104 2401 anno
1136 2343 1402 2403 Sedeciae
1433 2342 1687 2417 suppleti
1731 2344 1865 2402 sunt
1893 2343 1966 2402 ab
1996 2340 2189 2402 Exodo
2232 2339 2370 2400 anni
2397 2338 2555 2399 mille
2587 2338 2665 2397 12

316 2448 376 2507 et
406 2462 526 2505 sex.
558 2450 618 2503 et
639 2448 776 2505 tunc
804 2447 1052 2521 populus
1081 2446 1435 2519 Iudaeorum,
1489 2446 1587 2521 qui
1635 2445 1825 2519 legem
1865 2461 1979 2504 non
2022 2444 2424 2504 obseruauerat
2453 2440 2553 2500 sed

322 2548 517 2624 potius
545 2552 742 2609 contra
769 2549 1122 2610 uoluntatem
1150 2548 1257 2610 Dei
1287 2548 1436 2610 filios
1481 2566 1613 2610 suos
1645 2548 1815 2610 idolis
1866 2548 2259 2609 immolauerat
2273 2592 2288 2619 ,
2335 2547 2395 2603 et
2435 2543 2559 2618 ipse

247 2673 302 2712 20
323 2653 582 2726 captiuus
612 2654 832 2728 agitur:
888 2657 947 2712 et
998 2654 1204 2713 ciuitas
1248 2669 1440 2715 eorum
1489 2671 1633 2728 quae
1684 2669 2005 2728 synagogae
2057 2650 2319 2725 portabat
2360 2651 2559 2723 typum

323 2772 593 2816 succensa
622 2758 694 2816 ab
721 2756 1064 2817 aduersariis
1093 2757 1428 2830 eradicatur,
1459 2758 1517 2816 et
1546 2756 1823 2830 templum
1843 2755 2008 2827 illud,
2039 2752 2188 2828 quod
2209 2752 2271 2811 in
2290 2750 2560 2826 mysterio

322 2860 480 2918 Adae
510 2858 697 2918 fuerat
724 2858 1086 2933 fabricatum,
1140 2862 1198 2920 et
1247 2859 1432 2934 ipsum
1483 2876 1518 2918 a
1567 2857 1954 2918 fundamentis
2007 2855 2357 2917 subuertitur
2401 2855 2459 2913 et
2487 2852 2559 2910 ad

321 2960 556 3035 planum
585 2963 882 3037 redigitur.
927 2966 986 3023 et
1022 2963 1105 3023 sic
1127 2963 1291 3023 nobis
1320 2963 1421 3037 qui
1451 2963 1510 3021 in
1539 2962 1866 3023 nouissimis
1909 2961 2109 3021 diebus
2138 2958 2365 3018 credere
2392 2971 2559 3030 prae-

324 3064 670 3141 uidebamur,
700 3083 969 3140 magnum
996 3070 1062 3127 ut
1091 3067 1209 3126 dixi
1238 3070 1652 3127 sacramentum
1697 3066 2211 3125 demonstrabatur.
2272 3059 2481 3121 etenim
2509 3057 2561 3118 si

249 3193 302 3234 κ.
321 3171 610 3228 meruerat
652 3169 775 3244 ipse
835 3171 1078 3245 populus
1125 3173 1184 3230 et
1233 3169 1437 3230 ciuitas
1487 3169 1849 3229 exterminari
1867 3214 1883 3243 ,
1950 3168 2087 3243 quid
2136 3167 2409 3241 templum
2456 3161 2563 3220 Dei

458 3439 495 3493 4
529 3439 618 3494 Ez.
655 3440 737 3506 12,
776 3439 858 3494 13.
1064 3442 1100 3496 8
1133 3439 1276 3494 Hier.
1315 3439 1398 3504 24,
1436 3438 1623 3493 8—10.

460 3681 492 3734 1
529 3680 828 3735 sedechiam
862 3680 1135 3735 inorbauit
1170 3682 1201 3737 b
1405 3680 1440 3735 3
1473 3681 1528 3734 et
1560 3683 1690 3735 tunc
1726 3697 1787 3736 cv
1993 3679 2198 3734 dixerat
2234 3677 2479 3732 dominus
2514 3678 2562 3742 b,

321 3766 528 3821 dictum
564 3770 648 3821 est
683 3783 715 3821 a
748 3767 961 3822 domino
997 3784 1058 3822 cv
1366 3767 1403 3821 4
1437 3769 1494 3820 et
1525 3783 1625 3821 om.
1662 3782 1725 3822 cv
2032 3767 2067 3820 6
2101 3767 2156 3818 et
2191 3766 2250 3819 in
2284 3766 2428 3818 terra
2463 3764 2495 3818 b

325 3856 354 3909 7
393 3854 638 3907 ieremias
673 3854 705 3907 b
1111 3855 1146 3908 8
1181 3854 1438 3924 propheta
1485 3870 1584 3907 om.
1622 3853 1653 3907 b
2058 3852 2093 3904 9
2129 3851 2427 3906 sedechiam
2463 3851 2494 3906 b

329 3940 397 3994 10
431 3940 545 3994 cius
581 3955 680 3994 om.
718 3956 747 3993 c
1059 3941 1116 3993 in
1151 3941 1302 4009 (oente
1336 3940 1490 4008 hier.)
1526 3955 1629 3993 om.
1666 3939 1697 3993 b
2017 3938 2081 3991 11
2117 3936 2431 3991 inhabitant
2464 3954 2494 3993 c

325 4027 393 4080 12
437 4025 844 4094 dissipationem
890 4027 936 4091 b,
989 4025 1362 4094 dispersionem
1409 4043 1470 4082 cv
1813 4025 1881 4079 14
1913 4027 1969 4078 et
2016 4025 2072 4078 in
2119 4024 2291 4078 locum
2337 4023 2431 4079 ubi
2465 4039 2495 4079 c

324 4110 544 4165 mittam
580 4111 612 4165 b
1012 4111 1076 4164 17
1113 4111 1192 4164 XI
1229 4112 1413 4181 itaque
1449 4113 1603 4166 annis
1640 4111 1873 4182 suppleti
1909 4112 2035 4165 sunt
2070 4110 2325 4164 Ezechiae
2359 4110 2427 4163 ab
2463 4111 2494 4166 b

324 4197 602 4266 suppletae
637 4212 667 4253 c
849 4197 976 4252 anni
1011 4213 1112 4252 om.
1151 4215 1181 4252 c
1363 4200 1429 4253 18
1464 4201 1521 4253 et
1556 4200 1663 4268 sex]
1702 4213 1791 4252 sex
1826 4199 1889 4253 ut
1924 4198 1956 4252 b
2138 4197 2207 4251 20
2241 4201 2431 4266 agetur
2466 4213 2497 4251 c

321 4285 632 4352 portauerat
667 4300 728 4339 cv
988 4284 1053 4338 21
1091 4283 1406 4354 eradicatur]
1443 4283 1677 4338 traditur
1710 4285 1743 4339 b
2017 4283 2086 4337 22
2120 4282 2461 4336 subuertetur
2494 4281 2564 4336 ad
2653 4269 2661 4276 ⁶

325 4369 546 4437 planum
592 4369 863 4439 redigetur
898 4387 928 4426 c
1332 4370 1400 4424 23
1436 4372 1530 4439 qui
1575 4387 1676 4427 om.
1716 4387 1745 4425 c
2150 4369 2220 4424 24
2254 4369 2318 4438 si]
2356 4368 2433 4422 sic
2467 4383 2497 4423 c

325 4456 396 4510 25
429 4453 571 4524 quod
605 4471 635 4510 c

2014 4545 2157 4606 17*
