3217 5150
1365 536 1693 590 Carmina.
2370 587 2374 594 .
2517 535 2640 600 317

783 698 923 768 Quis
951 698 1151 757 melior
1182 697 1369 770 specie
1400 696 1491 756 uel
1520 697 1648 770 quis
1677 696 1986 770 praecellat
2014 697 2246 756 honore.

777 801 1097 874 Numquam
1126 798 1416 872 florigenis
1448 799 1666 858 similes
1696 801 2004 858 nascuntur
2033 797 2096 856 in
2123 798 2306 857 hortis

610 905 737 964 210
780 902 931 962 Lilia
961 921 1065 962 nec
1093 902 1305 962 nostris
1334 902 1646 961 floruerunt
1673 901 1818 960 talia
1847 900 2080 973 campis,

772 1006 895 1066 Nec
926 1005 1007 1064 sic
1036 1007 1173 1064 nota
1200 1005 1367 1064 rubet
1397 1023 1525 1062 mox
1554 1007 1656 1063 aut
1683 1022 1812 1063 rosa
1840 1003 2112 1077 panditur
2141 1004 2290 1074 alba,

770 1111 1033 1183 Purpura
1060 1125 1165 1167 nec
1194 1108 1364 1183 Tyrio
1396 1108 1483 1166 sic
1510 1111 1599 1165 est
1629 1106 1854 1166 incocta
1882 1107 2105 1166 rubore.

771 1212 1000 1272 Gemma
1029 1211 1297 1272 coloratis
1327 1211 1513 1284 fulget
1541 1211 1798 1284 speciosa
1826 1209 2065 1283 lapillis,

771 1317 1048 1376 Prasinus
1078 1317 1209 1375 inde
1238 1316 1404 1387 nitet,
1438 1315 1599 1374 illinc
1627 1314 2003 1373 carbunculus
2034 1315 2214 1384 ardet,

606 1421 727 1479 215
775 1420 1227 1493 Smaragdusque
1256 1417 1406 1492 lapis
1438 1417 1712 1476 micantia
1739 1416 1960 1476 lumina
1987 1417 2195 1476 fundit.

772 1523 885 1582 Hic
918 1525 977 1581 et
1006 1521 1303 1582 odoriferis
1332 1523 1644 1584 nascuntur
1673 1520 1938 1580 cinnama
1965 1520 2146 1593 uirgis

765 1626 845 1684 Et
872 1626 1044 1684 uiridi
1072 1626 1285 1684 laetum
1314 1625 1452 1683 folio
1483 1625 1811 1698 confragrat
1841 1639 2140 1682 amomum.

766 1729 878 1789 Hic
907 1729 1055 1796 iacet
1083 1727 1402 1802 ingenitum
1431 1727 1640 1787 radiati
1669 1727 1902 1786 luminis
1935 1745 2152 1796 aurum,

763 1833 841 1892 Et
866 1849 1093 1892 nemora
1122 1825 1241 1891 alta
1269 1835 1472 1890 tenens
1502 1831 1724 1890 florenti
1757 1832 1970 1890 uertice
2001 1831 2238 1901 caelum,

600 1937 726 1996 220
768 1936 1135 2010 Vireutisque
1164 1935 1407 2010 granant
1435 1935 1720 1992 uberrima
1749 1934 2008 2008 germina
2038 1949 2239 1992 ramos.

770 2041 947 2100 Nulla
977 2059 1111 2100 suos
1142 2041 1360 2100 similes
1386 2040 1640 2114 porrexit
1667 2039 1834 2098 India
1863 2039 2041 2110 lucos,

755 2144 887 2204 Non
916 2145 1001 2202 ita
1028 2146 1207 2203 densa
1234 2144 1392 2202 leuat
1420 2143 1626 2202 uiridis
1659 2143 1952 2202 cacumina
1982 2141 2169 2216 pium,

756 2248 875 2307 Nec
906 2248 991 2307 sic
1019 2247 1141 2307 alta
1167 2243 1355 2307 comas
1386 2247 1601 2320 crispat
1629 2247 1856 2305 uibrata
1885 2221 2207 2319 cupressus,

755 2351 878 2410 Nec
905 2368 1114 2409 uernus
1146 2349 1348 2408 melius
1379 2351 1541 2410 floret
1571 2366 1699 2408 cum
1727 2351 1979 2422 tempore
2007 2365 2218 2408 ramuS.

590 2455 712 2514 225
758 2455 870 2514 Hic
898 2454 1067 2513 aliter
1098 2455 1283 2513 celsae
1312 2435 1608 2512 florentin
1641 2453 1851 2511 uertice
1881 2451 2077 2526 nigrae

762 2558 1185 2631 Aeternumque
1216 2557 1405 2616 uirent
1434 2556 1587 2616 solae
1621 2555 1744 2615 sine
1773 2554 2052 2629 grandine
2083 2553 2283 2613 siluae.

761 2661 938 2720 Nulla.
966 2663 1175 2719 cadunt
1203 2661 1361 2733 folia,
1395 2660 1587 2719 nullus
1617 2661 1722 2719 flos
1750 2661 2002 2732 tempore
2035 2658 2199 2717 defit:

756 2763 977 2823 Robore
1006 2765 1281 2837 conpacta
1307 2764 1557 2835 nitent-1·
1579 2764 1886 2834 cacumina,
1917 2764 2196 2836 purpurat
2223 2762 2410 2823 arbor.

760 2866 869 2925 Sed
901 2866 1036 2940 puto
1066 2867 1169 2926 flos
1200 2866 1299 2926 ille
1328 2884 1457 2925 rosa
1488 2870 1596 2938 est,
1628 2867 1800 2925 rubor
1831 2882 2044 2940 aequus
2073 2865 2135 2924 in
2165 2865 2285 2938 illo,

585 2972 710 3029 230
757 2969 849 3030 Sic
878 2970 1122 3044 speciem
1151 2970 1327 3029 talem
1358 2968 1516 3029 foliis
1544 2970 1802 3043 adspirat
1831 2971 2079 3029 odorum.

510 3256 613 3309 208
652 3255 888 3309 melioris
933 3256 1019 3306 W¹
1194 3255 1312 3322 quis
1358 3256 1441 3318 W,
1478 3254 1601 3323 plus
1636 3254 1780 3309 DTv
1951 3255 2054 3307 209
2087 3252 2351 3322 florigeris
2388 3252 2550 3306 Aldh.

376 3340 570 3395 similis
592 3341 651 3395 D
789 3340 980 3409 hortis]
1009 3340 1117 3393 oris
1146 3340 1196 3393 Τ
1256 3356 1264 3361 ·
1328 3340 1431 3395 211
1456 3341 1549 3409 sic]
1577 3342 1624 3393 si
1655 3342 1731 3396 W
1867 3345 1962 3395 aut
1990 3342 2202 3409 scr-ipsi,
2241 3342 2304 3393 ut
2326 3340 2553 3395 DTWv

372 3443 523 3482 rosea
564 3428 615 3481 T
818 3426 943 3480 alba
978 3426 1159 3490 Aldh„
1196 3426 1325 3479 arba
1367 3428 1449 3491 1⁷¹,
1488 3442 1618 3479 arua
1653 3426 1902 3482 DT²Wv
2105 3428 2207 3481 212
2242 3442 2499 3496 purperea
2543 3428 2646 3491 W,‘

370 3529 635 3583 purpurea
668 3512 781 3567 DT
921 3510 1091 3581 tyrios
1134 3513 1196 3576 T,
1231 3514 1407 3565 tareos
1452 3512 1529 3567 W
1670 3514 1772 3566 213
1809 3514 2072 3567 coloratus
2111 3513 2183 3566 T¹
2329 3514 2434 3568 214
2453 3500 2620 3568 ‘illinc

371 3600 543 3665 TW',
578 3599 733 3654 illine
774 3600 887 3662 W²,
924 3597 1041 3651 illic
1074 3598 1165 3652 Dv
1311 3598 1416 3651 215
1449 3598 1867 3667 zmaragdusque
1908 3600 1958 3654 T
2101 3600 2206 3654 216
2240 3600 2485 3653 cinnoma
2517 3617 2550 3655 v

366 3686 470 3741 217
507 3687 651 3740 laeto
685 3685 777 3740 Dv
998 3684 1305 3753 confraglat
1337 3685 1399 3748 T,
1435 3684 1736 3753 conflagrat
1765 3684 1939 3741 DWv
2157 3686 2260 3740 219
2295 3688 2482 3740 tenent
2517 3702 2550 3740 v

365 3772 613 3827 florentia
645 3772 737 3827 Dv
994 3776 1121 3839 post
1156 3786 1379 3824 uersum
1414 3774 1523 3825 219
1550 3773 1828 3840 praecipit
1865 3772 1916 3825 T
1946 3776 2051 3828 259
2086 3775 2251 3841 atque
2273 3804 2343 3813 —-
2365 3776 2474 3828 274
2509 3776 2616 3826 tre-

366 3861 623 3923 mescunt,
658 3874 757 3913 suo
792 3858 995 3911 iterum
1030 3858 1142 3910 loco
1175 3858 1269 3910 hos
1303 3872 1497 3911 uersus
1534 3858 1790 3911 exhibens
2007 3860 2110 3913 220
2144 3860 2483 3928 nitentesque
2516 3877 2549 3914 v

367 3945 601 4015 grabant
644 3946 695 3999 T
894 3959 1042 3997 ramo
1080 3943 1212 3999 TW
1412 3943 1516 3996 221
1551 3943 1719 4012 lucos]
1756 3944 1901 3997 colus
1937 3945 2135 4000 DTW
2332 3946 2435 3999 223
2469 3932 2611 4001 uera.

362 4034 473 4086 223
508 4036 560 4085 et
594 4033 707 4085 224
740 4031 966 4084 inuerso
1002 4028 1195 4083 ordine
1232 4030 1353 4085 exh.
1392 4046 1425 4083 v
1589 4073 1599 4084 ,
1639 4030 1852 4097 uiprata
1895 4032 1992 4086 W*
2111 4016 2120 4027 “
2187 4049 2461 4102 cypressus
2501 4034 2552 4087 T

363 4115 466 4169 224
500 4132 665 4171 uerno
702 4116 831 4181 fort.
1083 4115 1185 4169 225
1220 4114 1332 4169 hiic
1375 4116 1454 4171 W
1624 4118 1782 4170 aliter
1819 4117 1988 4171 celsae
2021 4118 2229 4186 DTW,
2263 4119 2469 4173 abietes
2505 4119 2612 4173 clo-

363 4216 451 4254 sae
484 4218 519 4257 v
676 4202 780 4256 226
815 4202 957 4255 solae
991 4202 1121 4270 sine]
1161 4202 1335 4255 solens
1370 4202 1429 4255 in
1470 4202 1521 4255 T
1679 4203 1932 4273 glandine
1963 4204 2096 4268 fort.
2269 4206 2372 4259 227
2406 4206 2614 4260 nullus-

363 4303 465 4356 que
496 4302 529 4341 υ
721 4288 852 4343 defit
890 4289 1021 4353 TW,
1060 4289 1201 4343 desit
1234 4288 1327 4343 Dv
1486 4290 1590 4344 228
1625 4290 1814 4344 rubore
1845 4290 1938 4346 Dv
2101 4293 2371 4347 cacumine
2404 4292 2550 4351 DW

362 4377 617 4443 purporat
677 4374 765 4439 W,
820 4390 1051 4444 purpura
1095 4375 1216 4436 Dvs
1270 4375 1402 4440 fort.
1458 4375 1646 4430 robore
1694 4380 1948 4446 conpacto
1985 4378 2127 4432 uiret
2179 4381 2235 4432 et
2284 4382 2546 4448 purpurat

361 4458 465 4513 229
497 4458 627 4513 illae
665 4461 719 4514 T
850 4458 1008 4513 robor
1042 4461 1173 4517 TW
1307 4476 1427 4514 ecus
1460 4461 1510 4514 T
1643 4463 1748 4517 230
1784 4462 2001 4517 odorum
2031 4464 2121 4529 W,
2156 4464 2364 4519 odorem
2398 4464 2544 4520 DTv
