3217 5150
671 579 756 644 22
1243 605 1252 614 -
1617 573 1983 644 Appendix.

675 741 917 796 mortes:
947 738 1094 797 nihil
1126 739 1246 796 tam
1275 753 1527 806 saeuum,
1572 736 1689 792 tam
1721 734 1940 808 durum,
1984 737 2105 793 tam
2144 734 2332 806 triste,
2376 749 2545 806 quam
2574 728 2850 790 cecidisse
2882 731 2965 788 de

682 841 798 899 alto
829 839 1136 912 pudicitiae
1159 840 1361 913 gradu.
1395 837 1554 911 digni
1583 840 1747 896 tanto
1776 837 1980 896 iudicis
2010 836 2201 896 diuini
2231 821 2500 910 praemio,
2532 850 2768 908 quorum
2800 833 2961 891 alter

683 944 842 1016 regio
886 960 1062 1016 paene
1106 944 1310 1002 throno
1358 941 1781 1012 inlustraretur,
1826 941 2005 1000 altera
2057 939 2353 999 concordia
2382 936 2573 997 mariti
2602 936 2803 996 dotata
2832 934 2953 992 ini-

679 1047 950 1105 micorum
993 1045 1266 1104 mortibus
1296 1043 1688 1102 redimeretur.
1735 1043 1877 1101 haec
1906 1045 2041 1102 sunt
2070 1045 2129 1100 et
2164 1041 2257 1100 his
2284 1040 2501 1099 similia
2528 1055 2753 1112 semper
2780 1037 2955 1097 nobis

679 1152 812 1208 ante
841 1149 1033 1208 oculos
1066 1146 1323 1221 exempla
1353 1147 1629 1219 ponenda,
1658 1146 1749 1204 his
1778 1146 1943 1218 paria
1968 1145 2173 1204 diebus
2202 1143 2577 1217 noctibusque
2600 1141 2949 1201 meditanda.
2974 1162 3005 1200 s

573 1251 649 1307 11
757 1251 922 1310 Nihil
951 1251 1201 1310 animum
1231 1247 1454 1308 fidelem
1485 1249 1568 1308 sic
1597 1248 1844 1306 delectat
1874 1265 2044 1322 quam
2084 1249 2309 1320 integra
2336 1245 2669 1305 inmaculati
2712 1243 2953 1318 pudoris

677 1354 1043 1414 conscientia.
1091 1353 1440 1428 uoluptatem
1485 1351 1692 1410 uicisse
1736 1350 2005 1424 uoluptas
2035 1353 2127 1409 est
2155 1350 2429 1410 maxima:
2478 1363 2583 1407 nec
2614 1347 2736 1408 ulla
2764 1346 2953 1405 maior

677 1459 770 1517 est
798 1456 1040 1516 uictoria
1067 1473 1236 1530 quam
1265 1472 1334 1515 ea
1361 1469 1508 1528 quae
1537 1454 1608 1512 de
1638 1454 2051 1528 cupiditatibus
2094 1454 2359 1513 refertur.
2408 1453 2505 1527 qui
2548 1453 2770 1512 hostem
2798 1450 2949 1509 uicit

533 1560 600 1598 Γ
665 1561 870 1621 fortior
911 1559 1040 1632 fuit,
1083 1560 1184 1618 sed
1232 1558 1454 1618 altero:
1503 1557 1603 1631 qui
1656 1557 1952 1616 libidinem
1982 1557 2257 1632 repressit
2304 1574 2365 1616 se
2400 1556 2523 1629 ipso
2553 1555 2755 1614 fortior
2796 1554 2945 1614 fuit:

667 1664 766 1739 qui
796 1664 1088 1723 inimicum
1116 1662 1432 1736 prostrauit
1459 1663 1754 1720 externum
1795 1663 2016 1720 hostem
2062 1660 2375 1734 percussit:
2423 1659 2522 1733 qui
2562 1658 2939 1732 cupiditatem
2960 1679 3025 1718 m

667 1766 948 1840 depressit
976 1765 1197 1824 hostem
1226 1764 1596 1824 domesticum
1627 1763 1937 1837 superauit.
1986 1764 2199 1823 malum
2231 1779 2393 1823 omne
2425 1761 2653 1820 facilius
2686 1761 2941 1820 uincitur

668 1886 835 1943 quam
857 1869 1142 1942 uoluptas,
1174 1869 1473 1942 quiaillud
1497 1867 1773 1941 quidquid
1802 1871 1893 1928 est
1924 1869 2213 1928 horridum
2242 1869 2349 1940 est,
2380 1868 2489 1925 hoc
2519 1865 2790 1924 blandum
2822 1867 2939 1923 est.

665 1973 811 2032 nihil
841 1977 960 2032 tam
992 1972 1222 2032 difficile
1253 1972 1591 2047 obprimitur
1622 1988 1792 2045 quam
1814 1972 1966 2045 quod
1994 1987 2095 2046 per
2116 1971 2263 2031 iHud
2287 1973 2561 2029 armatur.
2594 1969 2691 2043 qui
2714 1967 2935 2042 cupidi-

667 2078 818 2136 tates
869 2076 1028 2136 tollit
1066 2079 1126 2135 et
1170 2079 1356 2136 metus
1408 2074 1675 2134 sustulit:
1731 2092 1864 2134 nam
1894 2091 1963 2134 ex
2002 2073 2415 2148 cupiditatibus
2459 2073 2642 2131 metus
2671 2070 2932 2130 ueniunt.

668 2179 766 2254 qui
797 2180 1142 2254 cupiditates
1171 2179 1312 2252 uicit
1341 2179 1410 2238 de
1440 2181 1671 2251 peccato
1702 2177 2106 2251 triumphauit,
2139 2176 2238 2250 qui
2268 2175 2610 2249 cupiditates
2640 2173 2781 2233 uicit
2810 2189 2931 2232 ma-
2952 2195 3003 2234 ιε

667 2284 786 2342 lum
828 2283 1053 2356 generis
1094 2282 1328 2341 humani
1357 2282 1463 2340 sub
1493 2281 1735 2354 pedibus
1766 2281 1887 2340 suis
1917 2280 2100 2340 iacere
2130 2278 2404 2350 ostendit,
2451 2278 2550 2352 qui
2582 2277 2931 2351 cupiditates

667 2386 808 2445 uicit
837 2403 1033 2459 pacem
1076 2384 1188 2444 sibi
1217 2387 1545 2458 perpetuam
1576 2383 1751 2454 dedit,
1784 2383 1882 2456 qui
1913 2383 2255 2456 cupiditates
2286 2381 2429 2440 uicit
2460 2380 2785 2439 libertatem
2816 2381 2934 2440 sibi

668 2490 818 2565 quod
860 2492 950 2548 est
989 2489 1161 2548 etiam
1216 2489 1478 2562 ingenuis
1525 2486 1927 2547 difficillimum
1967 2487 2235 2546 reddidit.
2293 2485 2621 2544 meditanda
2662 2487 2751 2544 est
2794 2501 2933 2559 ergo

667 2596 851 2667 nobis,
883 2594 1113 2664 fratres,
1143 2595 1210 2651 ut
1240 2608 1330 2651 res
1361 2592 1583 2663 docent,
1629 2606 1851 2664 semper
1876 2590 2184 2664 pudicitia:
2231 2606 2341 2664 quo
2372 2588 2593 2649 facilior
2624 2589 2719 2668 sit,
2750 2588 2932 2648 nullis

672 2697 893 2756 artibus
917 2696 1160 2755 constat.
1199 2712 1342 2767 quae
1366 2693 1515 2752 enim
1539 2694 1699 2752 illam
1724 2697 2075 2753 consummat
2098 2691 2367 2752 uoluntas
2394 2696 2500 2765 est,
2526 2708 2670 2765 quae
2694 2708 2795 2751 nec
2816 2692 2932 2750 nisi
2952 2706 3013 2749 zo

812 3030 843 3085 1
882 3030 1078 3083 mortis
1114 3031 1178 3092 Z,
1213 3044 1384 3084 mores
1419 3029 1484 3082 K
1489 3032 1504 3059 ¹
1679 3044 1830 3083 senos
1864 3029 1916 3082 Z
2096 3028 2285 3082 durum
2322 3027 2431 3081 fuit
2466 3029 2519 3082 Z
2686 3028 2719 3079 2
2754 3026 2933 3080 diuini

673 3116 866 3169 iudicis
901 3116 950 3169 Z
1153 3116 1360 3169 alterne
1392 3116 1443 3169 Z
1670 3114 1704 3168 3
1738 3115 1906 3184 regio]
1942 3114 2135 3183 religio
2169 3115 2221 3167 Z
2456 3113 2643 3182 altera]
2683 3114 2820 3167 alter
2856 3114 2933 3176 K,

669 3202 808 3255 alter
843 3201 1073 3256 alterum
1110 3202 1162 3255 Z
1324 3200 1604 3255 concordia
1638 3217 1709 3253 m.
1748 3200 1818 3269 d.]
1858 3200 2221 3255 concordando
2260 3204 2432 3253 totam
2470 3200 2520 3252 Z
2674 3200 2709 3253 4
2745 3198 2943 3253 morti·

669 3288 789 3357 bus]
827 3287 1026 3341 mortui
1062 3287 1114 3341 Z
1315 3286 1620 3340 redderetur
1656 3286 1767 3340 KZ
1910 3342 1915 3347 ,
1966 3286 2001 3338 6
2036 3286 2215 3340 anime
2250 3286 2301 3339 Z
2502 3286 2771 3353 integram
2806 3285 2861 3339 Z

670 3372 999 3427 inmaculata
1035 3373 1102 3427 K
1129 3388 1192 3427 cn
1226 3388 1268 3427 s.
1305 3374 1359 3437 1.,
1395 3372 1653 3426 maculari
1690 3372 1741 3426 Z
1909 3372 1939 3425 7
1977 3371 2355 3427 conscientiam
2378 3372 2433 3425 Z
2600 3372 2935 3425 uoluntatem

671 3474 720 3513 u.
757 3459 1009 3512 uoluntas
1033 3458 1146 3513 KZ
1315 3459 1469 3512 nulla
1492 3458 1544 3511 Z
1732 3458 1769 3511 8
1804 3474 1867 3511 ea
1901 3475 1999 3511 om.
2027 3458 2080 3510 Z
2252 3458 2317 3512 de
2352 3473 2451 3511 om.
2476 3458 2542 3511 K
2732 3456 2936 3525 cupidi·

669 3548 784 3599 tate
822 3546 873 3599 Z
1029 3546 1063 3598 9
1099 3544 1288 3612 altero]
1327 3547 1382 3597 et
1415 3544 1574 3597 aliter
1610 3545 1663 3598 Z
1798 3544 1867 3597 10
1910 3544 2004 3611 qui
2039 3559 2081 3596 c.
2108 3543 2161 3599 d.
2198 3544 2425 3611 hostem]
2462 3542 2779 3612 cupiditatis
2818 3544 2869 3596 Z

673 3632 746 3687 11
786 3631 1058 3701 superauit
1080 3646 1180 3683 om.
1206 3630 1261 3683 Z
1461 3632 1632 3699 omne]
1658 3646 1833 3683 nonne
1856 3630 1907 3683 Z
2120 3630 2187 3683 12
2221 3644 2381 3697 quam
2406 3644 2507 3683 om.
2534 3630 2587 3681 Z
2790 3630 2935 3699 quia]

671 3732 829 3785 quam
856 3717 910 3769 Z
1041 3714 1320 3785 quidquid]
1359 3715 1502 3783 quod
1539 3716 1591 3769 Z
1726 3702 2041 3769 orridsfisest
2078 3714 2154 3777 K,
2190 3714 2466 3769 horridum
2504 3715 2558 3767 Z
2688 3716 2779 3769 hic
2814 3716 2875 3767 K

669 3802 946 3871 blandum]
983 3802 1252 3871 placencia
1289 3800 1344 3855 Z
1506 3801 1577 3857 13
1611 3801 1870 3871 armatur]
1909 3800 2048 3870 quod
2082 3803 2295 3854 amatur
2331 3798 2469 3868 quod
2505 3814 2610 3854 non
2648 3804 2787 3854 esset
2822 3802 2871 3853 Z

668 3889 968 3959 cupiditate
1003 3889 1058 3943 Z
1281 3890 1350 3946 14
1385 3889 1550 3942 tollat
1581 3890 1643 3941 K
1648 3892 1664 3917 ¹
1882 3889 2085 3942 metum
2120 3887 2175 3939 Z
2389 3888 2455 3941 15
2488 3888 2787 3957 cupiditate
2821 3890 2873 3941 Z

669 3975 1022 4043 cupiditatem
1059 3976 1114 4029 Z
1385 3974 1558 4029 uincit
1593 3976 1682 4029 Kv
1956 3972 2263 4042 triumphat
2295 3989 2328 4029 v
2614 3975 2788 4027 uincit
2823 3976 2909 4028 Kv
2923 3999 2945 4042 ς

669 4060 799 4115 aad.
835 4062 906 4113 Z:
953 4060 1150 4115 mundo
1197 4061 1314 4129 ipso
1349 4060 1586 4130 superior
1622 4059 1733 4113 fuit
1768 4061 1863 4127 qui
1912 4074 2095 4112 nerum
2132 4074 2188 4111 se
2226 4056 2547 4128 discipulum
2583 4060 2776 4113 christi
2812 4074 2934 4128 pro-

670 4146 826 4200 bauit
860 4147 954 4215 qni
989 4147 1271 4216 antiquum
1542 4145 1617 4201 17
1653 4144 1952 4214 cupiditate
1986 4146 2034 4196 Z
2302 4145 2375 4200 18
2409 4143 2567 4212 quod]
2608 4144 2787 4211 querit
2822 4146 2871 4195 Ζ

671 4232 836 4287 etiam
872 4234 957 4286 est
993 4249 1037 4297 v,
1075 4234 1238 4287 etiam
1274 4234 1324 4284 Z
1505 4233 1564 4285 in
1597 4231 1846 4301 ingenuis
1878 4232 1942 4303 K
2132 4230 2315 4287 reddit
2347 4248 2381 4285 v
2581 4234 2665 4284 est
2698 4244 2797 4283 om.
2838 4246 2871 4283 v

675 4319 744 4375 19
779 4334 812 4372 a
845 4318 998 4373 nobis
1035 4320 1095 4371 K
1209 4308 1214 4315 ’
1248 4327 1310 4372 ut
1343 4320 1447 4388 res]
1484 4318 1717 4373 uirtutes
1754 4318 1803 4369 Ζ
1962 4317 2088 4386 quo]
2126 4334 2230 4386 que
2267 4306 2427 4385 qua'm
2463 4318 2513 4368 Z
2674 4316 2745 4370 20
2779 4316 2935 4369 illam

671 4406 948 4458 consumat
983 4406 1046 4469 Z,
1081 4405 1180 4458 illa
1215 4406 1582 4459 consummata
1618 4404 1710 4458 Kv
1930 4406 2013 4456 est
2048 4420 2146 4458 om.
2184 4404 2251 4458 K
2450 4418 2544 4456 nec
2578 4402 2688 4456 nisi
2723 4402 2947 4471 scripsi,

671 4508 769 4545 nec
803 4478 864 4555 Ζ,
903 4490 1007 4543 nisi
1047 4492 1164 4557 Kv‚·
1199 4490 1294 4544 sed
1329 4491 1502 4543 uerba
1534 4490 1765 4560 qrauius
1798 4495 2060 4557 corrupta
2095 4488 2363 4542 uidentur
