3217 5150
1337 508 1515 562 Vita.
1761 515 1764 518 ’
1953 477 1960 487 ¹
2427 526 2551 574 0111

222 746 227 752 .
296 670 483 735 exilio
529 687 659 735 esse
700 669 905 734 uoluit
946 669 1022 734 de
1052 669 1339 734 secutura
1384 666 1668 748 passione
1713 684 2017 745 securum,
2065 667 2134 730 ut
2165 664 2552 732 imminentis

295 774 584 858 martyrii
628 774 901 856 pleniore
944 771 1173 838 fiducia
1216 789 1338 836 non
1378 771 1621 836 exulem
1661 769 2096 836 tantummodo
2137 769 2402 836 Curubis
2445 769 2552 834 sed

299 881 365 944 et
393 878 735 962 martyrem
762 876 1122 962 possideret.
1148 869 1241 940 ‘eo
1266 875 1432 940 enim
1461 874 1563 938 die
1594 891 1712 956 quo
1735 873 1802 938 in
1826 873 1997 938 exilii
2025 873 2158 939 loco
2188 861 2552 938 mansimus'

300 981 475 1067 (nam
506 982 571 1046 et
597 999 701 1044 me
742 979 905 1044 inter
945 978 1311 1045 domesticos
1354 979 1610 1050 comites
1653 977 1928 1062 dignatio
1971 977 2250 1042 caritatis
2281 978 2412 1044 eins
2444 978 2552 1042 de-

257 1107 283 1147 5
304 1087 544 1169 legerat
575 1084 817 1150 exulem
847 1083 1291 1162 uoluntarium,
1322 1083 1483 1165 quod
1508 1082 1750 1148 utinam
1773 1082 1922 1147 etin
1943 1081 2224 1162 passione
2245 1080 2551 1165 licuisset)

297 1183 606 1272 ‘apparuit
642 1175 819 1252 mihi'
857 1187 1065 1269 inquit
1093 1181 1387 1252 ‘nondum
1417 1186 1618 1252 somni
1650 1186 1856 1268 quiete
1885 1185 2085 1267 sopito
2115 1185 2357 1249 iuuenis
2387 1185 2556 1249 ultra

297 1293 555 1358 modum
614 1291 883 1357 hominis
940 1290 1228 1356 inormis:
1290 1290 1397 1372 qui
1456 1303 1599 1357 cum
1659 1308 1759 1354 me
1811 1288 1986 1371 quasi
2040 1288 2120 1354 ad
2170 1287 2550 1371 praetorium

297 1395 571 1475 duceret,
622 1395 881 1460 uidebar
924 1394 1084 1459 mihi
1124 1393 1426 1467 tribunali
1470 1393 1742 1459 sedentis
1783 1393 2168 1482 proconsulis
2213 1391 2548 1457 admoueri.

246 1507 255 1516 '
296 1500 353 1564 is
374 1502 449 1565 ut
477 1501 544 1565 in
574 1520 675 1566 me
703 1501 991 1583 respexit,
1024 1498 1322 1565 adnotare
1352 1497 1574 1563 statim
1605 1498 1808 1580 coepit
1836 1498 1901 1562 in
1931 1497 2148 1562 tabula
2177 1496 2550 1561 sententiam

222 1628 279 1668 ιο
300 1623 486 1687 quam
526 1623 647 1669 non
688 1605 977 1683 sciebam,
1022 1603 1181 1668 nihil
1208 1603 1373 1667 enim
1402 1602 1479 1667 de
1509 1620 1609 1666 me
1641 1601 1827 1667 solita
1854 1601 2335 1685 interrogatione
2362 1621 2552 1684 quae-

296 1708 652 1773 sierat-sed
696 1708 862 1773 enim
902 1705 1147 1772 iuuenis
1177 1707 1283 1788 qui
1313 1725 1349 1770 a
1377 1707 1553 1790 tergo
1586 1705 1719 1770 eius
1749 1705 1955 1770 stabat
1983 1703 2316 1769 admodum
2347 1704 2550 1768 curio-

294 1829 399 1876 sus
429 1811 589 1894 legit
618 1810 920 1893 quidquid
950 1810 1155 1875 fuerat
1186 1809 1569 1874 adnotatum.
1599 1810 1668 1895 ‚et
1690 1809 1838 1891 quia
1866 1809 2010 1873 inde
2039 1807 2249 1873 uerbis
2278 1807 2552 1889 proferre

292 1932 415 1981 non
454 1915 715 1996 poterat,
755 1914 914 1978 nutu
956 1913 1302 1978 declarante
1344 1912 1717 1977 monstrauit
1759 1912 1909 1994 quid
1936 1912 2003 1977 in
2032 1910 2263 1976 litteris
2293 1911 2551 1976 tabulae

295 2019 471 2083 illius
521 2018 824 2101 ageretur.
880 2035 1069 2081 manu
1121 2017 1287 2082 enim
1340 2034 1604 2098 expansa
1656 2016 1719 2106 et
1770 2016 2156 2097 complanata
2205 2015 2284 2080 ad
2337 2016 2555 2096 spatae

222 2151 278 2190 15
297 2121 553 2187 modum
608 2121 807 2187 ictum
858 2121 1079 2186 solitae
1126 2120 1681 2186 animaduersionis
1724 2119 2030 2198 imitatuS,
2088 2119 2249 2201 quod
2300 2111 2554 2183 uoleb‘at

294 2224 601 2308 intellegi,
634 2226 713 2291 ad
736 2226 935 2290 instar
957 2224 1181 2307 liquidi
1205 2225 1504 2290 sermonis
1529 2225 1846 2307 expressit.
1873 2223 2154 2289 intellexi
2177 2223 2550 2288 sententiam

294 2328 599 2414 passionis
652 2328 949 2393 futuram.
1003 2345 1219 2412 rogare
1274 2329 1445 2409 coepi
1487 2327 1551 2392 et
1590 2330 1801 2408 petere
1853 2329 2160 2405 continue,
2217 2328 2290 2390 ut
2330 2325 2552 2392 dilatio

294 2432 455 2498 mihi
501 2431 603 2495 uel
645 2433 827 2497 unius
868 2433 992 2496 diei
1031 2433 1483 2516 prorogaretur,
1528 2432 1720 2496 donec
1745 2450 1844 2496 res
1873 2449 2040 2496 meas
2071 2431 2357 2515 legitima
2385 2428 2552 2494 ordi-

297 2535 549 2602 natione
593 2536 997 2619 disponerem.
1044 2539 1107 2601 et
1136 2555 1279 2602 cum
1305 2555 1515 2620 preces
1555 2535 1912 2619 frequenter
1949 2535 2294 2615 iterassem,
2337 2551 2552 2600 rursus

222 2662 281 2703 πο
300 2639 365 2704 111
393 2640 612 2707 tabula
653 2642 934 2723 coeperat
973 2640 1178 2705 nescio
1220 2640 1369 2722 quid
1412 2641 1725 2705 adnotare.
1746 2641 1930 2723 ¹sensi
1971 2640 2182 2704 tamen
2223 2640 2298 2705 de
2338 2638 2554 2704 uultus

300 2745 635 2809 serenitate
678 2744 903 2810 iudicis
944 2746 1219 2809 mentem
1261 2745 1438 2827 quasi
1480 2744 1648 2810 iusta
1675 2745 1975 2827 petitione
2004 2745 2398 2810 commotam.
2446 2743 2554 2808 sed

298 2850 364 2915 et
392 2848 503 2913 ille
541 2848 803 2926 1111161116,
848 2847 955 2930 qui
995 2849 1122 2912 iam
1164 2847 1402 2913 dudum
1434 2847 1508 2912 de
1536 2847 1840 2931 passionis
1871 2847 2100 2913 indicio
2133 2850 2314 2931 gestu
2345 2847 2553 2929 potius

299 2970 489 3034 quam
521 2969 796 3017 sermone
826 2951 1201 3035 prodiderat,
1235 2952 1617 3018 clandestino
1644 2950 1986 3016 identidem
2014 2952 2173 3016 nutu
2203 2971 2553 3017 concessam

298 3054 680 3134 dilationem,
728 3055 976 3137 quaein
1006 3054 1347 3121 crastinum
1386 3054 1736 3137 petebatur,
1780 3054 2081 3120 contortis
2113 3056 2257 3136 post
2284 3055 2554 3121 inuicem

404 3261 436 3312 1
462 3261 697 3313 secutam
720 3275 771 3313 w
1043 3260 1078 3313 2
1102 3258 1352 3313 fiduciam
1384 3261 1437 3312 T
1695 3260 1884 3313 curubi
1905 3280 1962 3329 μ,
1989 3259 2171 3314 corubi
2195 3276 2261 3325 w,
2285 3260 2462 3314 curuis
2492 3262 2555 3326 T,

302 3345 479 3401 curius
504 3351 527 3399 t
680 3346 715 3399 3
738 3345 1033 3414 possiderat
1054 3362 1103 3399 w
1240 3362 1299 3399 eo
1323 3346 1485 3415 enim]
1512 3348 1568 3399 et
1590 3362 1711 3400 cum
1735 3363 1784 3401 w
1921 3348 2044 3417 quo]
2072 3364 2176 3416 qno
2199 3348 2432 3417 primum
2455 3362 2488 3400 v

303 3449 583 3487 mansurus
606 3431 716 3486 iam
741 3435 796 3487 et
820 3449 869 3487 w
1068 3433 1103 3486 4
1128 3432 1437 3501 dignatione
1461 3453 1500 3501 μ
1697 3433 1966 3503 delegerat
1988 3451 2071 3488 που
2265 3434 2300 3487 5
2322 3433 2556 3501 utinam]

304 3522 369 3573 nt
390 3536 440 3573 w
623 3522 679 3574 et
703 3536 802 3574 om.
826 3536 916 3588 ωμ
1107 3520 1141 3573 6
1165 3520 1347 3588 inquit
1370 3520 1507 3573 mihi
1533 3520 1585 3573 T
1763 3520 2002 3574 nundum
2025 3537 2075 3573 w
2265 3519 2294 3572 7
2319 3518 2556 3573 hominis

284 3622 403 3661 ·om.
428 3622 463 3663 v
714 3607 944 3661 enormis
968 3623 1055 3676 μυ,
1081 3606 1308 3661 enormis
1330 3623 1381 3660 w
1631 3608 1665 3662 8
1689 3606 1941 3675 sedentis]
1966 3609 2084 3660 tum
2108 3606 2234 3660 add.
2263 3622 2350 3679 μύ2
2374 3608 2556 3659 tamen

302 3693 433 3748 add.
459 3709 509 3747 w
806 3693 1151 3763 proconsulis]
1176 3710 1272 3763 pro
1297 3693 1529 3761 singulis
1553 3714 1592 3762 μ
1901 3694 1935 3747 9
1960 3694 2008 3747 16
2031 3696 2096 3747 ut
2119 3693 2178 3746 in
2200 3694 2302 3763 me]
2329 3692 2414 3746 uti
2441 3694 2493 3747 T

300 3760 599 3835 tabulas‘T
790 3780 859 3834 10
881 3780 1351 3850 interrogationem
1379 3780 1431 3834 T
1618 3780 1685 3835 12
1707 3780 1850 3850 inde]
1875 3781 1932 3835 in
1957 3796 2006 3834 w
2200 3780 2464 3850 praeferre
2491 3780 2554 3845 T,

298 3866 495 3921 referre
517 3884 609 3937 ωμ
757 3868 823 3921 13
848 3867 987 3935 quod
1016 3869 1068 3922 T
1201 3866 1269 3921 14
1290 3867 1473 3936 illins]
1490 3867 1636 3921 omni
1660 3885 1710 3921 w
1848 3868 2113 3937 ageretur]
2139 3867 2427 3921 haberetur
2452 3884 2485 3922 v

298 3970 523 4024 expassa
545 3956 602 4007 et
624 3953 914 4022 deplanata
938 3973 979 4023 μ
1174 3954 1366 4023 spathe
1397 3954 1447 4007 T
1651 3954 1718 4007 15
1741 3954 1880 4007 ictus
1903 3970 1968 4017 w,
1997 3954 2110 4007 ictu
2135 3974 2190 4022 μ,
2215 3954 2410 4008 1661111111
2440 3954 2493 4008 Τ

298 4040 369 4094 16
393 4040 663 4109 intellegi]
690 4041 747 4093 in
772 4042 829 4093 te
852 4040 945 4109 agi
970 4039 1022 4094 Τ
1245 4039 1517 4094 intellexit
1539 4022 1589 4093 τὸ
1834 4040 1897 4094 17
1923 4056 2114 4109 rogare
2138 4055 2208 4093 eae
2229 4056 2412 4109 regere
2441 4042 2493 4095 Τ

300 4128 478 4196 coepit
504 4127 556 4181 T
778 4126 981 4181 delatio
1004 4126 1149 4179 milii
1173 4126 1262 4180 uel
1292 4127 1343 4180 T
1436 4176 1445 4187 ,
1571 4126 1640 4181 18
1664 4128 2070 4195 praerogaretur
2092 4132 2116 4180 t
2341 4142 2489 4180 meus
2513 4126 2565 4179 1.·

298 4213 694 4268 ordinationem
721 4214 773 4267 T
982 4213 1133 4267 26111
1157 4229 1257 4268 om.
1282 4230 1331 4267 w
1542 4213 1719 4267 nescio
1745 4212 1874 4281 qnid
1901 4213 2045 4281 (quis
2071 4214 2140 4281 w)
2165 4216 2372 4282 ceperat
2397 4228 2486 4281 ωμ

300 4301 509 4371 uultus]
535 4301 725 4355 multis
748 4317 798 4354 w
980 4300 1048 4353 21
1075 4300 1275 4354 iustam
1300 4300 1620 4367 petitionem
1652 4300 1704 4353 T
1863 4299 1949 4369 ‚22
1972 4299 2036 4353 de
2062 4315 2162 4353 om.
2187 4316 2236 4353 w
2411 4297 2556 4355 iudi·

302 4386 385 4441 cio
410 4403 502 4457 ωμ
752 4386 823 4441 23
846 4385 1196 4440 clamdestino
1226 4386 1288 4449 T,
1316 4384 1686 4439 claudenstino
1713 4406 1752 4454 μ
1992 4384 2302 4454 identidem]
2329 4384 2472 4438 idem
2498 4384 2557 4438 id

300 4474 386 4528 est
411 4473 462 4527 T
666 4472 735 4528 24
759 4472 1077 4527 dilationem
1102 4487 1205 4541 quo
1232 4488 1297 4539 w,
1322 4487 1583 4541 quemque
1609 4472 1661 4526 T
1699 4512 1708 4527 .
1863 4470 2151 4541 petabatur
2177 4472 2229 4525 T
