3217 5150
409 903 638 946 Editiones

383 971 665 1026 hebingen.

692 513 1021 564 amun

694 656 969 736 questus,
1010 653 1320 717 editorum
1350 651 1738 734 supellectile
1767 651 1986 718 critica
2015 653 2350 735 prudenter
2377 657 2683 738 usurpata
2711 657 2978 724 textum

695 765 1025 849 permultis
1055 765 1208 830 locis
1238 783 1424 848 quam
1455 765 1647 830 ceteri
1675 765 1908 830 rectius
1938 765 2289 831 constituit.
2345 766 2628 850 singulos
2661 765 2978 851 Cypriani

694 877 941 942 libellos
990 875 1119 965 (De
1163 875 1505 942 catholicae
1544 875 1836 942 ecclesiae
1877 877 2147 955 unitate,
2195 875 2300 942 De
2327 877 2555 958 lapsis,
2599 876 2702 942 De
2731 878 2976 943 habita

696 990 1027 1074 viminum
1056 989 1377 1074 Tubingae
1412 989 1610 1066 18533
1643 989 1754 1053 Aa
1784 987 2135 1067 Donatwm,
2167 987 2268 1056 De
2295 989 2620 1056 dominica
2647 991 2974 1068 oratione,

697 1099 801 1168 De
825 1101 1229 1180 mortalitate,
1272 1100 1381 1165 Aa
1410 1099 1918 1178 Demcbrianum,
1965 1099 2066 1166 De
2099 1119 2278 1182 opere
2305 1107 2360 1165 ct
2389 1101 2818 1184 eleemosynis,
2867 1101 2976 1168 De

652 1297 663 1308 ·
697 1214 851 1278 bono
878 1212 1239 1294 patoentiae
1264 1216 1321 1276 ct
1352 1209 1451 1276 De
1478 1211 1606 1276 zelo
1633 1216 1691 1276 ct
1719 1212 1920 1277 liuore
1951 1212 2278 1298 Tubingae
2312 1213 2507 1299 1859)
2553 1215 2759 1280 edidit
2789 1215 2973 1280 Kra-

398 2471 541 2514 Huins
568 2471 661 2514 edi-

368 2540 506 2583 tionis
548 2541 675 2585 ratio.

702 1326 925 1409 binger
944 1325 1328 1408 ,primusque
1359 1323 1722 1390 Germaniae
1764 1323 2430 1392 codicesMonacenses
2457 1325 2973 1411 Bambergenses

696 1433 1243 1521 wirceburgenses
1295 1436 1582 1516 excussit,
1635 1435 1826 1501 etiam
1857 1435 2244 1522 Seguieriani
2295 1437 2446 1502 libri
2485 1439 2551 1502 et
2579 1437 2972 1504 Veronensis

695 1549 947 1615 collatio
977 1549 1221 1632 praesto
1242 1547 1383 1612 fuit.
1416 1565 1750 1630 eorumque
1771 1548 2002 1612 auxilio
2024 1549 2230 1614 multa
2250 1549 2600 1642 rectissime
2621 1551 2974 1616 emendata

695 1661 859 1726 sunt.
908 1661 1016 1726 sed
1062 1661 1127 1725 in
1170 1661 1355 1726 tanta
1396 1660 1732 1725 lectionum
1775 1679 1846 1725 ex
1887 1661 2069 1726 libris
2116 1661 2563 1726 recentissimis
2607 1663 2973 1744 petitarum

693 1771 1021 1857 farragine,
1076 1791 1198 1855 qua
1246 1773 1706 1838 adnotationem
1759 1773 2074 1856 operosius
2123 1775 2504 1852 onerauerat,
2557 1791 2708 1839 cum
2759 1773 2970 1839 libros

693 1901 1017 1950 numerare
1068 1903 1257 1968 quam
1307 1885 1641 1967 ponderare
1693 1883 1933 1962 mallet,
1987 1884 2171 1967 plura
2220 1883 2620 1950 inemendata
2666 1885 2964 1967 reliquit.

693 1997 937 2062 acutius
990 2016 1119 2063 rem
1170 1997 1453 2062 criticam
1496 1995 1816 2062 factitauit
1859 1995 2069 2062 Routh
2113 1996 2179 2062 in
2223 1996 2627 2062 emendandis
2677 1995 2970 2080 quinque

695 2107 986 2191 Cypriani
1028 2109 1341 2190 opusculis
1374 2106 1641 2194 (Script.
1681 2107 1884 2173 cocles,
1927 2108 2230 2190 opuscula
2249 2110 2608 2190 praecipua
2637 2107 2968 2190 quaedam

694 2217 883 2283 Oxou.
934 2219 1099 2284 1859
1139 2219 1172 2282 I
1212 2236 1271 2301 p.
1316 2220 1443 2284 229
1484 2219 1631 2305 sq.).
1685 2221 1954 2286 alterum
2005 2221 2284 2287 eiusdem
2337 2221 2571 2285 librum
2609 2219 2968 2302 Reliquiae

694 2349 915 2397 sacrae
942 2331 1315 2414 inscriptum
1344 2331 1559 2397 uidere
1587 2349 1710 2396 non
1739 2333 2022 2418 contigit.

781 2445 933 2510 Post
955 2444 1067 2510 hos
1090 2443 1417 2527 praesidiis
1446 2444 1707 2526 optimis
1731 2445 2074 2510 instructus
2091 2444 2167 2509 de
2183 2445 2410 2527 quibus
2441 2463 2632 2528 supra
2652 2444 2854 2510 retuli
2879 2445 2962 2510 ad

699 2556 1116 2623 adornandam
1146 2555 1479 2623 editionem
1509 2573 1738 2622 nouam
1767 2556 2013 2623 accessi.
2047 2576 2148 2623 ars
2177 2556 2397 2622 critica
2425 2557 2490 2621 in
2517 2556 2618 2622 his
2649 2557 2954 2639 operibns

699 2669 1045 2735 factitanda
1073 2669 1411 2735 lectionum
1444 2669 1742 2735 electione
1773 2670 2124 2735 continetur
2150 2668 2537 2735 coniectandi
2557 2667 2794 2733 finibus
2815 2670 2962 2735 tam

697 2783 959 2865 anguste
1003 2782 1509 2865 circumscriptis,
1556 2782 1630 2847 ut
1669 2782 1838 2848 idem
1877 2782 2036 2848 mihi
2067 2782 2153 2848 sit
2179 2781 2542 2859 uerendum,
2587 2779 2756 2863 quod
2783 2781 2858 2846 in
2887 2802 2960 2847 re

696 2893 891 2959 simili
930 2894 1031 2959 uir
1070 2894 1467 2960 doctissimus
1509 2896 1573 2960 et
1613 2887 2071 2981 κριτικώτατος
2111 2912 2310 2977 nuper
2347 2892 2661 2976 professus
2696 2894 2814 2972 est,
2875 2912 2958 2958 ne

694 3005 775 3070 fig
804 3006 953 3070 haec
983 3024 1123 3070 moa
1150 3006 1354 3089 opella
1381 3024 1601 3089 parum
1633 3006 1945 3088 probetur,
1993 3005 2101 3088 qui
2131 3006 2452 3070 auctorum
2486 3002 2958 3088 recognitiones

696 3116 1023 3183 aestimare
1046 3118 1243 3183 solent
1258 3118 1337 3183 ad
1352 3136 1682 3183 numerum
1708 3117 1982 3183 locorum
2005 3117 2473 3183 emendatorum
2497 3115 2631 3180 sine
2647 3116 2958 3198 exemplo.

696 3246 1071 3311 quamquam
1112 3230 1393 3293 omnium
1422 3246 1680 3312 operum
1710 3228 1985 3293 condicio
2015 3246 2135 3293 non
2171 3230 2267 3293 est
2295 3228 2514 3294 eadem
2545 3228 2610 3292 et
2639 3226 2960 3309 epistulae

694 3341 1045 3419 nonnullae,
1090 3340 1322 3423 scripta
1350 3358 1497 3405 uero
1526 3340 1930 3424 suppositicia
1959 3358 2031 3405 ex
2059 3358 2182 3406 uno
2211 3340 2542 3423 archetypo
2571 3356 2693 3403 non
2721 3358 2957 3421 parum

696 3451 1032 3536 deprauato
1072 3452 1505 3519 descendentia
1546 3453 1836 3535 pleraque
1879 3470 2168 3536 campum
2209 3452 2504 3536 praebent
2543 3450 2798 3536 ingenia
2837 3468 2952 3517 ex-

694 3565 964 3648 pet-turis
1006 3565 1327 3647 aptiorem.
1369 3564 1438 3629 in
1479 3564 1704 3647 quibus
1743 3565 1800 3629 si
1829 3565 2108 3659 nonnihil
2148 3581 2287 3630 mea
2325 3580 2474 3629 cura
2513 3564 2582 3629 in
2622 3582 2756 3629 rem
2799 3581 2954 3630 con-

694 3676 917 3741 tulisse
958 3676 1291 3759 uidebitur‚
1341 3694 1443 3742 ero
1488 3678 1830 3742 contentus
1879 3676 2168 3759 equidem
2215 3676 2408 3743 etiam
2447 3676 2514 3742 in
2553 3676 2654 3742 his
2702 3677 2956 3743 cautius

696 3804 887 3869 quam
927 3786 1223 3853 audacius
1250 3790 1369 3873 egi,
1412 3806 1674 3871 quornm
1706 3786 2063 3852 auctoribus
2091 3788 2342 3872 propter
2369 3788 2682 3874 insignem
2710 3788 2954 3854 medio-

696 3899 983 3965 critatem
1021 3898 1404 3983 permultum
1444 3900 1530 3965 sit
1570 3900 2055 3965 condonandum.
2099 3900 2209 3965 ubi
2249 3918 2396 3967 uero
2439 3902 2523 3967 ad
2565 3903 2958 3968 coniecturas

697 4012 831 4076 emt
870 4010 1368 4097 confugiendum,
1411 4013 1477 4077 in
1508 4014 1752 4077 textum
1795 4028 1897 4077 eas
1933 4029 2054 4077 non
2097 4011 2318 4097 recepi,
2361 4012 2486 4079 nisi
2529 4013 2637 4078 ubi
2677 4014 2955 4080 maxime

694 4123 1045 4205 probabiles
1101 4142 1234 4190 esse
1288 4121 1673 4203 confiderem,
1743 4124 2046 4207 plurimas
2103 4124 2170 4189 in
2227 4124 2600 4207 apparatum
2657 4125 2956 4191 criticum

694 4234 991 4321 relegaui.
1050 4236 1117 4301 in
1176 4234 1463 4320 Cypriani
1522 4236 1808 4320 operibus
1867 4236 2154 4320 genuinis
2211 4230 2666 4319 scripturarum
2723 4236 2956 4303 electio

694 4345 970 4427 primum
1012 4348 1109 4413 est
1148 4348 1533 4415 emendantis
1573 4348 1895 4432 negotium
1936 4348 2122 4432 idque
2151 4367 2190 4414 a
2217 4348 2386 4414 recta
2429 4348 2716 4413 codicum
2753 4348 2954 4414 aesti-

696 4458 967 4525 matione
993 4460 1195 4525 totum
1226 4459 1467 4543 pendet.
1502 4458 1581 4524 de
1608 4476 1732 4542 qua
1763 4476 1906 4526 cum
1937 4460 2247 4526 editorum
2275 4460 2488 4525 nullus
2519 4460 2952 4543 quaestionem
