3217 5150
667 555 750 618 32
1614 549 1984 621 Appendix.

667 712 901 770 aeterna
949 710 1232 785 promissa
1282 715 1372 771 est
1386 715 1414 770 ¹?
1460 711 1599 787 quid
1654 729 1779 771 cum
1831 711 1941 770 hoc
1990 710 2145 769 uitae
2196 713 2549 784 naturaeque
2604 707 2947 768 commercio

667 832 834 888 quem
885 814 1028 874 caeli
1080 815 1392 888 amplitudo
1443 816 1741 889 deposcit?
1789 830 1925 873 sane
1965 815 2159 872 teneat
2201 811 2485 886 cupiditas
2524 812 2639 870 ista
2680 811 2947 884 uiuendi,

665 918 766 976 sed
821 934 989 992 quem
1053 922 1185 992 post
1235 917 1568 992 inexpiabili
1631 918 1779 978 malo
1846 917 2107 976 saeuiens
2170 916 2325 990 ignis
2376 918 2609 975 aeterna
2660 916 2947 975 scelerum

665 1018 881 1080 ultione
933 1021 1239 1096 torquebit.
1285 1025 1480 1082 teneat
1533 1021 1817 1096 cupiditas
1868 1020 1983 1080 ista
2022 1020 2272 1093 uiuendi,
2326 1021 2424 1080 sed
2467 1021 2673 1094 quibus
2704 1023 2763 1079 et
2790 1019 2945 1079 mori

661 1138 846 1197 poena
873 1125 962 1182 est
992 1126 1050 1183 et
1078 1125 1282 1184 durare
1311 1127 1673 1184 tormentum.
1718 1122 1829 1182 tibi
1872 1123 1983 1182 iam
2014 1126 2072 1183 et
2100 1124 2344 1183 mundus
2372 1123 2497 1196 ipse
2526 1123 2847 1182 succumbit
2876 1125 2942 1181 et
2960 1146 2993 1185 ⁵

663 1229 818 1286 terra
872 1227 1021 1286 cedit
1073 1229 1170 1301 qui
1214 1229 1586 1288 morientibus
1640 1227 1860 1286 cunetis
1900 1227 1974 1286 ad
2016 1227 2125 1286 hoc
2163 1228 2489 1286 reseruatus
2530 1244 2592 1286 es
2620 1227 2687 1284 ut
2715 1227 2942 1301 martyr

663 1347 788 1389 esse
827 1330 1129 1404 potuisses,
1192 1333 1294 1390 aut
1336 1348 1450 1390 non
1491 1329 1781 1390 cotidiana
1824 1330 2105 1389 cernimus
2148 1329 2351 1388 funera
2365 1374 2379 1400 ,
2424 1329 2707 1388 cernimus
2754 1347 2939 1390 nouos

661 1431 849 1492 exitus
901 1432 1198 1493 diuturnos
1237 1432 1420 1493 factos
1439 1477 1453 1506 ,
1505 1432 1605 1491 sed
1646 1435 1705 1493 et
1744 1432 2133 1492 saeuientibus
2174 1433 2385 1493 morbis
2414 1432 2710 1506 inexperta
2740 1433 2939 1493 cuius·

662 1534 792 1594 dam
816 1533 996 1595 cladis
1019 1535 1192 1595 exitia
1215 1553 1282 1596 ac
1302 1539 1552 1609 stragem
1574 1535 1975 1610 populatarum
1998 1535 2224 1594 urbium
2246 1535 2549 1606 intuemur,
2575 1535 2724 1595 unde
2744 1535 2941 1609 possi-

661 1656 787 1697 mus
817 1653 1125 1711 agnoscere
1157 1641 1372 1713 quanta
1403 1639 1665 1712 martyrii
1692 1638 1957 1698 habenda
1984 1639 2064 1697 sit
2092 1638 2365 1712 dignitas,
2398 1639 2473 1697 ad
2502 1638 2662 1698 cuins
2684 1639 2934 1713 gloriam
2956 1661 3015 1698 ιο

657 1758 760 1801 nos
791 1757 988 1814 cogere
1019 1741 1192 1800 etiam
1220 1739 1346 1800 lues
1375 1742 1578 1814 coepit.

599 1839 636 1897 9
748 1843 997 1914 Etenim,
1041 1843 1320 1903 carissimi
1360 1844 1588 1917 fratres,
1636 1844 1903 1918 respicite
1944 1843 2018 1902 ad
2057 1843 2166 1903 hoc
2206 1859 2417 1917 quaeso
2455 1861 2560 1904 uos
2598 1844 2827 1918 plenius
2870 1845 2935 1904 in

659 1961 769 2019 quo
811 1947 870 2004 et
912 1946 1069 2005 salus
1108 1947 1356 2006 uertitur
1385 1949 1445 2006 et
1475 1946 1800 2006 sublimitas
1842 1949 2213 2020 conputatur:
2259 1945 2396 2006 licet
2423 1965 2536 2007 non
2566 1947 2674 2007 sim
2703 1948 2936 2007 nescius

658 2047 833 2107 etiam
873 2065 978 2108 uos
1008 2049 1338 2123 plenissime
1370 2067 1536 2110 nosse
1567 2053 1784 2110 statum
1814 2050 2062 2110 omnium
2104 2053 2361 2111 nostrum
2390 2050 2616 2111 iudiciis
2647 2051 2933 2110 contineri

657 2167 840 2224 neque
892 2150 1156 2226 ignorare
1205 2153 1356 2214 hanc
1409 2170 1534 2214 esse
1575 2153 1743 2214 nobis
1782 2153 2055 2212 traditam
2100 2153 2478 2226 disciplinam,
2532 2157 2599 2213 ut
2638 2153 2764 2213 sine
2805 2153 2931 2215 ullo
2958 2175 3011 2212 ιε»

657 2257 873 2314 terrore
915 2254 1154 2315 militiae
1197 2257 1314 2316 uim
1354 2257 1504 2316 tanti
1545 2257 1789 2317 nominis
1828 2258 2119 2316 tueamur:
2178 2256 2389 2333 quippe
2440 2275 2581 2333 quos
2630 2259 2853 2332 pridem
2895 2276 2935 2318 a

657 2355 939 2418 desiderio
985 2357 1136 2418 lucis
1186 2360 1357 2419 istius
1409 2359 1695 2434 cupiditas
1754 2367 2019 2418 aeternae
2048 2359 2352 2421 memoriae
2404 2361 2721 2433 deduxerit,
2780 2379 2931 2437 quos

655 2460 977 2520 futurorum
1007 2464 1143 2521 uota
1172 2461 1506 2522 diuellerint
1547 2479 1800 2537 quosque
1844 2463 1917 2522 ab
1948 2463 2209 2522 omnibus
2238 2463 2401 2523 uitiis
2431 2465 2681 2537 optanda
2711 2464 2933 2525 Christi

656 2564 897 2625 societas
927 2566 1275 2641 segregarit:
1309 2565 1402 2626 hic
1432 2565 1482 2626 si
1512 2564 1687 2627 exitio
1711 2567 2090 2637 succumbere,
2120 2566 2291 2627 morti
2321 2567 2567 2627 animam
2598 2568 2933 2629 dubitamus

793 2924 824 2975 1
864 2923 1178 2977 commercio
1215 2938 1316 2977 om.
1353 2924 1410 2977 P
1628 2924 1663 2979 2
1703 2924 1845 2992 sane]
1882 2926 2010 2977 ante
2049 2924 2151 2994 ΩΤ
2352 2925 2390 2984 3
2425 2941 2584 2995 quem
2618 2928 2761 2996 post]
2799 2931 2931 2997 post

656 3008 766 3079 ΩΤ,
794 3024 926 3077 quos
949 3009 1044 3064 Nv
1250 3008 1573 3078 inexpiabile
1597 3009 1802 3063 malum
1828 3011 1883 3064 P
2088 3013 2365 3066 seueniens
2389 3013 2453 3079 L,
2488 3013 2725 3067 seruiens
2758 3013 2863 3085 ΩΤ

651 3095 687 3148 5
721 3096 778 3147 et
812 3097 958 3148 terra
991 3110 1090 3149 om.
1128 3095 1202 3148 M
1207 3098 1224 3124 ¹
1261 3096 1402 3163 (ezch.
1439 3093 1627 3166 M²Q),
1664 3098 1719 3149 et
1752 3098 1927 3149 'terrae
1965 3096 2017 3150 T
2148 3098 2182 3151 6
2218 3114 2273 3151 es
2308 3100 2613 3153 reseruatus
2652 3099 2701 3169 Ω
2734 3100 2834 3153 sed
2868 3116 2925 3154 es

651 3197 694 3234 8.
719 3180 755 3234 l.
779 3198 849 3234 m.
872 3184 910 3234 2
946 3182 1022 3249 (es
1057 3196 1158 3234 om.
1197 3180 1290 3250 M)
1515 3198 1570 3236 es
1605 3182 1685 3251 ut]
1723 3184 1786 3235 ut
1825 3181 1925 3253 ΩΤ
2151 3184 2183 3235 7
2220 3185 2332 3253 aut]
2372 3200 2441 3237 an
2476 3202 2509 3240 v
2734 3184 2929 3239 funera

651 3267 916 3321 cernimus
952 3283 1052 3321 om.
1095 3267 1197 3339 ΩΤ
1431 3268 1467 3323 8
1501 3268 1695 3338 exitus]
1734 3269 1967 3337 corporis
2001 3268 2127 3323 add.
2166 3287 2200 3325 v
2442 3270 2725 3324 diuturnos
2760 3271 2925 3325 factis

654 3352 828 3417 LPT,
880 3353 973 3407 diu
1017 3354 1182 3407 tracti
1227 3370 1262 3409 v
1539 3354 1632 3408 sed
1680 3357 1737 3408 et
1781 3356 1852 3423 L,
1900 3358 1957 3410 et
2002 3355 2233 3426 ΝΡΩΤ,
2282 3372 2383 3411 om.
2418 3374 2466 3421 v,
2505 3372 2566 3409 ex
2608 3356 2776 3412 oxon.

652 3455 862 3493 saeue„
877 3439 1093 3493 entibus
1128 3439 1183 3493 L
1440 3440 1715 3509 inexperta
1750 3442 1823 3506 N,
1862 3441 2103 3511 inexpers
2139 3442 2286 3512 LQ',
2322 3442 2537 3510 inexper
2574 3442 2797 3513 ΡΤᾮΊ,
2835 3444 2923 3497 in-

651 3542 808 3596 super
843 3526 918 3579 M
946 3541 1101 3594 super
1135 3526 1202 3580 in
1233 3540 1361 3591 raa,
1395 3526 1700 3596 inexpertae
1739 3528 1843 3583 T'v
2067 3528 2102 3583 9
2138 3532 2321 3597 strage
2357 3528 2739 3598 LM¹NPQT,
2779 3532 2923 3584 stra·

649 3626 744 3679 ges
778 3611 908 3665 M'v
1115 3612 1430 3680 populorum
1471 3612 1572 3683 ΩΤ
1785 3613 1942 3683 unde]
1982 3616 2046 3667 ut
2084 3614 2185 3684 ΩΤ
2387 3630 2665 3684 possumus
2704 3614 2817 3669 LP

649 3696 718 3750 10
753 3695 1136 3766 adcognoscere
1170 3697 1227 3751 L
1415 3698 1678 3768 martyria
1716 3699 1829 3770 ΩΤ,
1866 3699 2146 3768 martyrib.
2184 3700 2261 3754 M
2288 3703 2339 3753 b.
2374 3702 2437 3754 in
2470 3716 2581 3754 ras.
2768 3703 2921 3756 cuins

647 3782 716 3837 ad
742 3782 795 3837 T
941 3783 1006 3836 11
1031 3798 1127 3838 nos
1151 3799 1250 3838 om.
1279 3784 1330 3837 T
1463 3786 1666 3855 cogere]
1692 3800 1905 3839 noscere
1930 3786 1991 3850 Τ,
2020 3800 2329 3854 cognoscere
2353 3786 2410 3840 L
2544 3786 2653 3840 luis
2676 3786 2747 3853 P,
2774 3788 2921 3841 salus

650 3870 713 3937 Τ,
747 3871 928 3925 saluos
956 3869 1003 3940 Ω
1161 3871 1305 3941 cepit
1341 3872 1410 3935 L,
1447 3872 1679 3942 coeperit
1713 3874 1771 3927 P
1939 3873 2007 3926 12
2040 3874 2326 3941 perspicite
2364 3874 2411 3944 Ω
2446 3874 2721 3941 (respicite
2756 3876 2849 3943 M)

647 3960 715 4013 13
751 3958 947 4012 salutis
987 3958 1090 4029 ΩΤ
1278 3962 1512 4015 uertitur
1546 3962 1621 4031 et]
1659 3962 1891 4015 uertitur
1922 3960 1986 4031 Ω,
2014 3963 2222 4013 uestrae
2246 3960 2322 4014 M
2336 3962 2399 4014 in
2421 3978 2531 4015 ras.
2733 3963 2802 4017 14
2826 3980 2923 4017 no·-

645 4044 732 4097 bis
770 4043 823 4097 T
956 4046 1160 4098 statum
1194 4045 1350 4111 LN2,
1389 4048 1538 4099 statu
1573 4046 1730 4111 ΜΡ,
1768 4046 1994 4099 statium
2036 4046 2147 4116 ΩΤ,
2185 4047 2483 4100 astancium
2520 4048 2595 4099 M
2623 4064 2681 4101 as
2717 4049 2779 4101 in
2804 4065 2917 4105 rae.

644 4146 681 4183 n
716 4145 758 4183 s.
797 4130 850 4193 l..
887 4131 1150 4184 stantium
1184 4147 1217 4184 v
1456 4134 1699 4185 nostrum
1735 4131 1804 4198 L,
1841 4148 1937 4185 nos
1974 4132 2195 4201 ΝΡΩΤ
2440 4134 2506 4187 16
2540 4138 2811 4188 tueremur
2847 4136 2918 4199 L,

645 4220 859 4270 tuemur
893 4216 1093 4287 M¹QT
1293 4218 1345 4287 a]
1383 4216 1450 4271 ad
1479 4218 1601 4288 ΩΤι
1815 4217 1887 4274 17
1924 4217 2082 4287 lucis)
2116 4217 2220 4271 loci
2248 4219 2293 4289 Ω
2509 4224 2723 4272 aeterna
2751 4220 2853 4290 ΩΤ

645 4302 916 4357 reduxerit
951 4304 1021 4358 N
1299 4304 1366 4358 18
1400 4303 1733 4372 diuellerint]
1772 4302 1866 4357 diu
1901 4303 2143 4357 fellerint
2182 4306 2241 4370 Τ,
2279 4304 2373 4359 diu
2410 4304 2661 4359 fellei-ent
2700 4307 2761 4376 Ω,
2802 4324 2919 4360 sus-

643 4389 898 4443 tollerent
933 4390 1007 4445 M
1036 4390 1102 4445 in
1125 4406 1236 4445 ras.
1411 4392 1478 4444 19
1511 4390 1600 4444 hic
1638 4391 1686 4444 si
1723 4390 1792 4454 L,
1829 4390 1937 4443 nisi
1970 4390 2061 4445 hic
2095 4390 2322 4462 ΝΡΩΤ,
2360 4392 2470 4445 nisi
2506 4392 2553 4446 si
2588 4410 2621 4445 v
2796 4409 2919 4448 snc-

645 4474 1020 4530 cumbumbere
1049 4476 1100 4529 Τ
1303 4475 1631 4545 dubitamus]
1660 4476 1955 4530 diuitamus
1984 4478 2083 4548 ΩΤ
