3217 5150
873 544 962 597 De
997 543 1258 597 Pascha
1292 546 1644 611 computus
1680 560 1722 597 c.
1763 544 1984 597 12-14.
2428 542 2551 605 261

307 707 580 767 domadas
610 705 956 776 computare.
1017 703 1086 761 de
1119 701 1261 775 ipsis
1293 702 1444 761 enim
1487 702 1753 775 angelum
1778 702 1885 760 Dei
1928 702 2284 761 meminimus
2314 700 2553 759 Daniele

311 809 555 867 dixisse:
615 805 762 864 LXX
807 806 1287 865 hebdomades
1329 804 1715 864 breuiatae
1761 806 1929 863 sunt
1961 821 2174 877 super
2203 804 2557 878 populum

308 914 514 971 tuum
559 912 630 969 et
673 924 893 981 super
948 907 1348 967 ciuitatem·
1399 906 1606 966 illam
1671 910 2021 980 sanctam,
2092 910 2167 965 ut
2232 924 2557 967 consum-

314 1016 554 1074 metur
595 1012 972 1087 peccatum
1016 1013 1088 1070 et
1130 1013 1210 1070 ut
1254 1011 1647 1085 signentur
1690 1012 1994 1084 peccata
2047 1013 2118 1070 et
2160 1009 2560 1069 deleantur

267 1115 746 1177 siniustitiae
813 1116 886 1174 et
949 1115 1340 1189 expientur
1403 1113 1832 1173 iniustitiae
1898 1115 1968 1173 et
2030 1115 2115 1171 ut
2158 1113 2562 1172 reducatur

315 1220 628 1280 iustitia
693 1220 997 1279 aeterna
1061 1221 1131 1278 et
1196 1220 1275 1277 ut
1319 1217 1659 1292 signetur
1700 1217 1893 1277 uisio
1937 1220 2009 1275 et
2051 1216 2448 1292 prophetia
2490 1216 2559 1274 et

312 1328 393 1384 ut
433 1324 844 1397 ungueatur
887 1322 1219 1381 sanctum
1265 1322 1700 1381 sanctorum.
1770 1322 1841 1380 et
1897 1335 2299 1393 cognosces
2342 1319 2414 1378 et
2456 1318 2558 1377 in-

312 1426 628 1500 telliges
672 1426 757 1484 ab
800 1424 1005 1486 exitu
1049 1424 1435 1496 sermonis,
1480 1426 1560 1483 ut
1601 1423 2139 1497 respondeatur
2167 1424 2237 1482 et
2265 1424 2341 1482 ut
2370 1421 2562 1481 aedi-

311 1530 592 1589 ficetur
633 1528 1102 1589 Hierusalem
1155 1544 1381 1601 usque
1433 1528 1522 1587 ad
1577 1526 1953 1587 Christum
1997 1527 2259 1598 ducem,
2305 1525 2565 1584 hebdo-

241 1634 556 1693 mmades
601 1631 715 1690 VII
759 1633 828 1691 et
857 1631 1337 1691 hebdomades
1380 1628 1568 1689 LXII:
1624 1631 1696 1688 et
1740 1632 2221 1690 conuertetur
2264 1629 2333 1687 et
2374 1628 2563 1687 aedi-

312 1735 667 1795 ficabitur
731 1736 984 1808 platea
1037 1737 1109 1794 et
1163 1750 1437 1807 murus,
1498 1736 1569 1793 et
1627 1733 2146 1793 exinanientur
2200 1734 2576 1806 temporae

316 1841 388 1899 et
429 1839 600 1912 post
642 1837 1136 1897 hebdomadas
1178 1838 1306 1897 has
1352 1836 1514 1895 LXII
1557 1835 1968 1909 disperibit
2031 1838 2285 1899 unc-tio
2352 1840 2423 1898 et
2464 1842 2566 1899 iu-

317 1942 589 2001 dicium
645 1958 782 1999 non
842 1942 959 2000 est
1016 1940 1088 1999 in
1145 1956 1254 2000 eo:
1313 1943 1382 1999 et
1424 1922 1819 2000 ciuitatem
1862 1941 1935 2000 et
1978 1940 2193 2001 illum
2236 1944 2568 2002 sanctum

317 2046 737 2117 corrumpet
779 2061 926 2103 cum
970 2043 1106 2103 illo
1151 2045 1323 2104 duce
1368 2042 1493 2117 qui
1537 2043 1815 2116 ueniet,
1883 2046 1957 2103 et
2012 2044 2455 2104 excidentur
2496 2045 2569 2105 in

251 2148 805 2223 uacataclysmo,
871 2150 943 2207 et
995 2164 1220 2221 usque
1273 2147 1357 2205 ad
1408 2146 1635 2207 finem
1685 2147 1869 2206 belli
1934 2147 2266 2208 breuiati
2331 2151 2567 2209 exter-

327 2252 553 2312 minii.
611 2255 682 2312 et
735 2251 1214 2312 confirmabit
1266 2253 1793 2310 testamentum
1848 2252 2107 2311 multis
2171 2252 2570 2316 hebdomas

321 2373 490 2417 una:
579 2358 650 2416 et
733 2356 806 2414 in
904 2354 1206 2415 dimidio
1289 2354 1765 2415 hebdomadis
1860 2354 2251 2416 auferetur
2342 2374 2570 2418 meum

325 2458 792 2520 sacrificium
885 2460 956 2518 et
1049 2458 1355 2531 libatio,
1453 2460 1529 2518 et
1624 2474 1848 2531 super
1932 2457 2143 2517 illum
2234 2462 2569 2519 sanctum

325 2562 704 2624 execratio
759 2561 1290 2634 uastationum,
1359 2562 1430 2621 et
1485 2577 1711 2634 usque
1754 2560 1837 2620 ad
1882 2562 2570 2625 consummationem

249 2666 684 2742 sotemporis
771 2665 1296 2724 consummatio
1381 2663 1683 2723 dabitur
1772 2681 1991 2739 super
2074 2667 2253 2726 hanc
2323 2670 2571 2727 uasta-

325 2752 614 2830 tionem.

409 2873 499 2931 Et
543 2871 1026 2932 confirmabit
1067 2871 1256 2945 inquit
1305 2873 1831 2931 testamentum
1872 2871 2130 2932 multis
2173 2874 2571 2933 hebdomas
2594 2871 2675 2928 14

327 2994 486 3036 una.
532 2977 672 3035 haec
713 2979 804 3036 est
831 2992 965 3050 ergo
1008 2976 1316 3035 hebdomas
1345 2993 1459 3035 una
1488 2993 1657 3051 quam
1687 2975 2014 3050 segregauit
2058 2977 2295 3052 angelus
2324 2979 2395 3036 de
2423 2976 2574 3036 LXX

329 3083 391 3139 et
417 3079 613 3153 posuit
657 3078 719 3138 in
760 3079 1072 3138 nouissima
1100 3078 1316 3138 saeculi
1345 3081 1620 3152 tempora.
1654 3097 1821 3152 quam
1850 3080 2259 3141 hebdomadam
2301 3096 2572 3154 recogno-

251 3199 308 3240 25
329 3182 537 3241 scimus
580 3181 788 3242 habere
818 3198 994 3242 annos
1023 3183 1272 3256 septem:
1303 3181 1364 3240 in
1394 3181 1600 3256 quibus
1631 3185 1851 3255 oportet
1878 3184 2058 3258 primo
2090 3183 2285 3243 Enoch
2309 3186 2367 3244 et
2387 3182 2577 3242 Eliam

329 3284 545 3356 uenire,
577 3287 637 3343 et
665 3301 768 3359 per
793 3301 954 3344 suam
982 3285 1336 3359 prophetiam
1365 3301 1606 3359 magnae
1634 3286 1989 3346 multitudini
2020 3286 2377 3362 euangelium
2399 3286 2459 3346 id
2488 3289 2576 3346 est

469 3485 504 3538 2
537 3485 672 3539 Dan.
708 3487 758 3550 9,
792 3485 1014 3538 24-27,

470 3691 501 3744 1
537 3691 670 3759 ipsis
706 3691 847 3746 enim
883 3693 931 3759 b,
967 3692 1162 3761 quibus
1197 3709 1226 3748 c
1469 3691 1671 3746 danieli
1706 3709 1773 3748 cv
2009 3692 2044 3745 2
2082 3691 2443 3746 hebdomadae
2479 3709 2509 3746 c

329 3777 366 3831 3
400 3779 738 3832 consumetur
772 3779 805 3832 b
959 3779 996 3833 4
1028 3781 1084 3832 et
1118 3796 1170 3833 u.
1208 3795 1251 3834 s.
1287 3780 1506 3848 peccata
1540 3794 1643 3833 om.
1680 3795 1709 3832 c
1862 3779 2102 3834 deleatur
2136 3777 2411 3832 iniustitia
2446 3794 2507 3834 cv

329 3864 366 3919 5
400 3865 458 3918 et
491 3879 607 3932 exp.
643 3863 950 3918 iniustitiae
984 3880 1085 3919 om.
1124 3882 1154 3920 c
1369 3866 1432 3918 ut
1469 3866 1621 3934 (ante
1655 3864 1787 3934 red.)
1821 3879 1923 3919 mn.
1962 3881 1992 3919 c
2199 3864 2234 3918 6
2264 3863 2576 3933 prophetiae

326 3951 386 4004 et
419 3953 636 4004 sanctus
670 3951 974 4004 sanctorum
1011 3967 1040 4006 c
1294 3952 1330 4006 8
1362 3950 1767 4020 responderetur
1803 3951 1835 4005 b
2075 3948 2441 4004 aedificaret-ur
2475 3967 2507 4005 c

327 4037 366 4090 9
399 4034 754 4090 hebdomadas
790 4052 821 4091 c
976 4036 1043 4091 10
1076 4037 1228 4091 LXII
1267 4040 1359 4104 W,
1393 4037 1598 4092 LXXII
1632 4038 1694 4092 bc
1729 4043 1781 4092 et
1813 4037 1893 4092 sic
1926 4037 2213 4106 aliquoties
2367 4039 2424 4090 et
2456 4052 2579 4092 con-

331 4123 734 4178 uertetur...l.
771 4126 842 4178 12
873 4121 1026 4176 LXII
1059 4139 1160 4178 om.
1196 4141 1227 4178 e
1355 4123 1463 4181 '12
1495 4123 1697 4177 LXXII
1732 4124 1763 4178 b
1924 4122 1992 4177 15
2026 4125 2082 4177 et
2117 4123 2448 4177 exterminiis
2482 4139 2514 4179 c

333 4209 402 4262 16
438 4208 513 4278 et]
550 4207 641 4263 sed
677 4209 708 4264 b
971 4209 1308 4264 confirmauit
1340 4225 1370 4265 c
1636 4210 1701 4264 17
1738 4211 1793 4264 et
1828 4208 2055 4263 dimidia
2088 4209 2447 4264 hebdomadas
2482 4225 2514 4264 c

333 4295 404 4350 18
437 4295 534 4349 alt.
569 4296 626 4348 et
659 4310 758 4350 om.
796 4313 825 4350 c
995 4295 1133 4350 illud
1168 4297 1200 4351 b
1371 4297 1441 4353 19
1475 4296 1755 4366 execratio]
1794 4295 1861 4350 ab
1900 4295 2060 4350 initio
2097 4313 2127 4350 c
2289 4296 2359 4349 22
2393 4293 2584 4348 conflr-

329 4379 508 4433 mauit
542 4395 571 4434 e
775 4382 846 4435 23
880 4397 1005 4450 ergo
1042 4397 1144 4435 om.
1181 4399 1211 4436 c
1404 4381 1737 4437 hebdomada
1771 4399 1801 4436 c
2006 4381 2169 4451 LXX]
2205 4380 2447 4437 DCLXX
2480 4381 2513 4436 b
2597 4439 2607 4447 ,

330 4465 401 4518 26
436 4467 604 4536 suam]
643 4481 823 4521 eorum
859 4484 889 4523 c
