3217 5150
619 530 742 594 156
1553 518 1921 589 Appendix.

613 682 911 759 apparebit
927 727 942 755 ,
987 682 1085 757 qui
1125 678 1458 754 disciplinae
1487 680 1741 741 laborem
1786 679 1851 738 in
1899 680 2285 741 adulescentia
2322 697 2438 740 non
2480 676 2861 738 sustinuerit?

613 787 1002 861 quodcumque
1053 784 1262 844 etenim
1289 784 1456 844 bomo
1483 783 1833 845 laborsuerit
1850 828 1865 856 ,
1913 784 2020 845 hoc
2064 786 2123 844 et
2160 785 2358 844 metet.
2402 780 2635 843 omnis
2676 798 2862 841 nam-

613 906 748 965 que
792 888 1194 963 disciplina.
1258 886 1332 946 in
1393 888 1787 961 praesenti
1848 904 1987 947 non
2048 886 2347 947 uidetur
2400 901 2566 946 esse
2610 883 2863 959 gaudii

509 982 514 987 ’
611 994 737 1053 sed
759 992 1143 1052 maeroris:
1174 993 1430 1065 postea
1457 992 1695 1049 autem
1722 990 2041 1051 fructum
2080 989 2637 1065 pacatissimum
2664 1004 2862 1049 exer-

612 1095 875 1157 citatio
917 1111 1044 1171 per
1087 1111 1238 1154 eam
1279 1093 1528 1153 reddit
1556 1092 1925 1153 iustitiae.
1956 1093 2107 1154 sicut
2134 1110 2269 1169 ergo
2298 1093 2523 1155 fructus
2552 1109 2665 1153 non
2695 1091 2859 1151 inue—
2880 1109 2905 1147 s

612 1198 770 1258 nitur
793 1199 854 1256 in
875 1198 1078 1258 arbore
1107 1196 1168 1255 in
1195 1204 1312 1271 ‘qua
1340 1195 1643 1270 pampinus
1672 1198 1773 1255 aut
1804 1196 1909 1255 flos
1939 1196 2099 1271 prius
2126 1214 2239 1257 non
2268 1194 2600 1271 apparuerit
2616 1238 2632 1269 ,
2690 1194 2777 1255 sic
2804 1197 2865 1253 et

612 1300 672 1359 in
717 1302 1010 1361 senectute
1039 1301 1310 1360 honorem
1350 1298 1673 1373 legitimum
1724 1298 1997 1374 consequi
2022 1316 2137 1359 non
2176 1296 2389 1375 poterit
2422 1297 2523 1373 qui
2562 1298 2625 1357 in
2662 1297 2863 1357 adule-

615 1404 836 1464 scentia
864 1402 1198 1478 disciplinae
1227 1400 1470 1462 alicuius
1497 1401 2001 1461 exercitationibus
2028 1420 2144 1464 non
2164 1402 2530 1463 leborauerit.
2560 1400 2865 1475 disciplina

613 1507 794 1582 igitur
824 1508 1036 1583 absqoe
1065 1505 1426 1568 oboedientia
1470 1506 1721 1580 qualiter
1760 1505 1887 1565 fieri
1926 1503 2161 1581 potest?
2206 1505 2541 1565 adulescens
2568 1519 2707 1579 ergo
2736 1503 2862 1563 sine

613 1611 971 1673 oboedientia
991 1600 1325 1671 adulescens
1347 1611 1470 1670 sine
1491 1608 1801 1683 disciplina
1822 1613 1944 1669 est:
1978 1610 2247 1685 quonism
2266 1611 2328 1671 et
2354 1609 2483 1684 ipsa
2502 1607 2861 1669 oboedientia
2883 1624 2935 1662 ιο

617 1730 760 1788 quae
789 1714 1038 1774 omnium
1067 1712 1498 1787 disciplinarum
1525 1714 1708 1773 mater
1738 1716 1829 1772 est
1857 1730 2065 1788 magna
2092 1711 2497 1773 exercitatione
2526 1710 2767 1786 indiget,
2799 1714 2864 1769 ut

612 1817 702 1875 sui
731 1834 988 1876 normam
1016 1816 1194 1887 studii
1223 1814 1448 1876 Christo
1477 1815 1715 1877 Domino
1746 1816 2017 1877 exhibeat
2046 1816 2145 1892 qui
2174 1815 2477 1877 oboediens
2504 1813 2659 1889 patri
2680 1829 2861 1889 usque

611 1919 686 1979 ad
713 1922 952 1980 mortem
982 1919 1168 1980 crucis
1197 1919 1566 1995 ignominiam
1592 1918 1843 1980 libenter
1866 1919 2158 1979 sustinuit.

1223 2116 1447 2177 nwss
1501 2116 1677 2176 snm
1720 2116 2245 2177 ELEEMOSYNA.
2328 2186 2341 2195 ,

550 2260 594 2325 4
695 2270 942 2341 Quartus
971 2271 1263 2331 abusionis
1292 2272 1506 2345 gradus
1533 2273 1626 2330 est
1654 2270 1814 2331 diues
1844 2272 1968 2331 sine
1998 2271 2382 2347 eleemosyna,
2436 2269 2537 2346 qui
2576 2268 2863 2345 superflua
2882 2282 2933 2321 ιε»

611 2392 750 2435 usus
781 2376 872 2434 sui
900 2391 1046 2451 quae
1078 2375 1448 2437 custodienda
1491 2376 1552 2434 in
1581 2378 1872 2451 posterum
1902 2376 2163 2437 recondit
2198 2375 2593 2450 indigentibus
2622 2375 2684 2433 et
2710 2373 2859 2433 nihil

611 2478 960 2539 habentibus
988 2496 1102 2539 non
1134 2478 1458 2538 distribuit:
1504 2496 1606 2553 per
1637 2480 1787 2554 quod
1817 2480 2062 2540 efficitur
2075 2526 2091 2555 ‚
2138 2482 2204 2538 ut
2234 2480 2367 2539 dum
2410 2478 2472 2537 in
2499 2481 2656 2538 terra
2685 2494 2861 2552 quae·

611 2581 727 2642 sita
755 2582 1020 2658 diligenti
1067 2599 1205 2644 cura
1261 2583 1542 2657 custodit,
1600 2583 1865 2644 caelestis
1929 2585 2151 2659 patriae
2192 2599 2498 2658 perennem
2524 2581 2859 2641 thesaurum

611 2687 857 2747 amittat.
889 2688 963 2746 ad
994 2703 1160 2760 quem
1189 2687 1520 2746 thesaurum
1549 2686 1829 2746 Dominus
1862 2687 2025 2747 Iesus
2054 2685 2475 2748 adulescentem
2496 2683 2737 2745 diuitem
2761 2683 2857 2757 qui

609 2793 737 2849 eum
766 2792 837 2850 de
867 2791 1209 2865 perfectione
1263 2791 1717 2866 interrogauerat
1757 2790 1843 2852 ita
1893 2793 2239 2868 respondens
2286 2789 2586 2850 inuitauit:
2632 2791 2696 2849 si
2742 2789 2814 2849 ui
2830 2806 2856 2848 s
2877 2799 2931 2838 ²⁰

607 2893 995 2968 perfectus
1037 2911 1227 2968 esse,
1273 2895 1452 2954 uade
1482 2895 1709 2955 uende
1756 2896 1989 2956 omnia
2019 2913 2199 2970 quae
2228 2894 2446 2954 h⁸abes
2476 2896 2547 2953 et
2576 2894 2661 2953 da
2687 2909 2857 2967 pau·
2947 2960 2956 2969 ⁸

607 2995 944 3071 peribus,
991 2999 1062 3056 et
1104 2997 1269 3057 ueni
1314 3012 1621 3072 sequere
1665 3015 1797 3072 me,
1864 3001 1936 3058 et
1978 2998 2289 3058 habebis
2333 2997 2759 3056 thesaurum
2787 2995 2859 3054 in

612 3098 831 3159 caelo.
863 3115 1032 3173 quem
1059 3099 1393 3160 thesaurum
1421 3101 1618 3161 nullus
1648 3119 1916 3176 umquam
1944 3101 2234 3162 hominum
2262 3101 2473 3161 habere
2500 3102 2712 3174 potest,
2742 3098 2856 3158 nisi

610 3201 710 3275 qui
738 3201 1084 3276 pauperibus
1110 3201 1323 3263 solacia
1349 3206 1606 3277 praestat
1634 3207 1736 3265 aut
1763 3220 1866 3279 per
1895 3207 2075 3266 semet
2102 3205 2293 3280 ipsum
2320 3219 2537 3280 pauper
2565 3205 2675 3264 est.
2736 3219 2852 3263 non

742 3487 778 3542 2
814 3487 978 3544 Hebr.
1017 3487 1100 3554 12,
1138 3488 1219 3542 11.
1426 3488 1498 3544 20
1531 3488 1733 3544 matth.
1772 3489 1855 3556 19,
1890 3443 1974 3544 212

739 3763 775 3818 2
809 3766 867 3818 et
903 3765 954 3818 G
987 3778 1031 3818 s.
1067 3764 1103 3818 1.
1139 3780 1208 3818 m.
1244 3766 1286 3818 2
1439 3764 1473 3819 3
1507 3779 1622 3820 esse
1656 3780 1755 3820 om
1792 3765 1856 3820 X
2004 3766 2043 3820 4
2075 3765 2275 3835 autem]
2314 3779 2437 3820 uero
2471 3779 2504 3818 v
2664 3765 2859 3822 exerci-

603 3850 738 3904 tatis
777 3848 841 3905 X
1031 3849 1282 3905 §reddet
1323 3850 1403 3907 Vv
1595 3867 1721 3922 ergo
1756 3851 2149 3916 om.X‚enim
2192 3851 2242 3906 V
2434 3853 2788 3910 Getom.X

603 3935 636 3990 7
663 3935 874 4005 assequi
895 3951 929 3990 v
1063 3936 1099 3990 8
1123 3937 1496 3992 exercitatione
1519 3954 1552 3993 v
1692 3937 1761 3992 10
1795 3937 2131 3992 oboedientia
2165 3937 2463 3993 aduliscens
2498 3938 2691 4008 (igitur
2720 3937 2857 3994 add.

610 4022 692 4092 V)
727 4036 770 4075 s.
807 4019 1092 4092 disciplina
1134 4023 1254 4089 GV,
1288 4025 1574 4095 disciplina
1609 4041 1656 4084 a,
1690 4041 1731 4079 s.
1768 4023 2105 4080 oboedientia
2140 4024 2232 4080 Xv
2438 4025 2506 4080 11
2542 4027 2625 4079 est
2666 4025 2720 4081 G
2750 4041 2792 4080 s.
2820 4025 2855 4079 l.

600 4124 668 4162 m.
705 4110 744 4162 2
902 4108 990 4178 ut]
1025 4109 1224 4164 etenim
1259 4110 1332 4176 X,
1373 4126 1509 4181 quae
1541 4127 1576 4166 v
1737 4111 1806 4165 12
1837 4127 1871 4164 a
1904 4111 2107 4166 christo
2134 4111 2209 4175 X,
2246 4111 2306 4166 in
2340 4111 2541 4166 christo
2576 4127 2610 4166 c
2770 4127 2859 4166 ex-

603 4191 809 4263 hibeat]
845 4195 1070 4266 suscipit
1094 4196 1172 4261 X,
1207 4197 1437 4266 sumpsit
1459 4213 1494 4252 v
1523 4187 1538 4197 ‘
1643 4198 1711 4252 16
1745 4213 1875 4251 usus
1910 4197 1995 4252 sui
2030 4213 2131 4252 om.
2169 4196 2234 4251 X
2364 4213 2607 4267 quaeque
2649 4197 2790 4253 G'X

599 4279 884 4334 recondens
920 4281 984 4336 X
1205 4283 1271 4337 17
1305 4283 1450 4354 dum]
1491 4299 1613 4338 cum
1651 4283 1716 4338 Χ
1934 4285 2002 4339 19
2038 4283 2249 4338 amittit
2282 4284 2383 4350 21¹,
2420 4282 2699 4338 ammittat
2738 4285 2785 4338 G

600 4366 696 4433 qui
729 4365 887 4421 illum
929 4367 992 4434 V,
1027 4368 1186 4424 illum
1221 4370 1317 4438 qui
1355 4371 1406 4424 G
1644 4371 1717 4424 20
1748 4371 2004 4424 incitsuit
2045 4370 2099 4424 V
2334 4370 2403 4425 21
2438 4369 2577 4425 uade
2608 4372 2665 4425 et
2707 4369 2788 4424 Vv

597 4451 669 4506 22
703 4453 760 4506 et
794 4469 1010 4523 sequere
1052 4456 1106 4511 V
1341 4456 1412 4511 23
1445 4456 1723 4512 hominum
1758 4471 2012 4526 umquam
2055 4457 2109 4511 V
2343 4456 2419 4515 24
2452 4473 2507 4512 se
2542 4455 2719 4526 ipsum
2754 4472 2789 4510 v
