3217 5150
599 534 722 597 170
1531 530 1899 599 Appendix.

588 694 892 763 procurent
917 690 982 751 hi
1009 690 1072 750 in
1099 690 1248 765 quod
1275 705 1372 751 eos
1399 688 1695 751 constituit
1716 688 1991 749 Dominus
2016 707 2191 765 supra
2210 688 2491 749 familiam
2516 704 2677 748 suam
2706 687 2848 748 dare

587 792 722 863 illis,
735 793 925 854 cibum
953 794 1016 853 in
1062 796 1316 867 tempore
1365 810 1467 852 suo
1495 809 1817 853 mensuram
1866 792 2079 867 tritici,
2120 810 2321 868 puram
2350 791 2573 852 scilicet
2620 794 2680 850 et
2707 808 2847 865 pro-

587 898 778 957 batam
806 897 1140 969 doctrinam,
1169 898 1450 971 quatenus
1477 895 1745 957 ueniente
1772 894 2011 956 Domino
2052 898 2377 957 mereantur
2402 894 2635 955 audire:
2656 910 2689 955 e
2704 910 2797 969 ug
2810 912 2846 955 e

585 1016 797 1060 seruc
849 1000 1030 1060 bone
1072 1003 1146 1059 et
1186 999 1483 1073 fidelis,
1541 999 1715 1073 quia
1768 1015 1989 1074 supra
2027 1016 2259 1074 pauca
2299 997 2571 1059 fidelis
2612 996 2844 1057 fuisti

587 1120 806 1178 supra
858 1103 1086 1164 multa
1141 1104 1213 1162 te
1272 1101 1752 1163 constituamz
1824 1102 2023 1163 intra
2061 1102 2137 1161 in
2202 1102 2541 1177 gaudium
2605 1100 2885 1161 Domi-s

589 1206 661 1264 ni
703 1206 828 1265 tui.

1225 1377 1466 1438 PLEBS
1510 1377 1687 1437 SINE
1731 1375 2193 1439 DISCIPLINA.

499 1540 575 1597 11
663 1534 1008 1595 Vndecimus
1057 1532 1350 1593 abusionis
1399 1532 1610 1608 gradus
1664 1534 1755 1593 est
1795 1531 1959 1607 plebs
1990 1534 2113 1593 sine
2142 1532 2475 1608 disciplina:
2520 1548 2669 1606 quae
2698 1532 2837 1592 dum

579 1636 914 1711 disciplinae
945 1634 1448 1697 exercitationibus
1477 1652 1592 1695 non
1622 1635 1822 1707 seruit,
1853 1635 2135 1696 communi
2164 1652 2227 1695 se
2255 1634 2594 1709 perditionis
2622 1634 2829 1709 lsqmo

577 1738 954 1813 constringit:
986 1738 1132 1798 iram
1159 1736 1370 1797 etenim
1391 1733 1608 1798 domini
1636 1738 1852 1813 absque
1882 1737 2217 1811 disciplinae
2246 1738 2435 1812 rigore
2462 1754 2576 1798 non
2608 1736 2826 1798 euadit.
2852 1755 2907 1796 ιο

576 1846 748 1915 atque
797 1841 1004 1903 idcirco
1056 1840 1386 1915 psalmistae
1435 1840 1674 1901 uocibus
1725 1840 2185 1916 indisciplinatae
2228 1840 2385 1916 plebi
2430 1840 2827 1915 praedicatur:

575 1943 1110 2017 adprehendite
1139 1943 1609 2017 disciplinam
1638 1961 1723 2004 ne
1748 1943 2027 2019 quando
2056 1944 2432 2006 irascatur
2460 1942 2827 2005 Dominus.

579 2046 884 2122 disciplina
923 2063 1058 2107 uero
1099 2050 1191 2109 est
1229 2064 1449 2107 morum
1489 2048 1752 2107 ordinata
1782 2047 2054 2108 correctio
2085 2051 2145 2108 et
2172 2046 2447 2107 maiorum
2474 2046 2825 2122 praeceden-

576 2148 720 2208 tium
770 2150 1096 2223 regularum
1145 2150 1489 2210 obseruatio,
1535 2150 1604 2209 de
1655 2167 1769 2225 qua
1818 2150 2126 2225 disciplina
2166 2150 2383 2211 Paulus
2413 2148 2711 2225 apostolus
2740 2150 2829 2210 ita

575 2250 828 2327 loquitur
905 2252 1130 2313 dicens:
1217 2252 1291 2313 in
1361 2252 1780 2327 disciplina
1863 2254 2375 2328 perseuerate:
2460 2256 2895 2327 tamquamu

573 2354 776 2415 filiis
817 2356 1029 2417 uobis
1072 2355 1302 2416 offert
1343 2372 1418 2417 se
1461 2356 1671 2416 Deus.
1733 2356 1919 2431 quod
1960 2354 2025 2416 si
2068 2358 2279 2417 extra
2335 2354 2825 2429 disciplinam

570 2458 777 2533 estis,
822 2458 1029 2520 cuius
1069 2459 1481 2534 participes
1523 2458 1709 2519 facti
1750 2460 1921 2519 suut
1962 2475 2227 2533 omnes,
2273 2475 2445 2535 ergo
2488 2457 2823 2519 adulteri

571 2565 642 2622 et
684 2580 821 2624 non
864 2562 1026 2623 filii
1070 2562 1280 2624 estis.
1327 2562 1428 2638 qui
1468 2580 1602 2638 ergo
1649 2562 1895 2624 adulteri
1939 2564 1999 2624 et
2042 2562 2167 2624 sine
2206 2560 2514 2638 disciplina
2556 2564 2713 2637 sunt,
2758 2564 2822 2623 et

571 2665 842 2726 caelestis
891 2666 1056 2742 regni
1105 2665 1486 2727 hereditatem
1527 2683 1639 2725 non
1680 2665 1940 2740 capiunt:
1984 2665 2094 2726 filii
2122 2669 2312 2726 autem
2340 2669 2611 2740 paternae
2641 2665 2819 2728 disci-

567 2769 760 2842 plinae
813 2767 1188 2830 correctiones
1239 2768 1432 2828 ferunt
1471 2770 1531 2830 et
1575 2769 1951 2829 hereditatem
2002 2769 2340 2844 quandoque
2370 2769 2620 2842 recipere
2648 2783 2818 2842 posse
2838 2790 2892 2833 so

567 2890 680 2932 non
724 2874 1044 2946 desperant.
1090 2872 1160 2931 de
1213 2888 1326 2945 qua
1347 2871 1522 2931 etiam
1573 2871 1877 2946 disciplina
1906 2871 2110 2932 Esaias
2138 2872 2318 2932 eidem
2348 2871 2820 2944 indisciplinatae

561 2975 715 3050 plebi
766 2975 1060 3049 praedicat
1111 2975 1340 3035 dicens:
1407 2975 1771 3052 quiescite
1831 2992 2052 3051 agere
2094 2991 2465 3049 peruerse,
2532 2975 2817 3036 discite

693 3203 728 3256 3
763 3201 960 3256 Matth.
997 3203 1083 3266 25,
1118 3202 1202 3256 23.
1501 3203 1568 3256 12
1601 3201 1691 3257 Ps.
1728 3204 1812 3266 21,
1854 3203 1935 3256 12.
2246 3203 2313 3257 15
2346 3201 2510 3256 Hebr.
2548 3201 2638 3266 12,
2674 3201 2725 3254 7.
2760 3203 2813 3257 8.

559 3289 628 3343 22
663 3287 752 3344 ΕΒ.
792 3291 838 3353 1,
877 3288 959 3342 16.

691 3515 722 3567 1
755 3513 1042 3581 procurant
1075 3511 1137 3565 X
1327 3509 1408 3580 hi]
1446 3510 1508 3564 hi
1542 3509 1600 3565 id
1644 3510 1783 3565 ΨΧ
1972 3511 2028 3564 in
2064 3527 2167 3566 ont.
2211 3510 2295 3567 Vv
2480 3527 2613 3580 quos
2658 3511 2739 3567 Vv

549 3614 636 3652 eos
671 3613 772 3652 om.
815 3597 980 3654 G¹Vv
1135 3611 1292 3666 super
1328 3595 1478 3654 XVv
1633 3598 1670 3651 2
1702 3613 1799 3652 suo
1832 3613 1934 3652 om.
1979 3597 2030 3653 V
2182 3599 2385 3668 puram]
2422 3613 2647 3668 paruam
2690 3599 2743 3653 V

547 3683 582 3737 3
617 3683 916 3738 doctrinam
951 3683 1236 3752 probatam
1278 3682 1333 3738 V
1558 3686 1825 3738 mereatur
1858 3683 1921 3737 X
2156 3683 2195 3737 4
2228 3698 2390 3752 supra
2420 3684 2495 3753 p.]
2536 3682 2597 3736 in
2630 3697 2807 3752 pauca

548 3769 696 3826 XVv
899 3769 1059 3823 fuisti
1091 3768 1270 3823 fidelis
1304 3768 1398 3824 Xv
1565 3771 1602 3824 8
1637 3769 1778 3824 alius
1812 3769 2089 3824 abusionis
2132 3769 2187 3824 V
2360 3769 2507 3838 dum]
2545 3784 2665 3824 cum
2700 3787 2735 3824 v

546 3856 580 3909 9
615 3855 852 3910 deseruit
885 3857 960 3924 X,
997 3855 1167 3910 seruit
1199 3841 1303 3910 dfio
1346 3855 1410 3920 V,
1443 3855 1701 3910 seruit·-
1742 3857 1793 3908 G
2080 3854 2375 3909 communi.
2398 3854 2665 3909 ..domini
2698 3871 2803 3910 ons.

554 3941 668 3997 GX
672 3941 727 3998 V
1007 3942 1075 3997 10
1106 3943 1296 4012 uigore
1335 3941 1390 3997 V
1666 3939 1859 3994 euadet
1900 3939 1955 3995 V
2230 3941 2300 3994 13
2334 3955 2543 3994 morum
2578 3943 2665 3995 est
2698 3958 2733 3997 υ

427 4083 440 4096 ‚
544 4028 614 4081 14
645 4027 849 4097 regulis
885 4027 949 4082 X
1161 4027 1230 4083 15
1262 4027 1442 4082 dicens
1477 4043 1578 4081 om.
1618 4025 1683 4080 X
1893 4025 1963 4081 16
1996 4042 2053 4081 se
2086 4043 2188 4082 on.
2224 4025 2347 4080 XV
2544 4026 2610 4080 17
2648 4026 2799 4096 sunt]

541 4113 743 4168 estisv
1013 4114 1408 4185 ergoJenimv
1691 4111 2126 4181 18quiom.X
2406 4112 2727 4168 stom-Vn

540 4199 654 4254 sine
687 4199 760 4270 d.]
797 4199 1192 4270 indisciplinati
1233 4198 1370 4254 G’X
1672 4199 1731 4252 et
1766 4213 1869 4252 ont.
1910 4198 2053 4252 G’X
2360 4199 2428 4253 19
2462 4199 2512 4252 si
2544 4198 2655 4253 filii
2688 4215 2724 4254 v

539 4285 608 4340 a)
641 4287 982 4342 correctiores
1015 4286 1079 4341 X
1289 4286 1470 4340 ferunt
1511 4283 1655 4349 6¹1⁷,
1692 4283 1832 4338 flunt
1873 4283 2009 4338 ΨΧ
2226 4300 2283 4338 se
2316 4285 2548 4354 recipere
2585 4285 2729 4339 ΨΧ

537 4376 763 4440 possunt
804 4372 859 4428 V
1111 4375 1180 4428 21
1215 4374 1495 4442 desperent
1527 4389 1578 4438 v,
1614 4370 1920 4441 dispereant
1956 4372 2008 4425 θ
2271 4372 2444 4428 eidem
2477 4375 2514 4428 i.
2552 4389 2601 4442 p.
2638 4388 2791 4442 prae-

535 4456 698 4528 dicat]
735 4459 976 4528 loquitur
1022 4459 1075 4515 V
1273 4458 1413 4513 idem
1451 4457 1530 4522 X,
1563 4456 1779 4526 quidem
1814 4473 1847 4513 v
