3217 5150
973 534 1064 588 Dc
1096 533 1366 602 duplici
1401 534 1734 602 martyrio
1771 550 1812 587 c.
1853 536 2004 589 1—2.
2308 564 2313 571 ·
2488 537 2612 603 221

356 694 429 753 ad
473 692 955 753 exstimulandum
1001 692 1248 752 officium
1293 710 1479 751 meum
1499 736 1514 763 ,
1569 696 1631 752 ut
1676 694 1841 754 unico
1898 694 2093 754 libello
2139 694 2618 755 commilitonibus

355 796 570 856 nostris
598 796 896 854 materiam
930 794 1442 867 subministrarem,
1474 798 1623 855 unde
1653 796 1764 855 sibi
1793 798 1984 871 gratia
2027 798 2266 872 spiritus
2297 798 2617 872 opitulante

359 900 715 958 munimenta
733 898 970 983 ‘telaque
1003 898 1421 958 fabricarentur
1451 898 1726 957 aduersus
1755 901 2213 973 persecutionum
2243 901 2528 974 incursuS,
2561 906 2619 961 et

358 1002 502 1062 mihi
546 1003 697 1075 quod
737 1002 973 1074 petebas
1015 1000 1244 1060 conanti
1273 1018 1386 1059 non
1421 1001 1729 1075 dedignata
1760 1005 1851 1061 est
1880 1004 2097 1075 adesse,
2131 1004 2188 1062 et
2216 1004 2366 1078 quod
2396 1004 2618 1064 utrius-

314 1124 338 1163 s
359 1122 468 1180 que
519 1106 779 1164 nostrum
835 1120 1062 1178 operam
1105 1120 1218 1163 non
1268 1120 1440 1177 passa
1470 1106 1558 1164 est
1587 1122 1711 1164 esse
1744 1105 2018 1177 sterilem,
2069 1106 2177 1165 hoc
2207 1108 2298 1165 est
2327 1108 2479 1181 quod
2506 1108 2620 1167 mei

357 1207 667 1268 Fortunati
719 1208 878 1282 pium
920 1208 1268 1268 desiderium
1310 1207 1452 1267 bene
1483 1206 1818 1282 fortunauit,
1874 1211 1933 1269 et
1962 1208 2214 1268 ministri
2244 1208 2335 1267 sui
2366 1208 2621 1269 officium

355 1313 544 1373 uoluit
595 1328 719 1372 esse
763 1312 957 1386 gregis
1009 1312 1099 1370 sui
1140 1310 1494 1371 beneficium.
1557 1310 1763 1371 scribis
1806 1312 1957 1372 enim
2000 1330 2069 1371 ex
2098 1329 2162 1371 eo
2192 1310 2341 1371 libro
2373 1312 2619 1372 multum

356 1415 578 1477 roboris
601 1418 662 1475 et
684 1413 1006 1474 alacritatis
1029 1415 1336 1475 accessisse
1360 1415 1630 1486 strenuiS‚
1662 1414 2045 1475 timidioribus
2068 1418 2259 1475 autem
2289 1417 2348 1475 et
2377 1416 2621 1475 infirmis

357 1522 587 1580 tantum
638 1519 955 1577 animorum
998 1534 1126 1577 esse
1167 1518 1442 1589 additum,
1496 1519 1562 1575 ut
1603 1536 1672 1577 ex
1715 1517 1807 1577 his
1851 1536 2071 1593 quoque
2102 1536 2203 1591 per
2231 1518 2339 1577 Dei
2369 1518 2619 1593 gratiam

287 1639 338 1677 10
358 1626 572 1683 certam
601 1622 900 1681 uictoriam
931 1621 1097 1681 nobis
1127 1621 1460 1694 promittere
1503 1622 1827 1681 debeamus,
1890 1639 2064 1695 eoque
2093 1622 2366 1681 libentius
2398 1622 2615 1681 obtem-

356 1724 556 1800 peraui
586 1723 1001 1798 posterioribus
1032 1723 1150 1782 tuis
1177 1723 1411 1795 litteris,
1445 1724 1655 1798 quibus
1686 1727 1814 1785 orat
1844 1727 1945 1785 tua
1975 1724 2205 1798 caritaS,
2250 1728 2315 1784 ut
2347 1726 2617 1800 quoniam

356 1831 466 1889 hoc
516 1825 788 1901 auspiciis
839 1826 1067 1886 Domini
1120 1825 1302 1885 nostri
1346 1826 1478 1886 Iesu
1510 1826 1729 1886 Christi
1760 1827 1902 1887 bene
1934 1829 2227 1903 successit,
2278 1829 2483 1888 addam
2514 1846 2616 1888 uo-

356 1932 550 1992 lumen
602 1930 847 1989 alterum
889 1930 958 1989 de
1001 1928 1215 2003 duplici
1256 1929 1519 2005 martyrii
1550 1946 1792 2004 genere:
1839 1948 2079 2005 quorum
2111 1949 2285 1990 unum
2316 1931 2623 1993 exhibetur

359 2052 488 2095 cum
530 2033 716 2093 saeuit
759 2034 1038 2093 tortorum
1085 2032 1432 2106 immanitas,
1487 2034 1734 2092 alterum
1776 2035 2055 2095 occultius
2099 2036 2327 2109 quidem
2356 2038 2463 2110 est,
2518 2038 2621 2095 sed

289 2162 340 2200 15
360 2137 732 2198 nihilominus
785 2136 992 2196 fortem
1043 2136 1295 2196 animum
1341 2136 1599 2210 postulat
1652 2137 1945 2211 multaque
1998 2138 2277 2198 diuinitus
2328 2142 2625 2198 armatura

363 2242 790 2303 communitum.
837 2239 1059 2299 utinam
1103 2242 1162 2299 et
1203 2241 1310 2300 hoc
1339 2258 1544 2300 munus
1576 2240 1793 2299 Christi
1827 2242 2063 2314 spiritus
2091 2257 2194 2314 per
2224 2258 2313 2301 me
2342 2241 2620 2301 fratribus

358 2346 419 2403 et
448 2343 932 2407 commilitonibus
961 2343 1176 2403 nostris
1205 2343 1411 2417 largiri
1462 2344 1735 2417 dignetur
1777 2346 1835 2403 et
1883 2346 2032 2417 quod
2062 2344 2281 2403 dederit
2309 2344 2454 2405 bene
2484 2362 2618 2418 pro-

362 2464 610 2523 sperare.
669 2447 1136 2522 quemadmodum
1187 2447 1338 2504 enim
1391 2445 1539 2505 nihil
1591 2448 1851 2505 sanctum
1903 2446 2019 2506 nisi
2060 2446 2162 2505 illo
2206 2447 2616 2518 sanctificante,

360 2551 508 2612 nihil
537 2554 743 2626 potens
773 2550 886 2610 nisi
916 2548 1017 2610 illo
1048 2550 1485 2610 corroborante:
1533 2549 1619 2609 ita
1659 2549 1809 2609 nihil
1860 2550 2018 2621 felix,
2062 2550 2208 2608 nihil
2259 2550 2619 2624 auspicatum

291 2677 344 2718 20
361 2656 476 2716 nisi
527 2655 629 2715 illo
681 2657 1072 2729 prosperante.
1133 2670 1270 2712 sane
1314 2656 1373 2712 et
1416 2654 1629 2712 uestris
1672 2652 1937 2727 precibus
1983 2656 2041 2712 et
2084 2653 2313 2713 Domini
2356 2653 2616 2714 bonitate

358 2759 544 2819 fretus
575 2757 898 2833 aggrediar.

443 2863 684 2937 Martyr,
715 2864 781 2920 ut
811 2860 884 2919 iis
915 2877 1137 2934 quoque
1167 2861 1362 2919 notum
1391 2862 1481 2918 est
1511 2861 1611 2934 qui
1636 2859 1846 2920 Graece
1876 2861 2156 2934 nesciunt,
2188 2862 2395 2920 testem
2426 2862 2613 2920 sonat.
2642 2867 2689 2924 2

361 2981 702 3039 quamquam
747 2966 936 3023 autem
979 2965 1110 3037 post
1153 2964 1406 3023 exortam
1437 2963 1802 3038 euangelicae
1833 2964 2099 3023 ueritatis
2129 2963 2311 3023 lucem
2342 2963 2619 3024 ecclesia-
2719 2949 2725 2956 ’

359 3068 508 3128 stica
559 3069 902 3128 consuetudo
944 3065 1296 3140 cognominis
1347 3067 1516 3126 huius
1546 3067 1819 3126 honorem
1848 3069 2075 3141 proprie
2106 3068 2387 3128 tribueret
2414 3067 2488 3126 iis
2519 3067 2619 3141 qui

287 3191 338 3232 25
356 3171 419 3231 in
473 3171 774 3232 tormentis
817 3187 997 3244 usque
1042 3171 1114 3230 ad
1157 3171 1396 3230 mortem
1439 3171 1824 3244 perdurarunt
1869 3168 1928 3229 in
1972 3169 2325 3246 professione
2368 3169 2619 3230 nominis

357 3275 492 3335 Iesu
523 3274 743 3333 Christi
772 3277 830 3334 et
860 3273 1255 3348 euangelicum
1286 3272 1730 3332 instrumentum
1772 3273 2048 3347 sanguine
2100 3291 2200 3333 suo
2253 3273 2414 3333 uelut
2464 3273 2619 3333 obsi-

359 3381 609 3454 gnarunt
631 3379 781 3451 apud
805 3377 1157 3436 incredulos:
1191 3377 1374 3435 omnis
1396 3378 1589 3435 tamen
1611 3377 1835 3449 piorum
1857 3377 1981 3436 uita
2008 3377 2396 3436 testimonium
2428 3376 2619 3434 reddit

357 3481 497 3554 Dee,
543 3498 657 3540 non
702 3481 852 3555 quod
897 3479 996 3540 ille
1041 3481 1375 3554 cuiusquam
1429 3481 1595 3554 egeat
1645 3477 1991 3552 testimonio,
2038 3480 2139 3552 (1111
2182 3497 2250 3539 ex
2281 3497 2341 3539 se
2371 3479 2499 3538 fons
2530 3480 2621 3538 est

360 3587 626 3644 aeternae
671 3584 908 3659 gloriae,
963 3586 1028 3642 ut
1068 3599 1172 3642 nec
1218 3582 1356 3642 ullis
1397 3581 1695 3680 hgminum
1724 3581 2037 3641 honoribus
2068 3581 2193 3641 fieri
2219 3579 2403 3656 possit
2438 3581 2619 3641 hono·
2660 3619 2663 3622 -

285 3713 342 3753 10
357 3689 541 3747 ratior
571 3704 676 3748 nec
704 3687 840 3746 ullis
868 3686 1192 3747 mortalium
1222 3685 1553 3760 ignominiis
1582 3685 1906 3746 obscurior:
1956 3685 2057 3744 sed
2093 3688 2285 3744 tamen
2314 3683 2398 3743 ita
2426 3683 2623 3743 nisum

359 3793 449 3851 est
491 3792 720 3852 aeterno
760 3790 923 3849 illius
963 3790 1267 3864 diuinoque
1309 3787 1566 3862 consilio,
1622 3791 1687 3847 ut
1716 3805 1877 3848 suam
1908 3788 2223 3848 bonitatem
2276 3787 2622 3860 sapientiam

357 3911 425 3953 ac
453 3895 768 3968 potentiam
798 3895 950 3968 apud
979 3894 1236 3953 homines
1264 3910 1368 3967 per
1394 3893 1652 3953 homines
1674 3893 1821 3952 uelit
1843 3891 2143 3964 illustrari,
2176 3890 2325 3950 sicut
2347 3890 2622 3950 mundum

357 3996 666 4071 gubernari
720 3997 903 4056 uoluit
953 4012 1055 4070 per
1087 3997 1340 4071 angelos,
1395 4013 1520 4055 cum
1561 3994 1895 4070 angelorum
1938 3992 2256 4053 ministerio
2286 4009 2399 4052 non
2430 3994 2622 4067 egeat,

357 4099 649 4176 multaque
679 4101 1004 4162 hominibus
1033 4118 1138 4175 per
1165 4099 1424 4160 homines
1454 4099 1755 4175 largiatur,
1802 4115 1947 4173 quae
1976 4114 2079 4172 per
2110 4113 2171 4156 se
2204 4098 2342 4156 dare
2373 4097 2621 4171 poterat,

286 4227 338 4269 ⁸5
359 4205 458 4280 qui
508 4204 785 4279 quidquid
835 4203 964 4263 uult
1004 4205 1148 4262 nutu
1189 4205 1380 4277 potest
1426 4205 1486 4263 et
1527 4204 1619 4263 cui
1648 4203 1899 4262 uoluisse
1932 4201 2139 4261 fecisse
2169 4203 2277 4261 est.
2324 4201 2383 4258 et
2412 4216 2618 4274 quam-

357 4325 528 4384 quam
569 4310 635 4367 ut
677 4308 796 4367 dixi
843 4307 916 4368 ad
956 4307 1118 4366 illam
1168 4306 1513 4366 ineffabilem
1544 4306 1905 4366 maiestatem
1946 4305 2107 4364 nulla
2135 4304 2417 4378 pertingit
2445 4303 2617 4378 igno-

358 4410 556 4484 minia,
603 4414 796 4472 tamen
831 4411 892 4470 in
940 4409 1244 4485 scripturis
1274 4410 1359 4470 ita
1386 4410 1664 4484 loquitur,
1717 4409 1885 4484 quasi
1913 4426 2017 4484 per
2045 4425 2149 4469 nos
2180 4407 2491 4467 honoretur
2518 4405 2617 4466 nel
