3217 5150
668 553 752 620 36
1611 547 1976 617 Appendix.

665 708 843 768 altius
886 707 1070 768 iaceat
1117 726 1290 783 quam
1323 709 1478 768 unda
1517 707 1797 766 tumidum
1828 707 2067 782 pelagus
2105 708 2431 782 exspuebat.
2481 708 2627 782 legis
2656 707 2943 783 scriptum

666 827 792 870 esse
824 827 1001 883 usque
1033 810 1407 886 quadrantem
1449 827 1552 869 nos
1580 811 1844 870 ultimum
1874 811 2129 870 reddere.
2182 810 2283 870 sed
2324 811 2466 870 haec
2494 828 2587 870 res
2616 813 2706 870 est
2734 811 2945 872 ablata

669 913 1035 988 martyribus.
1085 914 1292 973 etenim
1324 913 1421 989 qui
1451 914 1660 972 salutis
1692 915 1955 974 aeternae
1986 913 2561 988 cupiditatibusfreti
2594 915 2747 974 uitae
2778 915 2937 974 desi—

667 1016 826 1077 deria
877 1016 1156 1090 uicerunt,
1217 1018 1322 1078 hos
1353 1017 1678 1092 inexpertos
1741 1015 1954 1076 doloris
2012 1017 2309 1078 uniuersos
2369 1015 2595 1076 Domini
2650 1017 2941 1092 promissa

669 1120 948 1180 fecerunt.
2964 1148 2995 1187 ⁵

571 1220 649 1277 14
753 1223 940 1297 Igitur
968 1223 1102 1284 hinc
1128 1223 1392 1298 primum,
1447 1222 1727 1282 carissimi
1757 1222 1985 1296 fratres,
2037 1222 2349 1296 poterimus
2380 1221 2690 1296 expendere
2720 1206 2943 1297 quanta

663 1326 920 1402 martyrii
959 1327 1145 1386 uirtus
1191 1325 1376 1402 possit
1411 1325 1650 1400 inplere.
1700 1325 1885 1399 adque
1926 1327 1991 1384 ut
2028 1327 2319 1386 transeam
2350 1327 2573 1397 cuncta,
2604 1325 2941 1386 meminisse

665 1429 928 1491 debemus
959 1431 1174 1504 quanta
1205 1429 1282 1488 sit
1311 1427 1498 1503 gloria
1519 1428 1593 1487 ad
1617 1427 1907 1487 Christum
1932 1427 2335 1488 inmaculatum
2366 1428 2579 1498 uenire,
2613 1431 2939 1489 consortem

661 1533 946 1608 passionis
977 1533 1220 1593 existere
1250 1535 1635 1608 perpetuaque
1666 1550 1792 1592 cum
1822 1531 2060 1592 Domino
2084 1531 2423 1592 aeternitate
2446 1547 2707 1606 regnare,
2739 1547 2943 1592 carere

661 1636 851 1696 exitiis
881 1635 1212 1696 inminentis
1243 1635 1454 1696 saeculi
1496 1653 1600 1695 nec
1654 1635 1804 1695 inter
1846 1637 2081 1720 cruenta
2142 1636 2465 1696 morborum
2532 1635 2937 1708 populantium
2966 1662 3025 1700 ιο

661 1743 855 1814 strage
886 1738 1166 1798 communi
1197 1757 1324 1798 cum
1355 1739 1556 1798 ceteris
1581 1741 1735 1799 sorte
1772 1738 2019 1800 misceri.
2072 1738 2255 1813 adque
2300 1739 2365 1798 ut
2390 1737 2587 1797 sileam
2613 1738 2683 1798 de
2706 1755 2941 1820 corona,

661 1841 713 1900 si
751 1842 860 1900 tibi
901 1839 962 1899 in
1005 1841 1098 1900 his
1149 1846 1386 1902 naturae
1438 1841 1677 1902 lubricis
1729 1841 1897 1902 malis
1938 1841 2123 1916 posito
2165 1841 2320 1900 uitae
2358 1841 2787 1915 promitteretur
2832 1857 2940 1901 ex-

663 1959 874 2017 cessus,
919 1933 1102 2004 nonne
1145 1945 1298 2004 omni
1339 1947 1526 2004 mente
1570 1945 1895 2020 gauderes?
1942 1944 1994 2004 si
2034 1961 2145 2020 qua
2191 1947 2249 2004 te
2289 1944 2349 2003 111
2380 1944 2549 2004 huius
2578 1945 2774 2006 mundi
2803 1949 2941 2005 tur-

660 2047 890 2106 binibus
939 2047 1308 2107 fluctuantem
1359 2047 1548 2108 uicina
1599 2049 1911 2110 arcesseret
1960 2047 2183 2123 requies
2202 2092 2217 2120 ‚
2283 2065 2469 2109 nonne
2530 2051 2765 2111 mortem
2832 2067 2943 2124 pro

660 2150 904 2210 remedio
937 2153 1274 2226 conputares
1287 2154 1316 2209 ⁴?
1347 2150 1570 2224 positus
1601 2151 1752 2210 inter
1782 2167 1940 2210 arma
1968 2137 2292 2210 carnificum
2323 2167 2389 2210 ac
2416 2151 2535 2210 tela
2562 2152 2935 2224 probantium
2968 2175 3030 2215 15

662 2255 1054 2328 quaestionum
1071 2300 1085 2328 ,
1140 2258 1230 2316 sta
1272 2254 1534 2317 sublimis
1587 2273 1655 2316 ac
1706 2255 1874 2316 fortis
1926 2255 2291 2316 considerans
2346 2259 2561 2330 quanta
2610 2255 2689 2316 sit
2740 2273 2933 2330 poena.

661 2374 872 2432 negare
917 2375 981 2418 eo
1035 2361 1286 2434 tempore
1330 2375 1439 2435 quo
1484 2358 1598 2418 frui
1644 2359 1870 2418 saeculo
1912 2357 2181 2433 nequeas,
2236 2358 2397 2420 cuius
2450 2376 2619 2420 causa
2661 2376 2937 2436 nogarae,

664 2462 928 2534 quoniam
951 2462 1178 2537 quidem
1203 2462 1407 2536 grauia
1427 2463 1716 2523 tormenta
1745 2479 1813 2522 ac
1840 2461 2113 2536 puniendi
2133 2462 2334 2523 noxias
2357 2464 2509 2524 artes
2538 2462 2599 2521 in
2621 2463 2939 2537 perniciem

871 2648 902 2701 1
939 2646 1008 2701 cf.
1043 2646 1245 2701 Matth.
1280 2648 1330 2712 5,
1366 2647 1455 2704 26.

805 2819 835 2870 1
873 2818 1037 2871 iaciat
1073 2818 1274 2873 LNPv
1498 2819 1697 2873 undam
1732 2836 1767 2874 v
1988 2820 2228 2873 tumidus
2262 2820 2387 2882 LP,
2423 2821 2541 2873 tum
2580 2818 2726 2872 sidus
2765 2817 2866 2889 ΩΤ

664 2905 698 2958 2
732 2904 988 2958 ultimum
1024 2920 1128 2961 om.
1167 2904 1214 2974 Ω
1455 2905 1564 2973 sed]
1601 2904 1693 2959 sed
1731 2904 1857 2960 solis
1892 2920 1927 2959 v
2165 2922 2247 2959 res
2284 2908 2367 2959 est
2403 2906 2486 2970 N,
2525 2922 2607 2959 res
2645 2906 2699 2959 L
2720 2920 2759 2959 s.
2786 2906 2822 2959 l.
2862 2904 2945 2970 P,

662 3007 785 3059 pars
825 2990 953 3061 ΩΤυ
1190 2991 1227 3047 3
1266 2990 1497 3045 aeternis
1537 2992 1584 3045 T
1820 2991 1968 3060 freti]
2004 2992 2121 3045 fieri
2161 2992 2221 3063 Ω,
2261 2992 2386 3045 fidei
2422 2992 2497 3046 M
2527 2989 2613 3045 dei
2650 2994 2711 3044 in
2745 3006 2857 3045 rae.

661 3076 878 3130 huiusce
915 3078 1027 3131 uite
1067 3076 1113 3147 Ω
1132 3119 1145 3142 ,
1181 3078 1326 3131 uitae
1361 3076 1581 3132 huiusce
1621 3079 1717 3141 Tv,
1754 3078 1871 3131 uice
1907 3078 2023 3133 NP
2236 3078 2273 3131 4
2307 3079 2598 3146 inexpertes
2635 3076 2755 3131 LN
2762 3078 2833 3140 P,
2872 3076 2939 3131 in

661 3162 949 3231 inexpertis
989 3162 1099 3233 ΩΤ,
1141 3164 1378 3231 expertes
1413 3180 1446 3217 v
1697 3162 1903 3217 dolores
1937 3162 2171 3234 ΝΡΩΤ,
2207 3163 2478 3217 doloribus
2513 3164 2568 3218 L
2808 3162 2941 3217 uni-

661 3250 798 3303 uersi
835 3249 902 3303 N
898 3248 994 3319 Ωυ,
1043 3249 1310 3302 uniuersis
1349 3247 1410 3315 T,
1451 3248 1699 3302 uniuersa
1736 3250 1806 3313 P,
1843 3252 1970 3303 sunt
2003 3251 2143 3303 uersi
2179 3250 2253 3303 M
2490 3249 2770 3319 promissa]
2808 3266 2939 3318 pro-

663 3337 766 3405 piis
807 3334 853 3405 Ω
879 3336 940 3400 Τ,
977 3337 1256 3404 praecepta
1289 3352 1338 3399 v,
1375 3335 1691 3404 propitiatio
1739 3336 1913 3391 Oxon.
2146 3336 2179 3390 5
2214 3337 2455 3390 fecerunt
2488 3352 2587 3391 om.
2630 3336 2741 3406 ΩΤ,
2783 3352 2939 3390 0016-

660 3424 758 3475 nat
801 3421 972 3476 Oxou.
1147 3420 1180 3474 6
1213 3420 1305 3475 1110
1343 3421 1406 3491 Ω,
1443 3437 1544 3475 om.
1583 3420 1635 3475 Τ
1806 3410 2105 3490 expendere]
2144 3438 2399 3491 exponere
2437 3422 2567 3494 ΩΤυ
2738 3423 2773 3477 8
2807 3438 2938 3477 0011-

662 3510 803 3562 sorte
841 3508 902 3573 T,
939 3510 1210 3561 consortes
1245 3509 1320 3563 M
1353 3510 1673 3574 (consortem
1712 3508 1779 3580 Ω)
1958 3509 1992 3563 9
2027 3512 2334 3578 perpetuam
2370 3508 2524 3581 ΡΤΩ
2697 3508 2937 3562 aeterni-

662 3596 834 3648 tatem
874 3594 924 3647 T
1186 3596 1242 3647 et
1275 3594 1339 3647 ut
1374 3610 1549 3648 carere
1587 3594 1639 3647 Τ
1903 3595 1969 3649 10
2003 3596 2177 3650 exitus
2213 3595 2270 3648 P
2524 3594 2939 3649 imminentibus

666 3680 796 3751 ΩΤυ
944 3720 954 3732 .
1002 3681 1248 3733 cruentas
1273 3664 1349 3735 M
1367 3696 1392 3731 s
1415 3680 1478 3733 in
1499 3694 1609 3733 ras.
1638 3682 1879 3746 (cruenta
1906 3680 1991 3751 Ω),
2016 3683 2289 3734 cruentam
2313 3696 2346 3735 v
2552 3679 2941 3750 papulantium

661 3768 729 3833 L,
768 3765 1143 3834 uapulantium
1186 3766 1244 3819 P
1514 3766 1580 3819 11
1619 3769 1854 3835 stragem
1889 3782 1939 3834 v,
1974 3768 2180 3836 strages
2218 3768 2289 3821 M
2563 3792 2591 3819 a
2611 3792 2639 3819 a
2662 3767 2939 3821 communi

660 3854 745 3916 M,
771 3854 826 3907 in
853 3852 1118 3907 communi
1149 3852 1262 3923 ΩΤ,
1299 3853 1566 3907 communi
1591 3852 1865 3907 communi
1886 3854 2018 3919 fort.
2169 3856 2367 3909 sortem
2390 3852 2447 3909 P
2592 3854 2787 3908 sileant
2811 3853 2864 3908 T

659 3938 724 3993 de
759 3938 968 4006 corona]
1005 3936 1219 3991 decoras
1262 3937 1365 4008 ΩΤ
1601 3936 1670 3993 12
1706 3940 1753 3993 si
1788 3954 1888 3993 om.
1928 3938 2029 4009 ΩΤ
2256 3940 2487 3993 emitae
2519 3940 2591 3995 M
2623 3938 2671 3994 si
2706 3955 2747 3995 6.
2784 3940 2817 3994 l.
2858 3940 2937 4007 (si

659 4040 762 4079 om.
803 4023 870 4094 Ω)
1013 4024 1080 4079 13
1113 4038 1266 4077 omne
1292 4024 1394 4096 ΩΤ
1527 4039 1634 4093 qua
1659 4025 1733 4094 te]
1761 4038 1867 4093 qua
1902 4050 1928 4077 ιι
1953 4050 1980 4079 ιι
2005 4050 2032 4079 ιι
2065 4026 2151 4093 M,
2189 4026 2374 4094 quales
2402 4026 2463 4097 Ω,
2499 4027 2719 4095 inquam
2744 4027 2801 4080 te
2824 4043 2860 4080 v
2888 4014 2895 4021 ’

657 4108 892 4163 turbinis
929 4108 982 4163 Τ
1009 4110 1056 4163 is
1095 4126 1164 4165 ex
1197 4126 1261 4163 us
1468 4112 1535 4166 14
1569 4110 1867 4164 fluctuante
1905 4110 1967 4178 T,
2001 4110 2260 4166 fluctante
2296 4112 2343 4184 Ω
2550 4113 2830 4167 arcessiret
2854 4110 2932 4175 P,

659 4196 941 4249 arcerseret
976 4196 1044 4260 L,
1083 4198 1370 4250 accerseret
1405 4196 1472 4252 N
1731 4198 1787 4250 et
1820 4198 2027 4265 requies
2065 4197 2117 4251 T
2364 4198 2431 4253 16
2468 4199 2570 4267 sta]
2606 4198 2716 4251 ista
2751 4196 2940 4267 LQT.

660 4285 808 4336 stans
844 4300 878 4337 v
1062 4297 1124 4336 ac
1158 4282 1336 4351 fortis]
1373 4282 1650 4352 adpositus
1687 4282 1755 4337 N
1944 4283 2013 4340 17
2048 4300 2223 4353 nequa
2259 4300 2351 4339 eas
2388 4284 2464 4339 M
2496 4290 2749 4353 (nequeas
2788 4284 2857 4356 Ω)

657 4369 835 4437 causa]
871 4384 1057 4423 caueas
1096 4369 1199 4441 ΩΤ
1466 4384 1684 4423 necatas
1725 4368 1849 4440 ΩΤ,
1895 4384 2117 4439 negares
2152 4386 2185 4425 υ
2459 4370 2527 4425 18
2562 4370 2719 4440 graui
2758 4369 2859 4441 ΩΤ

655 4454 838 4509 noxios
877 4455 930 4509 T
1127 4454 1462 4509 interniciem
1498 4454 1552 4509 L
