3217 5150
707 512 834 579 196
1223 448 1229 455 ἡ
1645 506 2014 596 Appendir.

702 684 888 741 quae
931 666 1230 731 uidetur
1275 668 1462 745 apud
1505 666 1835 727 homines
1878 669 2085 729 recta
2130 682 2323 729 esse:
2390 668 2793 732 nouissima
2836 686 2955 729 au-

698 772 842 834 tem
871 769 1034 833 eius
1076 771 1395 833 ueniunt
1438 770 1511 833 in
1553 770 1995 847 profundum
2036 771 2455 833 inferorum.

599 871 684 931 20
790 873 900 935 Sed
956 874 1148 937 siunt:
1189 864 1264 934 ‘si
1303 874 1374 934 de
1427 874 1538 937 hac
1591 874 1985 936 coniunctione
2046 874 2241 935 clerici
2298 875 2661 949 denotantur,
2720 876 2955 936 notandi

701 978 838 1039 sunt
887 976 1062 1040 etiam
1113 977 1302 1040 sancti
1357 976 1615 1052 plerique
1670 976 1965 1041 nobiscum
1982 1022 2001 1051 ,
2074 977 2197 1039 siue
2280 977 2479 1037 Helias
2560 977 2661 1053 qui
2740 976 2953 1039 mansit

697 1080 850 1155 apud
891 1080 1142 1155 uiduam,
1187 1080 1310 1141 siue
1353 1079 1598 1156 apostoli
1628 1080 1729 1157 qui
1770 1079 2041 1141 mulieres
2068 1096 2263 1141 secum
2302 1080 2535 1141 comites
2566 1079 2949 1141 circumduce·
2970 1096 2993 1133 ε.

695 1181 859 1256 bant,
887 1186 953 1245 ut
981 1184 1264 1247 Iohannes
1295 1183 1396 1260 qui
1423 1187 1665 1245 matrem
1692 1183 1921 1245 Domini
1948 1183 2265 1259 adsumpsit
2294 1187 2491 1246 eodem
2520 1183 2761 1245 Domino
2791 1182 2948 1243 dele-

696 1290 890 1361 gante,
920 1290 1020 1351 aut
1043 1286 1168 1361 ipse
1189 1286 1485 1361 Dominus,
1517 1286 1610 1349 cui
1639 1286 1711 1347 de
1732 1287 1854 1347 suis
1876 1286 2251 1349 facultatibus
2274 1288 2549 1349 alimenta
2576 1287 2952 1361 praestabant

695 1390 922 1465 aliquae
952 1389 1222 1451 mulieres
1251 1389 1576 1465 religiosae,
1607 1390 1701 1451 cui
1732 1390 1905 1451 etiam
1932 1391 2167 1451 Martha
2196 1390 2565 1451 ministrabat
2592 1392 2667 1451 ad
2696 1407 2951 1453 mensam

694 1498 754 1555 et
783 1494 882 1570 qui
911 1494 1283 1570 singulariter
1311 1493 1536 1557 locutus
1565 1496 1655 1557 est
1684 1495 1757 1555 ad
1784 1496 2023 1569 puteum
2054 1496 2257 1555 sedens
2308 1512 2437 1558 cum
2464 1493 2791 1569 alienigena
2823 1508 2951 1552 mu-

692 1597 834 1659 liere
865 1598 1220 1661 Samaritana
1269 1598 1362 1659 uel
1421 1598 1515 1659 cui
1565 1597 1916 1659 recumbenti
1966 1597 2183 1659 femina
2208 1597 2463 1659 lacrimis
2491 1598 2666 1673 pedes
2712 1597 2862 1657 lauit
2890 1599 2949 1656 et
2969 1616 3015 1655 ιο

692 1700 920 1775 capillis
949 1694 1228 1765 ext-orsit’.
1281 1700 1478 1763 callidi
1527 1703 2015 1776 argumentatores
2066 1704 2129 1763 et
2180 1700 2323 1761 iuris
2374 1700 2551 1776 periti
2580 1699 2819 1761 fallaces
2850 1699 2950 1775 qui

692 1802 828 1865 dum
855 1804 1092 1878 cupiunt
1119 1804 1502 1879 praeuarioari
1516 1848 1532 1879 ‚
1577 1804 1997 1867 controuersias
2050 1805 2411 1880 actionesque
2442 1820 2742 1865 causarum
2771 1802 2947 1863 etiam

689 1908 818 1983 ipsa
845 1907 976 1969 iura
1001 1908 1418 1981 transuertunt,
1451 1910 1510 1968 et
1539 1926 1671 1969 cum
1698 1908 1902 1970 nolunt
1932 1907 2365 1983 conpetentibus
2396 1906 2644 1969 coerceri
2671 1906 2943 1967 iussioni-

690 2012 798 2071 bus
848 2010 1042 2085 legum
1057 2054 1074 2085 ,
1127 2011 1200 2071 ad
1250 2010 1588 2073 inludendos
1633 2011 1851 2073 iudices
1897 2011 2429 2073 inconuenientibus
2480 2010 2755 2085 exemplis
2786 2010 2948 2069 uelut

691 2112 910 2175 similes
937 2114 1290 2175 coniecturas
1319 2113 1464 2176 iuris
1493 2115 1767 2177 obiciunt.
1814 2115 1913 2191 qui
1943 2133 2044 2193 per
2074 2114 2426 2178 Salomonem
2454 2114 2637 2188 ipsius
2667 2113 2819 2187 legis
2850 2131 2944 2173 sa-
2964 2134 3005 2172 ιε

689 2217 938 2291 gacitate
987 2218 1337 2292 produntur:
1397 2220 1773 2293 peccator,
1840 2218 2065 2295 inquit,
2124 2219 2328 2279 homo
2372 2218 2611 2279 euitat
2654 2233 2942 2291 correp-

685 2320 956 2381 tionem
999 2322 1072 2381 et
1113 2320 1198 2379 ad
1241 2320 1701 2383 uoluntatem
1752 2302 2273 2383 suam‘inuenit
2304 2321 2939 2395 comparationem.

685 2422 830 2485 tales
858 2422 1040 2499 igitur
1067 2440 1182 2485 non
1209 2424 1370 2498 prins
1397 2442 1500 2499 per
1529 2424 1846 2486 orationem
1872 2424 1977 2485 sed
2004 2442 2107 2501 per
2128 2424 2538 2499 correptionem
2558 2423 2717 2498 prius
2748 2424 2939 2483 reuin-

687 2527 852 2590 cendi
881 2530 1016 2588 sunt
1031 2572 1048 2602 ,
1103 2530 1168 2587 ut
1196 2545 1310 2588 non
1339 2530 1470 2589 ante
1500 2528 1896 2604 interpretatis
1927 2528 2279 2591 orationibus
2320 2528 2683 2588 instruantur
2700 2571 2715 2600 ,
2772 2543 2941 2602 quam

689 2631 988 2694 amiserint
1017 2631 1167 2706 quod
1201 2632 1274 2692 ad
1303 2632 1652 2696 defensionis
1680 2632 1955 2696 solacium
1983 2635 2387 2710 reppererunt:
2420 2633 2569 2692 sicut
2598 2649 2703 2692 nos
2734 2632 2938 2692 aduer-
2954 2653 3003 2694 so

686 2751 785 2794 sus
837 2733 1163 2796 huiusmodi
1192 2734 1450 2796 homines
1481 2734 1744 2797 Salomon
1774 2737 1971 2796 edocet
2024 2737 2252 2800 dicens:
2300 2735 2490 2808 noli,
2550 2733 2775 2810 inquit,
2836 2750 2936 2794 re·

687 2839 1052 2912 spondere
1095 2838 1619 2913 insipientiad
1660 2840 2482 2916 ipsiusinsipientiam,
2527 2854 2612 2900 ne
2657 2837 2941 2898 similis

689 2939 836 3000 fias
897 2938 1058 2999 illi:
1127 2941 1250 3000 sed
1293 2943 1656 3016 responde
1721 2942 2127 3018 insipienti
2170 2947 2429 3006 contra
2472 2942 2711 3018 ipsius
2756 2941 2935 3001 insi-

683 3041 1072 3117 pientiam,
1117 3045 1196 3101 nt
1239 3061 1375 3108 non
1419 3045 1764 3108 uideatur
1810 3046 1959 3107 sibi
1988 3047 2285 3123 sapiens
2330 3063 2511 3108 esse.

583 3152 660 3210 21
770 3145 854 3210 Be
877 3163 1015 3206 uera
1043 3147 1240 3220 magni
1267 3148 1523 3210 homines
1553 3149 1651 3223 qui
1675 3165 1736 3208 se
1766 3155 2096 3225 comparant
2118 3152 2351 3224 sanctis,
2385 3153 2443 3210 et
2468 3149 2673 3210 eximia
2694 3163 2993 3210 conuer-*s

683 3249 830 3310 satio
858 3251 1056 3310 nostra
1084 3265 1230 3323 quae
1259 3252 1556 3324 prophetis
1587 3253 1682 3312 uel
1710 3254 1986 3328 apostolis
2016 3255 2277 3314 uideatur
2320 3253 2595 3328 aequalis.
2641 3253 2716 3312 ad
2769 3267 2930 3312 occa-

679 3351 899 3411 sionem
919 3351 1178 3410 luxuriae
1207 3356 1437 3414 nostrae
1467 3355 1528 3414 in
1556 3373 1889 3430 peruersum
1918 3360 2148 3418 sanctos
2169 3359 2431 3418 uolumus
2460 3356 2675 3416 imitari
2698 3359 2759 3416 et
2782 3357 2929 3415 inter

677 3459 895 3515 ceteros
925 3458 1088 3515 actus
1117 3457 1364 3532 uestigia
1381 3457 1673 3520 'iustorum
1702 3460 1961 3521 nolumus
1994 3462 2175 3535 sequi.
2222 3462 2283 3521 in
2308 3462 2646 3536 quibusdam
2673 3459 2925 3519 infirmos

673 3574 778 3618 nos
835 3575 1163 3618 excusamus
1212 3560 1285 3619 ad
1341 3561 1621 3623 imitanda
1671 3563 1827 3624 facta
1854 3564 2131 3624 maiorum
2160 3568 2221 3625 et
2264 3565 2325 3624 in
2353 3565 2486 3625 aliis
2516 3563 2783 3638 aequales
2826 3578 2926 3622 nos

808 3791 876 3847 16
911 3791 1012 3846 sir.
1049 3795 1118 3848 32
1155 3795 1280 3863 (35),
1319 3797 1400 3851 17.
1605 3799 1674 3853 21
1710 3799 1868 3854 Pron.
1904 3799 1989 3864 26,
2025 3799 2075 3854 4.
2112 3801 2161 3854 5.

805 3997 840 4054 2
875 3997 1206 4056 infernorum
1240 4019 1273 4058 v
1487 4006 1525 4060 4
1560 4006 1677 4060 siue
1722 4005 1780 4072 C',
1816 4007 1959 4062 sicut
1992 4023 2025 4062 v
2242 4012 2276 4066 9
2312 4011 2381 4066 ad
2416 4014 2635 4080 puteum
2676 4029 2745 4068 ex
2781 4011 2917 4083 apud

667 4098 790 4138 eum
830 4083 877 4140 G
905 4101 972 4140 m.
997 4090 1037 4142 2
1239 4089 1598 4162 alienigenam
1634 4091 1916 4148 mulierem
1952 4097 2339 4152 samaritanam
2374 4098 2440 4154 0¹
2648 4099 2717 4152 18
2752 4099 2917 4170 igitur

673 4170 732 4235 0,
769 4186 892 4240 wgo
927 4189 963 4227 v
1130 4174 1280 4247 prius
1313 4193 1408 4247 per
1451 4176 1511 4242 Ο,
1545 4194 1638 4248 per
1672 4194 1706 4233 v
1885 4183 2269 4250 correptionem
2313 4185 2371 4250 Ο,
2410 4185 2786 4240 correctionem
2820 4203 2853 4240 v

663 4255 812 4326 prius
859 4257 942 4324 0¹,
977 4261 1160 4330 potius
1201 4261 1306 4318 (Ρη
1593 4267 1660 4322 19
1695 4266 1994 4324 rationibus
2038 4269 2086 4325 0
2362 4272 2433 4326 20
2468 4271 2789 4330 admiserint
2818 4292 2850 4330 v

663 4343 733 4398 22
766 4343 1046 4414 insipienti
1092 4348 1139 4403 0
1165 4347 1230 4401 v‘n
1263 4364 1372 4406 ras.
1412 4365 1482 4404 m.
1515 4355 1554 4408 2
1802 4354 1872 4408 27
1908 4354 1966 4409 in
2010 4356 2057 4411 0
2087 4372 2129 4410 s.
2168 4358 2203 4410 l.
2449 4358 2591 4414 inter
2635 4360 2693 4427 0,
2728 4361 2787 4414 in
2818 4376 2851 4414 v

661 4428 732 4482 29
766 4445 862 4484 nos
898 4433 1144 4500 aequales
1180 4450 1213 4489 v
