3217 5150
616 512 748 580 286
1554 514 1918 584 Appendix.

867 672 951 732 80
992 674 1217 733 Aureus
1246 673 1529 746 astrigero
1556 672 1769 736 redibit
1797 674 2025 760 cardine
2056 675 2316 734 mundus.

992 775 1105 836 Illa
1132 779 1309 850 negat
1336 776 1658 849 uetitosque
1686 776 1852 836 timet
1879 778 2208 852 contingere
2237 795 2458 838 ramos:

993 879 1104 940 Sed
1131 881 1323 939 tamen
1354 880 1573 940 infirmo
1604 880 1914 939 uincuntur
1943 883 2175 956 pectora
2203 897 2396 942 sensu.

908 1036 914 1042 .
992 981 1160 1042 Ilicet
1188 985 1255 1042 ut
1284 983 1449 1042 niueo
1478 984 1593 1044 iam
1621 982 1790 1044 mitia
1817 984 1987 1044 dente
2017 983 2338 1055 momordit,

996 1085 1259 1146 Adfulsit
1300 1063 1460 1146 nulla
1486 1087 1832 1146 maculatum
1863 1087 2012 1147 nube
2042 1103 2322 1148 serenum.

867 1187 949 1248 85
994 1189 1139 1250 'I'um
1182 1205 1352 1262 sapor
1378 1188 1706 1248 illecebram
1734 1189 1972 1250 mellitis
2001 1189 2264 1252 faucibus
2291 1190 2520 1262 indens,

993 1291 1281 1366 Compulit
1309 1293 1533 1352 insueto
1562 1310 1770 1352 munus
1799 1293 2023 1354 deferre
2051 1292 2278 1354 marito.

991 1395 1150 1465 Quod
1180 1395 1351 1454 simul
1380 1411 1447 1456 sc
1476 1396 1740 1470 sumpsit,
1771 1397 2000 1456 detersa
2028 1399 2191 1456 nocte
2221 1396 2472 1456 nitentes

992 1497 1291 1558 Emicuere
1320 1499 1467 1559 oculi
1498 1501 1706 1559 mundo
1737 1500 2073 1574 splendente
2101 1499 2308 1560 sereni.

989 1601 1144 1675 Ergo
1174 1601 1274 1660 ubi
1302 1603 1577 1662 nudatum
1606 1603 1904 1677 prospexit
1932 1619 2139 1676 corpus
2171 1605 2410 1677 uterque

865 1703 949 1763 90
992 1704 1241 1779 Cumque
1270 1705 1537 1780 pudenda
1564 1705 1784 1779 uident,
1816 1704 2044 1766 ficulnis
2073 1705 2369 1766 frondibus
2399 1706 2687 1766 umbrant.

1076 1808 1249 1868 Forte
1278 1810 1385 1869 sub
1414 1807 1646 1870 occiduo
1668 1809 1896 1870 Domini
1925 1810 2040 1868 iam
2068 1809 2282 1870 lumine
2311 1809 2452 1870 solis

992 1912 1332 1986 Agnoscunt
1362 1912 1610 1974 sonitum
1640 1912 1963 1988 trepidique
1993 1911 2070 1972 ad
2099 1913 2266 1973 deuia
2297 1913 2555 1974 tendunt.

990 2015 1135 2074 Tum
1164 2015 1443 2076 Dominus
1474 2017 1619 2076 caeli
1647 2019 1930 2076 maestum
1960 2016 2266 2091 compellat
2292 2017 2604 2078 Adamum:

990 2117 1097 2178 Dic
1124 2119 1223 2178 ubi
1243 2136 1395 2180 nunc
1427 2121 1602 2193 degas
1615 2123 1644 2180 ⁴?
1675 2120 1970 2202 respondit
1997 2119 2141 2179 talia
2171 2120 2450 2194 supplex:

863 2221 945 2282 95
991 2221 1038 2280 Ο
1067 2221 1329 2296 Domine,
1360 2222 1589 2284 adfatus
1619 2223 1828 2297 pauido
1857 2223 1964 2284 sub
1993 2223 2161 2283 corde
2189 2223 2475 2296 tremisco,

991 2325 1219 2400 Magne,
1234 2317 1381 2387 'tuos
1410 2326 1709 2402 nudusque
1737 2329 1894 2386 metu
1924 2324 2173 2400 frigente
2201 2325 2434 2402 fatigor.

990 2429 1135 2489 'I'um
1169 2428 1471 2490 Dominust
1505 2430 1638 2505 quis
1667 2449 1834 2505 poma
1863 2429 2022 2488 dedit
2050 2430 2282 2490 noxalia
2307 2428 2511 2490 uobis?

988 2531 1248 2594 Tradidit
1275 2535 1416 2599 haec
1444 2533 1668 2607 mulier,
1701 2535 1834 2595 dum
1865 2534 2006 2595 dicit
2034 2533 2251 2594 lumina
2279 2530 2586 2609 promptim

992 2636 1270 2705 candenti
1298 2637 1530 2711 perfusa
1558 2638 1654 2699 die
1677 2636 2068 2711 liquidumque
2105 2654 2369 2698 serenum

824 2739 947 2799 100
990 2740 1313 2801 Adfulsisse
1347 2741 1458 2800 sibi
1490 2742 1779 2814 solemque
1809 2743 1868 2801 et
1895 2740 2085 2801 sidera
2113 2740 2276 2800 caeli.

986 2844 1258 2903 Protinus
1288 2845 1376 2904 ira
1403 2844 1511 2905 Dei
1539 2845 1831 2904 turbatam
1859 2844 2092 2905 territet
2119 2844 2320 2915 Euam,

988 2949 1293 3007 Auctorem
1322 2947 1492 3007 uetiti
1522 2948 1657 3007 dum
1686 2948 1913 3021 quaerit
1941 2948 2220 3007 maximus
2248 2946 2382 3005 acti.
2429 2939 2434 2949 ’

986 3049 1100 3111 Illa
1128 3050 1233 3111 sub
1265 3052 1407 3111 haec
1435 3051 1672 3125 pandit:
1719 3052 2004 3125 serpentis
2035 3068 2206 3111 suase.
2234 3049 2523 3123 loquentis

982 3152 1197 3227 Accepi
1224 3152 1461 3215 fallente
1490 3154 1620 3215 dolo
1649 3154 1974 3227 blandoque
2001 3156 2236 3229 rogatu:

822 3252 945 3317 105
988 3256 1139 3317 Nam
1169 3274 1276 3316 sua
1304 3257 1553 3331 uipereis
1596 3256 1861 3317 intexens
1889 3258 2069 3318 uerba
2097 3256 2333 3317 uenenis

988 3360 1149 3419 Haec
1168 3360 1313 3421 mihi
1342 3378 1477 3436 pree
1508 3361 1732 3421 cunctis
1761 3361 2022 3421 narrauit
2051 3359 2240 3420 dulcis
2267 3360 2472 3435 pomis.

1072 3462 1241 3523 Ilicet
1268 3463 1624 3539 omnipotens
1655 3466 1994 3525 condemnat
2021 3466 2188 3538 geste.
2211 3463 2495 3536 draconis,

986 3564 1354 3641 Praecipiens
1384 3568 1609 3627 cunctis
1637 3567 1890 3628 inuisum
1919 3568 2104 3627 uisere
2135 3569 2479 3627 monstrum:

989 3670 1227 3729 Pectore
1256 3688 1388 3730 mox
1416 3670 1545 3731 fuso
1574 3687 1896 3745 prorepere,
1927 3674 2053 3730 tum
2081 3669 2208 3731 sols
2236 3686 2428 3730 morsu

821 3773 945 3833 110
987 3774 1274 3848 Mandere,
1304 3791 1569 3836 mensuro
1600 3791 1986 3849 quaecumque
2013 3774 2072 3833 in
2104 3776 2362 3847 tempora
2391 3772 2540 3832 bello

746 4094 819 4148 80
850 4094 1050 4149 redibit
1086 4094 1155 4161 R,
1190 4096 1457 4149 remeabit
1488 4095 1768 4151 Montius
1801 4103 1854 4151 et
1888 4113 1922 4153 v
2144 4095 2381 4151 carmine
2414 4094 2471 4151 R
2673 4094 2743 4147 86
2777 4110 2866 4148 co-

606 4180 753 4253 pulit
786 4180 843 4237 R
1150 4181 1417 4236 insuetum
1454 4182 1597 4236 com'.
1635 4182 1909 4237 Cauchius
2215 4182 2287 4236 90
2320 4181 2568 4251 cumque]
2603 4195 2707 4249 quc
2743 4180 2797 4235 R

608 4268 679 4323 96
710 4270 841 4323 tuus
876 4266 933 4323 R
1221 4268 1289 4322 97
1323 4270 1454 4322 tunc
1488 4285 1521 4323 v
1821 4270 1892 4325 98
1925 4266 2238 4338 promptim]
2275 4268 2583 4337 promptum
2617 4270 2702 4321 est
2735 4266 2794 4321 R

606 4355 677 4409 99
710 4354 923 4410 cedenti
956 4354 1013 4410 R
1221 4354 1323 4409 109
1358 4368 1670 4424 proreppere
1705 4352 1762 4409 R
1967 4354 2072 4409 110
2105 4352 2356 4409 mandere
2401 4352 2691 4418 Quonim,
2728 4368 2862 4421 pen-

607 4440 731 4497 dere
769 4440 828 4499 R
