3217 5150
699 482 816 547 162
1633 476 1999 549 appendix.

689 652 900 710 magna
929 638 1152 711 magnis
1181 637 1644 698 infestationibus
1671 642 1733 698 et
1760 636 2207 697 aduersitatibus
2234 634 2423 697 solent
2452 632 2731 693 laborare.
2762 627 2927 689 omnis

689 736 870 811 igitur
897 740 997 813 qui
1027 742 1256 813 praeest
1283 742 1390 801 hoe
1417 741 1687 815 primitus
1714 740 1893 801 animi
1919 742 2044 801 tota
2072 738 2389 799 intentione
2419 739 2683 811 procuret
2702 779 2717 807 ,
2750 738 2815 793 ut
2842 750 2929 809 per

690 839 881 901 omnia
908 842 976 901 de
1007 841 1236 902 Domini
1265 843 1544 903 adiutorio
1575 842 1801 903 omnino
1831 860 1944 903 non
1973 842 2213 901 dubitet.
2244 840 2297 900 si
2326 856 2571 914 namque
2598 835 2853 912 coeperit
2878 836 2927 895 in

687 943 916 1003 actibus
947 944 1068 1005 suis
1097 946 1493 1007 auxiliatorem
1520 946 1731 1007 habere
1772 945 2061 1006 dominum
2105 944 2458 1003 dominorum
2472 986 2489 1013 ‚
2532 940 2727 1001 nullus
2756 938 2929 999 homi-

689 1064 824 1107 num
877 1051 1221 1125 contemptui
1273 1050 1484 1111 habere
1537 1049 1751 1125 poterit
1804 1051 1927 1111 eius
1972 1049 2341 1111 dominatum.
2418 1063 2561 1107 non
2601 1061 2634 1104 e
2648 1062 2677 1105 s
2691 1046 2720 1103 t
2760 1044 2932 1103 enim
2946 1062 2969 1097 ε»

687 1153 1026 1225 potestas
1069 1153 1220 1214 nisi
1263 1172 1300 1213 a
1340 1154 1510 1214 Deo.
1583 1155 1707 1229 ipse
1756 1154 1945 1214 eleuat
1995 1154 2063 1214 de
2106 1157 2353 1213 stercore
2382 1166 2623 1227 egenum
2656 1150 2715 1209 et
2742 1148 2932 1207 sedere

689 1254 831 1314 facit
851 1273 980 1317 eum
1007 1256 1361 1332 principibus
1389 1258 1586 1333 populi
1616 1258 1709 1317 sui
1722 1302 1737 1329 ,
1790 1257 2023 1333 deponit
2060 1258 2323 1332 potentes
2372 1256 2445 1315 de
2474 1254 2607 1314 sede
2637 1254 2699 1311 et
2728 1250 2935 1311 exaltat

687 1358 952 1430 humiles,
980 1362 1048 1420 ut
1077 1360 1342 1421 subditus
1370 1360 1476 1420 fiat
1501 1360 1686 1421 omnis
1716 1362 1959 1421 mundus
1982 1361 2101 1421 Deo
2131 1362 2193 1421 et
2220 1361 2389 1434 egeat
2418 1356 2604 1433 gloria
2632 1355 2755 1415 Dei.

1251 1547 1662 1608 CHRIS'HAN
1666 1548 1755 1607 VS
1816 1546 2388 1607 CONTENTIOSVS.

629 1690 666 1747 7
774 1682 1060 1757 Septimus
1088 1684 1378 1747 abusionis
1405 1687 1619 1761 gradus
1664 1690 1756 1746 est
1798 1686 2160 1747 Christianus
2202 1685 2593 1747 contentiosus
2610 1727 2626 1756 ,
2680 1680 2783 1757 qui
2810 1696 2935 1741 cum
2950 1694 3001 1733 ιο

688 1784 1182 1860 perticipationem
1233 1789 1479 1849 nominis
1521 1789 1736 1850 Christi
1782 1808 1888 1866 per
1936 1790 2107 1852 fidem
2156 1792 2215 1849 et
2264 1788 2615 1863 baptismum
2664 1783 2936 1857 suscepit,

685 1891 888 1948 contra
915 1888 1130 1951 Christi
1159 1890 1314 1951 dicta
1341 1896 1402 1952 et
1429 1893 1783 1968 propositum
1810 1892 2009 1953 mundi
2050 1894 2264 1953 caduca
2292 1889 2707 1951 delectamenta
2728 1886 2935 1961 diligit.

687 2007 850 2051 omne
881 1992 1034 2053 0111111
1061 1993 1213 2068 quod
1262 1995 1621 2055 contenditur
1648 1999 1749 2056 aut
1776 1999 2013 2071 propter
2042 1996 2329 2070 propriam
2380 1994 2505 2053 eius
2546 1992 2632 2051 rei
2676 1990 2938 2051 dilectio-

687 2110 814 2154 nem
865 2096 936 2155 de
986 2112 1100 2170 qua
1127 2096 1322 2170 agitur
1371 2101 1471 2157 aut
1511 2101 1745 2173 propter
1796 2098 2038 2159 alterins
2090 2114 2339 2157 amorem
2388 2112 2535 2171 quae
2588 2095 2695 2153 sub
2748 2094 2941 2153 odiosa

687 2198 875 2273 specie
916 2198 1062 2259 latet
1114 2200 1422 2273 appetitur.
1475 2202 1947 2275 quemadmodum
1998 2200 2162 2260 uerbi
2200 2198 2392 2275 gratia
2428 2198 2645 2258 bellum
2685 2198 2937 2256 animoso
2955 2211 3003 2250 1⁵

685 2302 1167 2375 conpugnantium
1234 2303 1499 2363 conflictu
1575 2322 1704 2363 cum
1778 2304 1976 2365 odiosa
2043 2320 2137 2363 res
2206 2304 2285 2363 sit
2304 2348 2319 2377 ,
2406 2304 2637 2377 propter
2694 2315 2941 2361 amorem

683 2404 957 2464 uictoriae
1023 2407 1082 2464 et
1133 2405 1418 2465 libertatis
1469 2407 1765 2480 peragitur
1784 2452 1799 2479 ,
1858 2411 1919 2467 et
1974 2407 2187 2467 multae
2244 2406 2393 2466 aliae
2451 2404 2692 2464 dilectae
2754 2402 2942 2476 speci-

683 2522 746 2567 es
796 2507 905 2567 sub
949 2508 1142 2568 odioso
1214 2509 1408 2569 labore
1466 2508 1561 2567 uel
1619 2509 1920 2569 formidine
1978 2510 2122 2569 satis
2179 2508 2530 2568 contentiose
2571 2506 2937 2581 expetuntur.

684 2611 834 2671 unde
906 2615 1170 2686 patenter
1237 2612 1595 2686 intellegitur
1642 2613 1788 2673 nihil
1840 2613 2103 2674 contendi
2120 2658 2137 2686 ,
2210 2612 2325 2671 nisi
2390 2614 2621 2686 propter
2678 2609 2940 2670 dilectio-

683 2731 812 2774 nem
873 2717 1310 2791 subsequentem
1379 2716 1598 2778 scilicet
1641 2718 1944 2777 amabilem
1998 2715 2523 2778 remunerationem.
2598 2714 2701 2790 qui
2758 2713 2940 2788 igitur
2958 2724 3011 2764 20

683 2818 954 2878 mundum
1033 2821 1388 2892 praesentem
1457 2837 1526 2878 ex
1599 2835 1949 2894 quacumque
2018 2837 2189 2880 causa
2256 2818 2577 2891 contendit,
2640 2818 2942 2892 perspicue

685 2921 1004 2980 ostenditur
1061 2921 1332 2981 mundum
1391 2921 1649 2996 diligere,
1708 2924 1857 2996 quod
1930 2939 2031 2996 per
2091 2923 2397 2983 Iohannem
2457 2922 2693 2995 spiritus
2754 2923 2941 2982 sancti

734 3177 742 3186 ι
822 3103 858 3156 5
891 3102 1048 3158 Rom.
1089 3102 1173 3170 13,
1201 3103 1253 3156 1.
1287 3101 1375 3156 ΡΒ.
1415 3103 1530 3166 112,
1568 3104 1617 3156 7.

824 3273 855 3326 1
889 3274 963 3343 et]
1000 3273 1090 3326 uel
1123 3293 1158 3330 υ
1363 3276 1398 3328 2
1433 3276 1629 3346 igitur]
1668 3293 1795 3346 ergo
1832 3295 1864 3330 v
2070 3277 2106 3332 3
2140 3277 2229 3332 dei
2262 3295 2297 3332 v
2522 3278 2561 3331 4
2592 3276 2939 3332 dominorum

682 3375 784 3412 om.
827 3358 963 3413 G¹V
1153 3361 1189 3415 5
1223 3362 1422 3429 poterit
1455 3362 1651 3416 habere
1684 3381 1719 3418 υ
1914 3362 2059 3416 0111111
2094 3365 2179 3417 est
2211 3379 2246 3418 v
2438 3365 2473 3418 6
2506 3363 2621 3434 ipse
2656 3363 2801 3418 0111111
2835 3381 2873 3418 v

684 3447 716 3499 7
752 3448 810 3499 et
843 3445 1064 3516 deponit
1098 3463 1149 3516 p.
1173 3465 1224 3511 v,
1259 3450 1504 3516 potentes
1537 3449 1756 3518 deponit
1780 3449 1841 3503 X
1988 3451 2053 3504 11
2078 3450 2304 3520 suscipit
2334 3451 2487 3514 G²X,
2520 3451 2816 3520 susceperit
2836 3467 2873 3504 υ

685 3531 751 3584 12
783 3531 934 3586 dicta
965 3535 1022 3585 et
1054 3533 1126 3603 p.]
1165 3537 1412 3602 precepta
1445 3535 1507 3589 X
1761 3535 1828 3590 13
1862 3535 2019 3605 quod]
2058 3536 2123 3591 de
2159 3551 2263 3604 quo
2298 3554 2333 3591 v
2582 3536 2829 3590 tenditur
2876 3535 2943 3597 V,

682 3617 958 3687 appetitur
999 3619 1108 3672 ΟΧ
1138 3619 1234 3674 sed
1268 3621 1331 3674 in
1371 3623 1418 3674 G
1455 3624 1618 3690 appet
1650 3623 1714 3675 in
1748 3638 1860 3676 ras.
1894 3639 1963 3676 m.
1998 3626 2039 3678 2
2300 3623 2379 3676 rei
2412 3623 2823 3676 delectationem
2862 3621 2943 3684 Χ,

682 3702 1079 3758 dilectationem
1113 3706 1192 3760 rei
1235 3707 1288 3760 V
1531 3709 1599 3763 14
1632 3709 1699 3764 de
1734 3710 1856 3779 qua]
1896 3725 2002 3778 qua
2044 3709 2096 3763 V
2340 3710 2406 3763 16
2440 3711 2774 3778 pugnantum
2819 3709 2878 3762 V

683 3805 804 3843 cum
838 3805 938 3844 om.
975 3789 1039 3844 X
1225 3792 1294 3846 fit
1326 3793 1389 3848 X
1593 3795 1659 3849 17
1697 3794 1932 3849 delectae
1966 3795 2051 3849 Χι
2224 3797 2290 3850 19
2324 3795 2467 3850 nihil
2508 3795 2654 3860 G¹V,
2690 3795 2762 3850 ad
2794 3793 2946 3848 nihil

682 3875 834 3930 aliud
862 3876 1001 3931 (ΡΧ
1141 3880 1388 3934 contendi
1416 3881 1466 3934 G
1488 3881 1553 3935 in
1572 3898 1701 3946 ras„
1738 3882 2053 3936 contendere
2084 3897 2239 3952 posse
2279 3883 2337 3946 V,
2373 3881 2622 3936 contendi
2654 3897 2813 3950 posse
2836 3899 2875 3934 v

681 3963 753 4015 20
787 3963 1190 4032 subsequentem
1233 3967 1442 4021 scilicet
1481 3968 1602 4032 GV,
1649 3969 1921 4037 speratam
1966 3968 2176 4022 scilicet
2220 3970 2318 4022 aut
2362 3969 2669 4036 sequentem
2704 3967 2781 4032 Χ,
2818 3983 2945 4036 spe-

681 4049 861 4101 ratam
897 4049 1102 4105 scilicet
1135 4053 1192 4105 et
1227 4053 1637 4122 subsequentem
1672 4072 1707 4109 υ
1896 4053 2286 4123 amabilemque
2330 4055 2383 4108 V
2571 4054 2639 4108 21
2676 4070 2748 4107 m.
2785 4069 2947 4122 prae-

683 4135 888 4188 sentem
931 4138 1074 4203 G²V,
1111 4138 1170 4192 in
1204 4139 1402 4193 mundo
1437 4140 1710 4209 praesenti
1752 4139 1901 4206 G’X,
1937 4140 2003 4195 de
2036 4157 2110 4196 m.
2147 4142 2424 4210 praesente
2458 4158 2492 4195 v
2652 4141 2721 4194 22
2757 4143 2951 4195 osten-

683 4219 768 4274 dit
799 4238 859 4284 v3
895 4223 1036 4290 quod
1070 4223 1231 4280 illum
1263 4225 1452 4295 diligit
1483 4225 1715 4281 mundus
1751 4226 1880 4281 add.
1918 4227 2001 4294 X3
2038 4227 2179 4296 quod
2212 4227 2370 4281 illum
2404 4226 2609 4296 diligit.
2660 4225 2949 4292 Quomodo

683 4322 810 4376 ergo
844 4308 974 4363 aad.
1010 4328 1044 4365 v
1283 4312 1536 4366 mundum
1574 4311 1799 4382 diligere
1834 4313 1977 4382 quod
2016 4314 2137 4378 GV,
2174 4329 2331 4382 quem
2365 4312 2529 4382 diligi
2566 4311 2643 4376 X,
2680 4311 2953 4366 mundum

680 4392 840 4463 diligi
875 4411 908 4450 υ
1113 4396 1398 4451 iohannem
1431 4398 1737 4468 apostolum
1774 4398 1838 4453 X
