3217 5150
655 523 776 586 128
1592 514 1958 584 Appendix.

651 677 780 737 odio
833 679 1038 737 durata
1096 694 1254 737 mens
1307 679 1411 736 est.
1475 676 1761 749 etiamque
1814 674 2051 750 spiritus
2101 678 2333 733 sanctus
2396 675 2457 734 id
2506 676 2595 735 est
2646 675 2913 735 Christus

655 780 930 840 Dominus
985 785 1180 840 noster
1231 780 1329 854 qui
1377 778 1668 854 profectus
1698 796 1767 840 ex
1812 779 1931 839 Deo
1960 782 2123 853 patre
2153 779 2315 837 uenit
2344 782 2411 839 ut
2440 778 2664 840 saluum,
2690 778 2913 839 faceret

654 884 804 957 quod
826 884 1076 958 perierat
1097 884 1360 945 Israelis:
1391 884 1492 959 qui
1513 884 1693 944 maior
1722 902 1790 944 ac
1818 882 2020 943 fortior
2049 884 2121 943 ad
2152 883 2468 957 subigenda
2490 882 2911 943 contumacium

657 986 806 1047 colla
854 988 914 1047 in
965 988 1224 1047 timorem
1277 989 1366 1048 sui
1415 988 1665 1049 nominis
1712 990 1773 1047 et
1822 990 2161 1062 potestatem
2214 1004 2310 1047 eos
2362 987 2461 1060 qui
2506 987 2785 1047 aduersus
2818 986 2911 1047 sui

657 1089 1050 1151 luminationis
1101 1090 1418 1152 claritatem
1471 1090 1762 1151 obstinata
1807 1091 1982 1153 etiam
2012 1093 2147 1150 tunc
2176 1091 2384 1151 mentis
2412 1092 2685 1151 caecitate
2732 1091 2910 1149 dura-
2929 1111 2959 1149 s

655 1194 796 1253 bant
823 1196 895 1254 ad
923 1194 1188 1255 notitiam
1231 1194 1512 1254 claritatis
1561 1197 1623 1253 et
1650 1193 1867 1269 gloriae
1898 1212 2033 1255 suae
2058 1197 2176 1253 tam
2206 1193 2375 1255 facile
2404 1193 2703 1265 conuertit,
2736 1210 2911 1267 quam

656 1301 720 1356 ut
762 1315 956 1357 omnes
1007 1299 1198 1359 saluos
1251 1298 1464 1359 faceret
1515 1297 1879 1372 prouidentia
1906 1277 2135 1357 diuinae
2164 1298 2579 1360 misericordiae
2633 1314 2771 1357 suae
2814 1296 2906 1355 di-

652 1402 862 1474 gnatus
891 1400 1140 1461 aduenit.

595 1506 635 1565 8
739 1502 889 1563 Nam
931 1507 998 1562 ut
1048 1504 1178 1563 duri
1227 1504 1414 1564 cordis
1461 1506 1601 1564 tunc
1632 1508 1692 1564 et
1722 1504 1929 1579 impiae
1960 1504 2147 1578 plebis
2179 1504 2251 1563 ad
2281 1503 2507 1565 Domini
2536 1507 2751 1564 metum
2781 1504 2909 1579 ipso

649 1606 890 1666 Domino
931 1606 1360 1681 euangelizante
1406 1624 1713 1667 conuersas
1740 1610 1961 1668 mentes
1992 1608 2213 1680 sileam,
2268 1610 2333 1667 ut
2360 1606 2748 1681 apostolorum
2780 1607 2909 1667 eius
2926 1629 2982 1667 ιο

645 1710 1064 1786 praedicatione
1137 1710 1576 1784 multiplicatum
1630 1711 1691 1770 in
1744 1712 1877 1771 orbe
1926 1714 2049 1771 toto
2102 1712 2161 1769 et
2212 1710 2490 1771 refersum
2550 1710 2909 1770 credentium

647 1813 920 1889 populum
972 1813 1361 1873 conticiscam:
1427 1814 1574 1873 illud
1626 1814 1981 1888 praeclarum
2030 1816 2201 1888 atque
2260 1812 2621 1875 memorabile
2682 1813 2903 1887 glorio-

651 1933 887 1989 sumque
945 1915 1168 1976 Iasonis
1228 1916 1478 1975 Hebraei
1539 1916 1851 1977 Christiani
1892 1920 1949 1978 et
1997 1917 2227 1990 Papisci
2276 1916 2650 1977 Alexandrini
2702 1916 2902 1975 Iudaei

649 2018 1076 2093 disceptationis
1129 2020 1391 2091 occurrit,
1446 2020 1667 2080 Iudaici
1718 2020 1905 2081 cordis
1948 2020 2296 2080 obstinatam
2347 2019 2617 2080 duritiam
2646 2018 2901 2079 Hebraei

650 2122 1032 2181 admonitione
1061 2140 1129 2182 ac
1158 2122 1276 2182 leni
1305 2122 1695 2198 increpatione
1726 2123 2027 2197 mollitam,
2058 2124 2353 2184 uictricem
2380 2124 2443 2183 in
2471 2121 2701 2197 Papisci
2732 2121 2903 2183 corde
2924 2145 2981 2184 ιε

654 2225 876 2285 Iasonis
937 2226 1006 2285 de
1051 2224 1288 2299 spiritus
1347 2226 1532 2285 sancti
1593 2226 1881 2287 infusione
1939 2228 2254 2287 doctrinam
2267 2272 2287 2301 ,
2346 2244 2459 2301 qua
2503 2226 2782 2300 Papiscus
2830 2226 2904 2283 ad

653 2327 1008 2388 intellectum
1065 2329 1331 2389 ueritatis
1391 2328 1673 2389 admissus
1718 2334 1780 2390 et
1819 2332 1891 2390 ad
1936 2330 2196 2392 timorem
2240 2330 2470 2391 Domini
2508 2330 2633 2403 ipso
2664 2328 2905 2389 Domino

657 2433 962 2493 miserante
1022 2431 1300 2492 formatus
1359 2435 1418 2491 et
1477 2432 1667 2493 Iesum
1726 2433 2017 2494 Christum
2068 2432 2173 2493 Dei
2232 2433 2413 2493 filium
2466 2432 2709 2493 credidit
2750 2436 2812 2492 et
2842 2436 2906 2491 ut

652 2536 1015 2611 signaculum
1093 2538 1342 2598 sumeret
1415 2539 1755 2612 deprecatus
1812 2537 2071 2599 Iasonem
2124 2537 2457 2612 postulauit.
2534 2536 2741 2612 probat
2798 2536 2904 2596 hoc

659 2640 944 2714 scriptura
1003 2640 1437 2702 concertationis
1492 2641 1763 2716 ipsorum,
1809 2659 1953 2716 quae
1984 2641 2373 2702 collidentium
2404 2641 2555 2700 inter
2584 2657 2645 2700 se
2674 2638 2903 2714 Papisci
2920 2662 2987 2704 ao

665 2744 1022 2804 aduersantis
1051 2743 1286 2804 ueritati
1315 2747 1376 2804 et
1403 2744 1626 2804 Iasonis
1657 2744 1975 2804 adserentis
2004 2748 2064 2804 et
2106 2745 2449 2804 uindicantis
2477 2740 2905 2820 dispositionem

785 3065 816 3117 1
856 3062 1116 3117 obdurata
1151 3063 1280 3117 Bal.
1318 3080 1384 3118 ex
1419 3080 1452 3116 r
1692 3065 1860 3119 etiam
1897 3065 2035 3134 quod
2074 3087 2111 3134 μ
2357 3066 2583 3136 spiritus
2608 3105 2622 3120 .
2650 3106 2661 3118 .
2690 3107 2703 3120 .
2728 3066 2789 3121 id
2822 3069 2911 3120 est

647 3165 750 3204 om.
787 3151 842 3204 Z
1041 3149 1076 3204 2
1111 3149 1206 3217 qui
1241 3165 1344 3204 om.
1379 3167 1414 3206 v
1630 3151 1917 3221 profectus]
1954 3153 2247 3220 prophetas
2282 3172 2339 3221 μ,
2375 3168 2472 3221 pro
2506 3169 2563 3206 se
2595 3155 2749 3208 totus
2784 3153 2841 3206 Z

646 3237 726 3305 ex]
763 3251 796 3288 a
831 3236 886 3289 Z
1132 3235 1168 3288 3
1201 3235 1362 3290 israel
1395 3236 1482 3290 his
1525 3235 1613 3302 Tt,
1646 3237 1807 3291 israel
1841 3239 1929 3307 Ζμ
2178 3255 2241 3294 ac
2275 3240 2419 3308 prior
2452 3255 2515 3294 ac
2548 3239 2749 3294 fortior
2785 3239 2841 3294 Z

645 3321 732 3390 ad]
769 3337 830 3376 ac
871 3321 968 3375 TZ
1193 3322 1499 3378 subicienda
1533 3345 1572 3394 μ,
1796 3325 1833 3378 4
1864 3324 2060 3379 timore
2095 3325 2211 3394 Ζμ,2
2434 3328 2705 3395 potestate
2740 3327 2835 3395 Zp

644 3408 730 3461 sui
764 3411 911 3475 (suae
934 3408 1001 3476 τ’)
1038 3409 1408 3463 luminationis
1435 3410 1520 3475 Tc,
1558 3411 1780 3464 luminis
1804 3412 1887 3464 sui
1910 3429 2001 3480 μυ,
2035 3411 2255 3466 luminis
2280 3412 2330 3466 Z
2470 3413 2505 3468 5
2540 3411 2759 3466 obstina
2787 3411 2839 3466 T

645 3509 794 3547 mens
831 3494 884 3547 Z
1119 3495 1398 3548 cecitatem
1435 3497 1488 3549 Z
1711 3497 1746 3549 6
1782 3496 2009 3566 gloriam
2045 3498 2099 3551 Z
2338 3513 2465 3552 suae
2500 3499 2613 3551 tam
2648 3513 2751 3552 om.
2788 3496 2843 3550 Z

647 3583 678 3636 7
715 3597 842 3636 suae
877 3582 1094 3636 diuinae
1129 3583 1521 3638 misericordiae
1553 3601 1588 3640 v
1728 3583 2005 3654 dignatus]
2043 3600 2108 3639 ac
2141 3584 2455 3653 dignatione
2490 3602 2523 3640 r
2680 3583 2718 3641 9
2756 3584 2903 3653 nam]

645 3685 783 3724 nunc
819 3671 869 3724 Z
1109 3672 1174 3724 ut
1207 3686 1307 3726 om.
1351 3671 1438 3736 R,
1475 3671 1533 3725 in
1570 3671 1625 3724 Z
1870 3688 2009 3726 nunc
2042 3673 2106 3736 Z,
2142 3689 2241 3726 om.
2280 3693 2319 3740 μ
2569 3671 2636 3725 10
2672 3672 2901 3740 mentes}

645 3773 826 3812 mones
869 3756 921 3810 Τ
1111 3757 1298 3810 sileam
1335 3757 1409 3826 et]
1447 3757 1553 3811 sibi
1589 3757 1773 3811 amitti
1809 3758 1863 3810 Z
2052 3759 2184 3827 eius]
2222 3762 2397 3811 metus
2432 3758 2488 3813 Z
2678 3759 2747 3811 11
2784 3758 2908 3811 toto

649 3843 778 3898 orbe
811 3861 846 3898 v
985 3843 1240 3896 refersum
1271 3844 1359 3906 Tc,
1395 3857 1689 3912 respersum
1714 3863 1770 3910 μ,
1808 3843 2157 3898 reformatum
2182 3845 2246 3910 Z,
2283 3859 2555 3898 reuersum
2578 3860 2639 3906 υς
2668 3843 2753 3908 cf.
2780 3858 2907 3897 con-

645 3929 812 3983 fersus
848 3929 986 3983 Luc.
1023 3933 1076 3993 6,
1101 3933 1174 3984 38
1206 3931 1270 3984 in
1295 3929 1408 3983 cod.
1435 3929 1613 3984 Rem.
1645 3929 1801 3997 apud
1823 3931 2112 3994 Haaeium,
2146 3929 2319 3984 far-sus
2349 3930 2493 3984 Τι’-ι.
2532 3929 2719 3983 Ιείωι.
2759 3931 2835 3982 12

646 4015 714 4069 12
748 4015 1096 4070 conticescam
1133 4031 1166 4070 v
1420 4016 1577 4069 illum
1619 4016 1679 4079 T,
1717 4015 1849 4070 illuc
1882 4015 1938 4068 Z
2190 4017 2257 4070 13
2292 4015 2527 4085 hebraei]
2566 4013 2748 4070 ebichi
2782 4015 2837 4069 Ζ

644 4100 954 4156 christianis
997 4103 1048 4156 T
1270 4102 1338 4156 14
1372 4101 1779 4170 dispectationis
1815 4121 1855 4170 μ
2087 4101 2259 4157 cordis
2293 4101 2493 4156 iudaici
2530 4101 2585 4154 Z
2806 4101 2909 4154 he·—

643 4185 771 4240 brea
811 4187 991 4256 ΤΖεμ,
1027 4187 1178 4242 breui
1213 4187 1341 4241 Bal.
1380 4203 1450 4241 ex
1483 4204 1516 4240 r
1856 4189 1923 4242 15
1958 4188 2307 4244 monitionem
2349 4189 2408 4252 T,
2446 4186 2751 4242 municione
2784 4188 2841 4242 Z

637 4276 695 4326 et
729 4273 1010 4328 uictricem
1047 4273 1173 4328 Bal.
1361 4273 1590 4342 papisci]
1627 4275 1773 4342 pacis
1809 4274 1861 4328 Z
2049 4275 2117 4329 16
2151 4263 2257 4344 spu*
2284 4281 2308 4330 t
2484 4289 2646 4342 quam
2687 4272 2835 4328 TZt¹

647 4358 714 4412 18
747 4359 938 4435 filium·
958 4358 1044 4412 dei
1077 4376 1112 4414 v
1409 4362 1466 4412 et
1500 4375 1600 4413 om.
1638 4359 1692 4413 Z
1986 4362 2053 4415 19
2088 4361 2398 4432 designauit
2430 4359 2731 4431 postulauit
2766 4363 2837 4429 μ’

647 4445 748 4499 hoc
785 4462 884 4500 om.
921 4447 972 4500 Z
1131 4445 1198 4500 21
1236 4445 1485 4500 ueritatis
1520 4450 1608 4516 ²¹2⁰·
1784 4451 1840 4500 et
1874 4446 2199 4502 uindicantis
2234 4464 2335 4502 om.
2372 4447 2426 4502 Z
