3217 5150
911 562 1000 615 De
1035 559 1230 615 nude
1265 557 1585 628 martyrii
1632 573 1675 612 ο.
1710 558 1931 613 23—26.
2333 529 2336 532 ’
2457 557 2542 625 47

373 719 583 780 Veniat
621 723 755 782 ante
795 720 988 781 oculos
1028 721 1256 778 uestros
1296 717 1396 791 qui
1437 717 1559 777 dies
1599 717 1699 777 ille
1729 717 1825 790 sit,
1858 734 1984 777 eum
2014 717 2307 791 spectante
2337 715 2546 792 populo
2566 715 2647 777 25

287 823 472 896 adque
513 823 868 885 intuentibus
908 824 1126 885 cunctis
1168 823 1366 882 contra
1393 823 1649 881 terrenas
1682 837 1874 880 cruces
1903 823 1963 879 et
1990 819 2177 880 minas
2210 819 2425 880 saeculi
2451 819 2544 879 in·

288 939 566 987 concussa
592 928 818 988 deuotio
847 928 1178 1002 reluctetur,
1207 942 1378 1002 quam
1409 923 1671 998 suspensi
1702 923 1877 983 animi
1905 921 2236 999 mentesque
2266 923 2547 983 sollicitae

291 1029 364 1088 de
416 1029 654 1104 ancipiti
705 1029 1083 1104 trepidatione
1145 1027 1502 1103 gratulantes
1550 1025 1873 1086 formidinis
1924 1026 2167 1101 pauidas
2218 1027 2549 1101 quatiantur

256 1154 282 1192 s
302 1131 554 1204 horrore,
584 1149 729 1208 quae
757 1131 880 1191 illic
909 1132 1186 1205 anxietas,
1218 1147 1362 1205 quae
1392 1129 1679 1203 exoptatio
1709 1146 1938 1203 precum
1953 1174 1970 1203 ,
2002 1147 2145 1204 quae
2174 1131 2311 1190 uota
2340 1146 2547 1190 memo-

292 1235 512 1309 rentur,
565 1252 693 1294 cum
743 1236 928 1295 adhuc
978 1237 1218 1294 nutante
1269 1234 1514 1294 uictoria
1563 1233 1747 1308 adque
1797 1233 1855 1292 in
1912 1233 2127 1292 incerto
2184 1233 2371 1292 exitus
2414 1248 2551 1292 casu

291 1338 504 1398 uictrix
545 1339 720 1413 capiti
765 1355 970 1398 corona
1009 1337 1349 1412 dependeat,
1391 1353 1628 1411 cumque
1670 1336 1775 1395 illa
1817 1333 2097 1415 pestilens
2138 1352 2207 1395 ac
2243 1334 2553 1394 furibunda

294 1442 582 1503 consessio
623 1443 966 1501 accendatur
1007 1442 1112 1514 ira,
1155 1441 1529 1500 inflammetur
1563 1439 1805 1513 insania,
1852 1439 2003 1499 omni
2033 1439 2275 1514 denique
2303 1438 2551 1512 pectoris

303 1545 462 1605 rabie
503 1563 571 1606 ac
607 1545 780 1604 minis
809 1545 1204 1605 frendentibus
1233 1545 1537 1604 torreatur.
1583 1543 1797 1603 etenim
1838 1545 2113 1618 quantum
2153 1543 2261 1603 hoc
2300 1541 2379 1602 sit
2424 1541 2553 1616 quis

226 1666 282 1706 ιο
299 1647 546 1722 ignorat,
589 1651 656 1708 ut
693 1665 807 1708 non
848 1647 1137 1708 doloribus
1175 1647 1497 1719 uulnerum,
1539 1663 1654 1706 non
1693 1646 1903 1706 ictibus
1945 1645 2362 1721 quaestionum,
2393 1645 2555 1705 uelut

294 1751 568 1832 despecta
593 1753 791 1812 nostra
819 1751 1110 1826 fragilitas
1140 1751 1198 1811 et
1225 1751 1519 1824 inopinata
1547 1749 1783 1809 uirtutis
1805 1751 2085 1811 humanae
2110 1751 2276 1810 cedat
2298 1751 2553 1824 audacia,

301 1856 455 1913 stare
498 1854 782 1916 hominem
822 1872 928 1915 nec
965 1854 1202 1928 moueri,
1248 1853 1500 1929 torqueri
1528 1869 1635 1912 nec
1663 1855 1856 1912 tamen
1884 1853 2057 1927 uinci,
2090 1855 2191 1915 sed
2219 1871 2401 1929 poena
2428 1853 2555 1930 ipsa

295 1956 487 2031 potius
515 1974 628 2032 qua
657 1957 940 2018 cruciatur
967 1956 1196 2018 armari.

387 2057 752 2120 Considerate
781 2061 960 2135 igitur
987 2060 1125 2135 quid
1147 2061 1244 2133 sit,
1273 2061 1554 2120 carissimi
1576 2061 1806 2135 fratrea,
1838 2078 2059 2121 omnem
2080 2061 2339 2135 martyrii
2361 2059 2553 2136 digni-
2576 2065 2655 2125 26

229 2178 286 2218 15
302 2163 483 2220 tatem
523 2163 787 2222 sensibus
826 2163 1038 2223 uestris
1089 2162 1406 2238 animisque
1455 2165 1775 2238 proponite.
1819 2181 1947 2224 ecce
1990 2164 2141 2223 enim
2179 2163 2258 2222 in·
2290 2165 2556 2238 passione

300 2264 606 2324 cuiuslibet
643 2265 835 2326 uocati
862 2265 1116 2341 gaudent
1153 2267 1267 2326 iam
1303 2266 1525 2340 pridem
1554 2267 1725 2327 acciti
1754 2284 1785 2327 e
1816 2267 2039 2327 saeculo
2068 2267 2369 2342 martyres,
2410 2283 2553 2340 gau-

301 2369 442 2428 dent
490 2371 765 2430 bonorum
814 2371 1063 2430 omnium
1113 2370 1320 2444 nuntii,
1374 2372 1626 2446 gaudent
1674 2371 1889 2448 pariter
1928 2371 2117 2432 electi.
2176 2371 2258 2432 ibi
2308 2372 2557 2432 laetatur

296 2471 482 2531 milite
523 2489 626 2533 suo
667 2473 960 2547 Dominus,
1003 2474 1253 2533 laetatur
1293 2477 1440 2534 teste
1479 2475 1726 2534 nominis
1767 2474 1860 2533 sui
1898 2475 2178 2534 Christus.
2222 2492 2424 2549 pamm
2464 2477 2556 2534 est

299 2576 449 2650 quod
489 2576 634 2650 dice,
677 2577 888 2637 fratres
915 2576 1217 2652 carissimi,
1261 2595 1462 2654 parum
1491 2580 1598 2637 est.
1646 2579 1730 2637 ita
1756 2595 1965 2653 magna
2002 2578 2144 2637 mihi
2183 2578 2331 2637 ratio
2358 2578 2419 2636 in
2447 2580 2557 2639 hoc

230 2690 288 2732 ὀ
305 2694 511 2752 genere
541 2679 766 2739 dicendi
794 2698 861 2740 ac
889 2681 1068 2740 moles
1096 2680 1428 2741 admiranda
1457 2682 1720 2756 suscepta
1761 2684 1881 2742 est:
1928 2683 2028 2741 sed
2070 2680 2313 2755 arbitrii,
2344 2699 2556 2756 quaeso

303 2798 427 2854 uos,
470 2782 726 2857 grauitas
766 2784 840 2842 ab
883 2783 1196 2843 intentione
1235 2785 1464 2858 propria
1491 2802 1606 2844 non
1636 2783 1804 2857 desit,
1836 2784 2021 2845 sciens
2048 2787 2273 2844 tantum
2303 2786 2372 2844 de
2400 2802 2555 2845 mar-

304 2883 452 2959 tyrio
503 2902 672 2959 posse
711 2885 825 2946 dici
884 2888 1160 2962 quantum
1216 2887 1468 2962 potuerit
1525 2888 1837 2948 aestimari.
1911 2888 2060 2947 unde
2118 2890 2178 2948 et
2236 2889 2377 2949 haec
2436 2887 2560 2948 sola

299 2990 658 3063 exequendae
695 2990 882 3049 laudis
923 2990 1036 3050 fuit
1076 3007 1267 3065 causa,
1297 3007 1412 3050 non
1452 3008 1562 3065 quo
1601 3008 1795 3067 parem
1836 3008 1925 3051 me
1955 2991 2172 3066 gloriae
2213 2991 2335 3056 eius
2374 2992 2558 3066 adque

445 3198 476 3251 1
512 3199 735 3253 ueniant
771 3198 838 3253 S¹
1046 3201 1322 3269 spectante
1358 3215 1429 3254 ex
1465 3201 1705 3255 sectante
1742 3200 1789 3255 S
1816 3216 1888 3256 m.
1924 3202 1965 3255 2
2166 3200 2201 3255 2
2236 3203 2292 3256 et
2316 3216 2416 3256 om.
2446 3202 2499 3254 Τ

300 3282 336 3336 3
370 3282 652 3339 deuotione
685 3285 921 3339 luctetur
957 3284 1005 3356 Q
1175 3285 1214 3339 4
1245 3284 1311 3339 de
1346 3300 1393 3338 a.
1431 3285 1787 3355 trepidatione
1823 3300 1923 3341 om.
1960 3285 2009 3341 S
2181 3286 2417 3355 ancipite
2445 3287 2493 3358 Ω

308 3370 649 3438 gratulantes
684 3370 858 3438 LNS,
891 3370 1258 3441 gratulantem
1296 3370 1358 3441 Q,
1395 3371 1789 3441 gratulantium
1830 3372 1910 3427 Τυ
2249 3372 2561 3429 formidines
2642 3416 2647 3419 -

306 3454 546 3526 NQS¹T
725 3456 921 3526 pauido
945 3456 1039 3512 Nv
1227 3457 1613 3528 quapatiantur
1637 3457 1685 3513 S
1880 3458 1915 3512 5
1950 3457 2069 3512 illic
2092 3472 2161 3512 ex
2184 3458 2273 3512 illi
2300 3457 2348 3513 S
2363 3476 2432 3513 m.
2456 3463 2494 3515 2

304 3540 548 3596 anxietas
583 3558 719 3612 quae
754 3558 856 3601 om.
894 3543 940 3601 S
1187 3529 1402 3613 precu‘m
1437 3559 1573 3613 quae
1606 3544 1755 3615 uota]
1793 3560 1921 3613 prae
1955 3560 2090 3613 quae
2126 3561 2247 3599 cum
2280 3547 2409 3599 uota
2446 3545 2494 3617 Q

303 3628 340 3682 6
375 3626 546 3682 adhuc
581 3644 682 3683 om.
719 3629 767 3684 S
966 3630 1023 3683 in
1059 3645 1159 3685 om.
1200 3630 1350 3701 QST
1547 3629 1783 3684 incertos
1821 3628 2155 3701 LNQSw’v,
2194 3631 2388 3685 incerti
2424 3630 2494 3686 S²

301 3713 476 3768 exitos
513 3714 619 3786 ΩΤ
817 3732 996 3770 casum
1034 3716 1119 3782 δ’,
1155 3734 1308 3773 casus
1341 3735 1376 3773 v
1608 3716 1639 3769 7
1677 3716 1874 3770 uictrix
1908 3733 1979 3771 ex
2012 3716 2241 3772 uictoria
2276 3716 2325 3773 S
2351 3733 2419 3772 m.
2456 3720 2497 3773 2

300 3800 336 3854 8
371 3801 645 3855 consensio
681 3800 768 3868 S⁸,
803 3804 1042 3857 consensi
1080 3804 1144 3874 Q,
1179 3802 1411 3857 confessi
1452 3803 1504 3858 T
1704 3802 1986 3857 accedatur
2025 3803 2130 3874 QT
2337 3804 2561 3858 rectoris

303 3884 488 3939 rabiae
516 3887 563 3958 Q
768 3890 804 3943 9
835 3888 930 3958 qui
957 3889 1062 3960 QT
1264 3889 1328 3943 11
1363 3889 1601 3959 dispecta
1626 3889 1675 3945 S
1872 3888 2175 3959 fragilitas]
2200 3888 2417 3959 flagitas
2447 3890 2493 3960 Q

311 3972 578 4027 hnmanae
613 3974 942 4043 (humanitas
984 3976 1054 4044 Τ)
1090 3976 1314 4029 uirtutis
1349 3975 1628 4045 inopinata
1665 3974 1789 4031 LN
1783 3975 1829 4047 Q
1837 3976 1914 4030 Tv
2203 3974 2426 4030 audacia
2460 3993 2559 4032 om.

303 4058 412 4129 QT
583 4060 651 4113 12
685 4062 862 4115 astare
901 4061 1006 4125 ΩΤ
1205 4077 1416 4116 mouere
1456 4062 1561 4134 QT
1728 4061 1797 4116 14
1830 4061 2003 4132 igitur
2038 4077 2138 4117 om.
2177 4061 2428 4134 LNQTv

303 4162 566 4217 omnemq.
590 4148 714 4204 LN
877 4148 1200 4219 dignitatem
1239 4150 1295 4216 S,
1331 4148 1649 4205 firmitatem
1685 4149 1935 4221 LNQTv
2095 4149 2162 4205 15
2197 4150 2358 4221 enim]
2396 4151 2565 4205 animi

308 4232 416 4303 QT
622 4234 690 4288 16
725 4234 1014 4289 cuiuslibet
1047 4236 1292 4304 passione
1333 4237 1436 4309 QT
1657 4234 1825 4290 nociti
1860 4234 2095 4306 L¹QST
2316 4237 2478 4291 acciti
2512 4238 2561 4307 e]

306 4318 536 4388 accipite
572 4321 682 4393 QT
814 4322 882 4375 18
915 4321 1085 4375 militi
1119 4320 1168 4377 S
1301 4322 1572 4377 laetantur
1610 4322 1659 4393 Ω
1797 4322 1881 4376 est
1917 4336 2017 4376 om.
2056 4321 2103 4376 S
2237 4322 2307 4375 20
2342 4324 2427 4376 est
2460 4338 2562 4378 om.

306 4405 415 4477 ΩΤ
631 4406 868 4478 arbitrii]
907 4407 1249 4463 arbitramini
1284 4408 1332 4464 S
1542 4408 1611 4463 21
1648 4408 1735 4478 ab]
1773 4408 1843 4463 ad
1879 4408 1934 4463 L
2148 4408 2341 4478 propia
2384 4411 2434 4463 Τ

301 4492 438 4546 scies
477 4494 530 4546 Τ
726 4492 802 4552 23
837 4494 959 4565 quo]
998 4494 1140 4564 quod
1173 4494 1219 4549 S
1422 4495 1537 4549 eius
1573 4510 1673 4551 om.
1716 4494 1821 4566 QT
