3217 5150
737 529 937 576 LXXII

736 665 1013 730 alieuius
1052 665 1593 746 interpretamenti
1625 670 1886 746 propter
1921 665 2288 744 tyrunculos
2325 664 2628 746 Quosdam
2663 664 3020 728 liter-ariae

732 777 1065 860 facultatis
1087 777 1369 860 indiyere
1388 775 1672 860 erederet,
1707 780 1772 842 et
1791 777 2058 842 indicem
2083 777 2370 842 subiecit.
2403 777 2784 858 exemplaria
2811 777 3018 841 huius

738 889 1029 954 editionis
1069 907 1189 954 non
1228 907 1360 954 esse
1402 907 1541 952 rara
1570 871 1971 954 Audiffredus
2003 887 2378 972 (Cataloqus
2417 887 3018 952 historico-criticus

736 999 1179 1064 Romanarum
1223 1000 1570 1064 editionum
1619 1019 1773 1063 saec.
1813 999 1962 1066 XV
1994 1019 2052 1082 p.
2090 1000 2240 1083 140)
2288 1000 2497 1075 docet3
2548 999 2686 1082 ipse
2733 999 3014 1064 adhibui

738 1112 899 1194 quod
928 1113 993 1176 in
1024 1111 1399 1177 bibliotheca
1423 1111 1880 1176 vindobonensi
1911 1113 2267 1176 asseruntur
2295 1111 2456 1195 sign.
2489 1112 2549 1177 5.
2573 1111 2651 1176 D.
2683 1111 2788 1175 19.
2825 1129 3014 1175 mers.

410 1236 557 1280 Editio
576 1237 716 1279 vene·
734 1223 1024 1288 editionis
1054 1225 1351 1307 principis
1381 1224 1670 1305 repetitio
1701 1225 1796 1288 est
1825 1241 1898 1288 ea
1923 1241 2076 1304 quae
2107 1221 2322 1288 eodem
2353 1239 2510 1286 anno
2529 1221 2822 1286 Venetiis
2855 1241 3014 1305 pro-

448 1309 495 1349 ²⁸
512 1318 551 1348 ‘⁵'
572 1307 689 1349 ιω·
738 1335 878 1412 diit‚
911 1336 1087 1400 cuius
1110 1336 1176 1398 in
1199 1335 1319 1399 fine
1347 1335 1616 1422 legitur:
1649 1333 1963 1415 Loquitur
1985 1334 2168 1398 lector
2189 1333 2276 1396 ad
2308 1332 2726 1397 Vindelinum
2746 1337 3016 1413 spiren—

734 1465 861 1510 sem
904 1447 1233 1528 Artificem
1276 1448 1385 1526 qui
1428 1445 1756 1527 Epistolas
1807 1446 2002 1510 Beati
2044 1444 2363 1526 Cypriani
2411 1445 2620 1508 reddit
2669 1447 2748 1508 in
2799 1443 3016 1510 lucent

738 1557 835 1622 M.
871 1557 1099 1623 0000.
1136 1557 1339 1622 LXX
1350 1559 1389 1622 I
1397 1581 1417 1636 ‚·
1454 1559 1620 1622 unde
1659 1558 1816 1623 miro
1859 1575 2058 1622 errore
2099 1556 2220 1621 uiri
2267 1557 2438 1622 docti
2469 1573 2608 1621 eam
2639 1555 3014 1640 Spirensem

738 1669 913 1751 quasi
944 1667 1157 1750 Spirae
1199 1669 1504 1750 prodisset
1548 1669 1854 1734 dixerunt.
1905 1669 1984 1735 ab
2013 1669 2283 1734 editione
2327 1667 2604 1752 principe
2645 1668 2909 1735 nonnisi
2943 1671 3016 1735 in

738 1779 921 1844 rebus
965 1781 1453 1865 orthographicis
1495 1779 1725 1860 differt,
1772 1798 2003 1846 nouum
2045 1781 2304 1846 accessit
2343 1779 2504 1845 nihil
2532 1781 2782 1863 praeter
2813 1801 3014 1846 men-

739 1891 959 1957 dorum
1000 1885 1331 1956 numerum
1370 1893 1984 1976 typographicorum;
2038 1911 2186 1957 nam
2229 1892 2337 1975 qui
2377 1911 2514 1974 eam
2557 1893 3012 1958 correctiorem

737 2003 1001 2069 laudant
1056 2022 1399 2088 numquam
1456 2003 1810 2086 inspexisse·
1853 2005 2164 2070 uidentur.
2236 2005 2550 2088 exemplar
2607 2004 3016 2071 bibliotheca

416 2124 563 2167 Editio
584 2125 723 2168 Vene-
744 2115 1231 2180 Vindobonensis
1290 2119 1569 2183 asseruat
1619 2117 1779 2200 sign.
1827 2117 1887 2181 5.
1937 2117 2013 2180 D.
2067 2117 2187 2182 18..
2225 2116 2392 2181 idem
2445 2117 2616 2181 ualet
2667 2116 2746 2181 de
2799 2117 3020 2183 altera

448 2195 557 2238 ‘⁸⁸‘
578 2196 693 2236 ιω
742 2226 977 2291 Veneta
1016 2245 1071 2290 a.
1108 2227 1292 2305 1483,
1340 2227 1515 2292 cuius
1556 2227 1624 2292 in
1666 2226 1834 2292 calce
1876 2228 2110 2292 exstat:
2161 2225 2331 2292 Diui
2367 2227 2632 2296 Caecilii
2669 2226 3018 2309 Cypriani

739 2339 875 2403 uiri
896 2338 1285 2402 sanctissimi
1306 2343 1363 2404 et
1384 2337 1875 2419 eloquentissimi
1901 2339 2198 2420 epistolas
2223 2340 2614 2404 exactissime
2642 2343 3018 2422 recoym‘tas

740 2449 951 2515 Lucas
982 2449 1244 2516 Venetus
1258 2449 1585 2514 Dominici
1604 2450 1784 2533 filius
1803 2450 1992 2514 solita
2013 2449 2354 2534 diliyeutia
2369 2451 2689 2532 impressit
2723 2451 2958 2515 Veneti
2963 2454 3022 2518 is

741 2582 916 2629 auno
956 2561 1185 2627 salutis
1217 2563 1316 2625 M.
1350 2560 1580 2628 0000.
1615 2561 2020 2627 LXXXIII.
2075 2561 2302 2627 Pridie
2342 2563 2568 2628 Nonas
2607 2560 3014 2630 Decembres.

742 2695 887 2741 nam
930 2675 1167 2740 inedita
1213 2692 1367 2756 quae
1408 2674 1587 2739 illam
1631 2674 1912 2739 exhibere
1951 2674 2314 2740 fabulantur
2353 2675 2526 2741 nulla
2567 2678 2739 2753 sunt,
2789 2695 2916 2741 nec
2945 2678 3020 2742 in

742 2788 955 2853 ordine
997 2787 1108 2852 aut
1140 2787 1207 2851 in
1236 2786 1560 2869 scripturis
1602 2786 1891 2853 editionis
1920 2788 2234 2881 Romanae
2273 2787 2618 2853 leuissimis
2659 2787 2856 2853 rebus
2901 2808 3016 2853 ex-

742 2900 941 2983 ceptis
963 2898 1293 2981 quicquam
1314 2900 1413 2963 est
1433 2899 1768 2964 mutatum.
1793 2900 1902 2964 sed
1919 2898 2184 2983 singulis
2204 2898 2490 2981 epistulis
2507 2898 2882 2981 libellisque
2905 2900 3018 2982 qui

742 3010 975 3093 partim
1020 3010 1331 3085 tractatus
1354 3009 1591 3093 partim
1621 3028 1928 3075 sermones
1959 3010 2384 3077 inscribuntur
2411 3009 2753 3075 summaria
2785 3009 3020 3076 breuis.

744 3122 1229 3205 praemittuntur
1295 3121 1630 3204 eademque
1687 3122 1752 3186 in
1811 3122 2096 3187 tabulam
2152 3122 2404 3187 redacta
2433 3124 2602 3203 'post
2659 3122 3022 3204 epistulam

744 3234 1189 3299 dedicatoriam
1222 3234 1306 3313 ,0.
1352 3233 1427 3297 de
1472 3232 1551 3297 P.
1583 3233 1804 3297 Iacobo
1845 3232 2224 3298 Gra-solario
2267 3233 2400 3298 ciui
2442 3237 2658 3297 ueneto
2699 3235 3022 3316 scriptam

744 3345 1059 3429 leguntur,
1082 3347 1223 3427 post
1244 3364 1317 3411 ea
1332 3345 1700 3427 Hieronymi
1725 3346 1788 3409 et
1809 3344 2120 3411 Lactantii
2141 3344 2500 3410 testimonia
2521 3346 2598 3410 de
2615 3344 2679 3410 S.
2695 3342 3022 3429 cypriano

746 3458 990 3524 adiecta
1032 3459 1197 3523 sunt.
1252 3456 1561 3540 exemplar
1604 3457 1962 3523 assematur
2008 3458 2074 3521 in
2119 3457 2496 3523 bibliotheca
2537 3456 3016 3523 Vindobonensi

748 3571 907 3655 sign.
944 3572 1042 3635 16.
1072 3570 1141 3633 F.
1172 3572 1232 3636 9.
1276 3569 1527 3635 maioris
1574 3569 1875 3635 momenti
1919 3571 2066 3635 sunt
2111 3568 2410 3635 editiones
2451 3569 2610 3635 duae
2649 3589 2701 3634 s.
2733 3569 2779 3633 l.
2823 3572 2898 3634 et
2929 3591 3014 3649 a.‚

416 3704 570 3747 mino
592 3705 726 3747 uem·
746 3700 1009 3765 quarum
1032 3701 1220 3747 unam
1245 3681 1409 3747 circa
1432 3700 1663 3747 aunum
1690 3681 1854 3746 1477
1880 3680 2044 3765 apud
2062 3680 2398 3746 Albertum
2411 3680 2640 3745 Kunne
2658 3680 3018 3779 deoDuder-

444 3771 701 3827 ‘'mm'‘
746 3794 917 3861 stadt
957 3794 1511 3876 Memmingensem
1556 3792 1926 3873 impressam
1969 3810 2100 3857 esse
2142 3792 2378 3858 Panzer
2421 3791 2700 3875 (Annal.
2745 3797 2882 3873 tw.
2916 3793 3018 3858 IV

752 3906 874 3971 119
896 3924 955 3969 n.
978 3904 1134 3989 407)
1166 3906 1231 3969 et
1252 3904 1407 3969 Lud.
1434 3902 1601 3968 Hain
1626 3901 1810 3987 (Rep.
1843 3907 1971 3984 typ.
2004 3903 2035 3966 Ι
2059 3904 2120 3981 2,
2151 3904 2281 3969 220
2299 3923 2361 3968 n.
2385 3904 2586 3989 5895)
2609 3904 2856 3969 docent.
2893 3906 3020 3987 qui

748 4036 887 4083 eam
910 4016 1168 4081 curabat
1190 4014 1489 4097 epistulas
1512 4014 1876 4096 libellosque
1896 4014 2069 4079 nullo
2092 4013 2304 4079 ordine
2327 4014 2701 4079 editionibus
2723 4015 3018 4081 exhibitu

750 4131 815 4195 in
847 4132 1085 4195 certum
1129 4125 1437 4209 quendam
1466 4125 1740 4190 ordinem
1771 4124 2046 4209 digerere
2075 4126 2169 4190 ita
2197 4127 2452 4191 conatus
2482 4127 2599 4205 est,
2651 4126 2725 4189 ut
2751 4125 3016 4193 libellos

751 4239 1173 4323 epistulasque
1198 4237 1463 4303 maiores
1486 4236 1722 4301 libellis
1745 4236 2079 4302 similiores
2099 4256 2290 4319 quam
2311 4236 2598 4319 epistulis
2619 4236 3020 4320 praeciperet

752 4351 1051 4434 epistulas
1075 4349 1343 4431 reliquas
1364 4350 1453 4413 eis
1468 4348 1862 4431 subiungens.
1886 4348 2105 4415 tabula
2119 4348 2528 4431 epistularum
2543 4349 2890 4432 praemissa
2907 4370 3022 4416 ex-

751 4465 878 4529 stat
892 4462 1242 4544 inscriptio:
1266 4458 1489 4541 C'ecilij
1508 4457 1810 4540 Cipriani
1828 4458 2133 4541 Episcopi
2149 4460 2618 4544 cartayineusis
2635 4464 2693 4523 et
2705 4462 3020 4527 naar-ciris
