3217 5150
629 551 713 626 16
1567 553 1935 623 Appendix.

627 728 766 769 num
806 711 1117 771 ludibrium
1155 713 1398 772 reddens
1439 712 1733 784 ministros
1762 730 1895 773 suos
1910 759 1925 788 ,
1979 730 2083 774 nec
2126 715 2455 788 corporibus
2496 727 2736 789 parcens
2779 731 2891 776 nec

629 815 856 874 animis.
902 814 1202 875 debellatis
1243 817 1394 875 enim
1445 816 1692 891 propriis
1733 818 1983 877 moribus
2014 820 2199 878 totum
2240 817 2527 878 hominem
2568 837 2731 878 suum
2774 821 2883 880 sub

629 917 981 991 triumphum
1009 917 1267 978 libidinis
1296 918 1508 978 mittit:
1555 919 1785 986 blanda
1805 921 1985 994 prius,
2026 922 2092 979 ut
2120 920 2251 995 plus
2281 924 2481 980 noceat
2510 923 2646 981 dum
2672 923 2883 996 placet,

630 1021 972 1081 exhauriens
1011 1038 1130 1081 rem
1173 1039 1299 1081 cum
1338 1024 1571 1097 pudore,
1604 1024 1791 1083 hostis
1822 1023 2225 1096 continentiae,
2258 1023 2590 1098 frequenter
2616 1026 2883 1099 perueni-

629 1141 732 1185 ens
777 1125 852 1184 ad
895 1125 1228 1199 sanguinem
1269 1126 1647 1200 cupiditatum
1675 1126 1887 1186 infesta
1915 1127 2121 1200 rabieS,
2154 1127 2477 1187 incendium
2506 1128 2887 1188 conscientiae
2905 1152 2929 1190 s

628 1229 828 1301 bonae,
873 1231 1056 1288 mater
1095 1230 1598 1304 impaenitentiae,·
1620 1231 1809 1290 ruina.
1826 1231 2079 1292 melioris
2123 1231 2351 1304 aetatis,
2398 1232 2740 1292 contumelia
2781 1248 2883 1306 ge·-

630 1331 802 1405 neris,
849 1348 1179 1407 expugnans
1219 1319 1515 1407 sanguinis
1557 1337 1617 1393 et
1658 1333 1909 1394 familiae
1952 1334 2139 1407 fidem,
2192 1334 2395 1395 alienis
2424 1335 2723 1396 affectibus
2752 1351 2885 1395 suos

629 1435 889 1494 inserens
919 1435 1089 1509 filios,
1120 1436 1182 1495 in
1211 1437 1398 1496 aliena
1425 1437 1772 1496 testamenta
1802 1436 2051 1497 sobolem
2081 1437 2265 1510 ignoti
2294 1440 2353 1497 et
2382 1437 2637 1511 corrupti
2656 1437 2885 1512 generis

513 1555 521 1567 ²
628 1537 919 1599 inducens.
967 1555 1110 1613 quae
1151 1538 1482 1613 plerumque
1521 1541 1683 1598 extra
1722 1557 1919 1599 sexum
1958 1541 2183 1613 ardens,
2236 1542 2369 1600 dum
2398 1558 2459 1600 se
2488 1559 2603 1600 non
2632 1543 2887 1601 continet

629 1642 783 1701 intra
826 1658 1112 1714 concessa,
1153 1660 1352 1716 pamm
1393 1643 1506 1702 sibi
1533 1645 1701 1718 putat
1731 1643 2108 1716 satisfactum,
2150 1643 2263 1702 nisi
2292 1645 2353 1702 in
2382 1644 2632 1703 uirorum
2662 1660 2883 1718 quoque
2902 1667 2962 1706 ie

630 1745 959 1819 corporibus
1011 1763 1124 1804 non
1174 1745 1526 1819 uoluptatem
1578 1763 1785 1807 nouam
1836 1748 2120 1822 quaerat,
2174 1747 2276 1806 sed
2326 1746 2776 1806 extraordinaria
2825 1748 2885 1809 et

629 1850 1003 1923 portentuosa
1047 1851 1244 1908 contra
1285 1848 1467 1922 ipsam
1507 1851 1773 1908 naturam
1814 1845 1887 1909 e'x
1924 1851 2069 1910 uiris
2112 1867 2213 1924 per
2253 1850 2408 1910 uiros
2449 1851 2705 1909 monstra
2752 1866 2885 1910 con-

632 1951 842 2027 quirat.
2080 2017 2083 2022 ,

571 2067 615 2124 4
719 2055 828 2115 Sed
857 2054 1008 2114 enim
1037 2054 1311 2130 pudicitia
1339 2056 1523 2115 locum
1552 2057 1799 2130 primum
1828 2057 1888 2116 in
1914 2057 2241 2133 uirginibus
2271 2059 2446 2130 tenet,
2490 2058 2799 2117 secundum
2826 2057 2889 2115 in

633 2158 1071 2232 continentibus,
1101 2159 1338 2218 tertium
1366 2159 1426 2218 in
1456 2160 1863 2220 matrimoniis:
1910 2179 2108 2221 uerum
2138 2162 2199 2220 in
2228 2161 2487 2220 omnibus
2515 2160 2769 2234 gloriosa
2798 2161 2887 2220 est
2906 2153 2959 2215 12.

633 2279 760 2321 cum
789 2262 1062 2336 gradibus
1095 2262 1232 2320 suis.
1277 2280 1410 2322 nam
1439 2265 1496 2322 et
1523 2263 2013 2324 matrimoniorum
2040 2249 2206 2324 fidem
2237 2267 2431 2324 tenere
2462 2264 2592 2322 laus.
2618 2265 2709 2322 est
2738 2263 2891 2322 inter

632 2367 722 2425 tot
750 2367 1000 2440 corporis
1029 2365 1199 2438 bella,
1241 2369 1301 2424 et
1329 2366 1689 2427 matrimonio
1721 2367 1791 2427 de
1820 2368 2174 2427 continentia
2201 2367 2430 2427 modum
2458 2366 2737 2426 statuisse
2766 2381 2899 2425 ma-‘
2956 2361 2965 2371 “

635 2469 774 2528 ioris
803 2469 1037 2529 uirtutis
1077 2471 1186 2541 est,
1234 2470 1366 2528 dum
1407 2470 1582 2528 etiam
1620 2470 1785 2546 licita
1823 2471 2153 2532 reiciantur.
2200 2473 2353 2530 certe
2384 2485 2454 2529 ex
2482 2471 2646 2530 utero
2677 2467 2890 2527 sancti-

637 2576 818 2634 tatem
869 2573 1187 2634 custodisse
1237 2576 1296 2634 et
1345 2573 1625 2633 infantem
1678 2592 1740 2635 se
1792 2593 1971 2650 usque
2022 2576 2082 2634 in
2136 2576 2487 2635 senectutem
2532 2573 2592 2631 in
2635 2581 2741 2631 s'ua
2768 2573 2894 2631 tota

633 2680 821 2737 aetate
861 2675 1112 2736 tenuisse
1157 2676 1519 2737 admirandae
1559 2678 1758 2752 utique
1799 2680 2089 2752 potentiae
2135 2679 2254 2737 est:
2300 2676 2416 2737 nisi
2456 2677 2605 2751 quod
2650 2675 2892 2735 blandas
2910 2690 2969 2731 so

633 2780 887 2854 corporis
932 2780 1090 2854 leges
1131 2798 1245 2840 non
1287 2797 1452 2839 nosse
1496 2781 1682 2855 magis
1724 2781 2021 2841 felicitatis
2051 2783 2161 2853 est,
2192 2784 2357 2841 notas
2386 2780 2499 2840 iam
2532 2778 2739 2838 uicisse
2768 2778 2889 2837 uir-

633 2883 780 2944 tutis
821 2886 929 2957 est,
974 2884 1059 2942 sic
1100 2885 1290 2943 tamen
1335 2886 1400 2942 ut
1444 2885 1503 2942 et
1531 2883 1718 2943 uirtus
1746 2884 1865 2943 ista
1894 2884 1963 2941 de
1994 2883 2157 2943 domo
2186 2884 2295 2943 Dei
2324 2883 2537 2957 ueniat,
2568 2883 2708 2942 licet
2738 2898 2799 2941 se
2828 2880 2889 2939 in

631 2987 902 3048 membris
934 2987 1257 3047 hominibus
1287 2988 1568 3047 ostendat.

576 3092 616 3153 5
723 3089 1060 3164 Pudicitiae,
1103 3090 1330 3163 fratrea,
1377 3091 1614 3165 antiqua
1653 3092 1959 3165 praecepta
1999 3092 2152 3149 sunt.
2203 3107 2377 3165 quare
2430 3090 2669 3163 antiqua
2722 3088 2887 3147 dico?

637 3195 772 3269 quia
809 3212 938 3304 cum
979 3194 1123 3268 ipsis
1169 3194 1493 3255 hominibus
1535 3194 1807 3254 instituta
1844 3195 1997 3252 sunt.
2055 3210 2187 3252 nam
2228 3194 2353 3253 ideo
2396 3210 2464 3252 ex
2504 3191 2628 3252 uiro
2673 3209 2774 3251 suo
2829 3192 2888 3249 et
2907 3205 2964 3247 2⁵

775 3537 806 3590 1
841 3534 1106 3588 ministris
1142 3533 1254 3587 suis
1289 3532 1408 3587 K'v
1614 3532 1651 3590 2
1690 3549 1844 3587 suum
1878 3548 1979 3588 om.
2003 3534 2055 3586 Z
2260 3534 2295 3586 3
2330 3532 2546 3601 blanda]
2584 3533 2639 3585 et
2673 3529 2898 3584 blandet

635 3623 690 3676 Z
823 3621 966 3689 dum]
1003 3622 1067 3674 ut
1091 3620 1146 3673 Z
1343 3619 1553 3689 placeat
1576 3620 1632 3674 Z
1829 3620 1867 3673 4
1899 3619 2175 3688 pei-ueniet
2198 3620 2253 3673 Z
2453 3619 2488 3671 5
2522 3614 2893 3684 conscientiae]

637 3707 998 3763 continentiae
1020 3707 1073 3760 Z
1241 3706 1274 3760 6
1298 3706 1466 3760 bonae
1499 3722 1568 3759 m.
1606 3705 2045 3774 impaenitentiae
2078 3721 2180 3759 om.
2206 3706 2259 3759 Z
2394 3736 2401 3749 ·
2428 3702 2753 3759 contumelio
2777 3702 2829 3755 Z

634 3796 670 3849 8
705 3796 950 3864 ingerens
986 3793 1041 3846 Z
1231 3794 1303 3849 11
1341 3793 1678 3847 uoluntatem
1713 3793 1779 3846 K
1952 3791 2363 3847 extraordinarie
2395 3791 2740 3860 portentuosa
2774 3803 2899 3857 que-

635 3880 760 3935 dam
794 3882 849 3935 Z
1063 3879 1135 3935 12
1171 3879 1351 3932 uirum
1387 3893 1455 3933 eae
1489 3878 1604 3932 uiro
1642 3872 1709 3931 K
1726 3894 1793 3933 m.
1819 3882 1857 3932 2
2064 3878 2131 3932 15
2166 3878 2329 3931 tertio
2364 3876 2449 3930 K¹
2692 3872 2897 3942 uerum]

637 3954 784 4021 sacii'i
819 3967 870 4020 Z
1029 3968 1128 4037 est]
1168 3965 1260 4021 sed
1295 3966 1350 4020 Z
1507 3966 1574 4020 16
1603 3966 1715 4019 suis
1749 3982 1851 4021 om.
1888 3965 1943 4019 Z
2116 3980 2241 4017 nam
2278 3964 2351 4033 et]
2389 3964 2570 4016 manet
2605 3962 2660 4016 Z
2816 3960 2901 4013 est

636 4069 738 4108 om.
775 4053 830 4107 Z
964 4052 1031 4105 18
1065 4052 1279 4106 inlicita
1311 4051 1378 4106 K
1521 4052 1587 4106 19
1624 4052 1785 4106 inca:
1816 4052 1951 4117 i·K‚
1986 4050 2055 4105 ad
2090 4051 2139 4104 Z
2285 4052 2405 4103 tota
2442 4064 2538 4103 sua
2571 4049 2750 4102 aetate
2784 4046 2839 4099 Z

635 4139 706 4194 20
741 4136 1054 4192 admiranda
1087 4137 1330 4207 potentia
1366 4140 1449 4191 est
1483 4139 1534 4192 Z
1757 4138 1985 4207 plangas
2020 4136 2316 4204 corporales
2351 4136 2406 4189 Z
2621 4134 2690 4187 21
2726 4131 2901 4186 facili-

633 4224 770 4279 tatis
805 4226 860 4279 Z
1194 4224 1264 4279 22
1315 4228 1379 4279 ut
1411 4229 1468 4278 et
1501 4240 1600 4279 om.
1641 4225 1696 4278 Z
2031 4221 2190 4276 domo
2228 4222 2312 4275 K*
2331 4262 2345 4287 ,
2384 4221 2520 4275 dono
2556 4218 2725 4273 K²Zv

635 4316 705 4371 23
756 4311 1004 4366 homines
1056 4312 1111 4365 Z
1411 4310 1483 4365 24
1527 4326 1691 4379 quare
1719 4349 1734 4364 .
1774 4350 1788 4363 .
1832 4349 1845 4362 .
1880 4308 2139 4363 instituta
2202 4309 2327 4363 sunt
2380 4323 2481 4363 ont.
2535 4306 2597 4358 K
2605 4305 2695 4371 ΙΖ,
2771 4304 2903 4359 add.

634 4402 700 4456 in
731 4415 897 4469 mem-9.
933 4397 1022 4453 K'
1257 4397 1327 4453 25
1359 4413 1485 4452 nam
1521 4399 1576 4452 et
1609 4412 1643 4451 v
1870 4412 1935 4450 ex
1968 4410 2072 4451 om.
2108 4392 2202 4450 Kv
2454 4394 2540 4447 uir
2574 4408 2700 4447 suus
2734 4408 2769 4445 v

638 4490 902 4543 etum-v
