3217 5150
945 569 950 576 ·
1006 543 1096 597 Dc
1143 543 1655 612 Rebaptismate
1701 560 1743 597 c.
1781 544 1831 597 6.
2453 545 2545 610 77

296 718 398 760 one
441 701 612 760 etiam
657 701 912 761 ethnicos
957 706 1016 761 et
1061 703 1375 762 haereticos
1418 703 1719 763 abutentes
1749 720 1951 764 nomen
1981 695 2112 763 Iesu
2143 705 2434 764 credamus
2464 702 2537 759 ad

295 803 538 864 salutem
588 803 709 863 sine
761 821 896 864 uera
945 822 1006 865 re
1057 809 1228 892 atque
1283 805 1512 879 integra
1551 823 1715 879 posse
1760 807 2073 880 peruenire.
2120 824 2289 881 quam
2342 809 2536 866 tamen

297 907 711 966 inuocationem
752 908 992 967 nominis
1022 910 1153 968 Iesu
1199 909 1542 968 correctione
1571 909 1777 968 erroris
1808 913 1867 969 et
1898 909 2187 984 agnitione
2220 909 2350 968 fidei
2380 909 2535 968 ueri-

295 1010 434 1068 tatis
485 1013 546 1068 et
595 1009 820 1070 abscisa
870 1012 1022 1070 omni
1071 1010 1198 1071 labe
1241 1013 1584 1085 praeteritae
1630 1012 2075 1072 conuersationis
2118 1011 2389 1087 mysterio
2430 1011 2538 1070 Dei

257 1135 280 1173 ⁵
299 1111 450 1171 circa
489 1112 766 1171 eiusmodi
807 1113 1062 1174 homines
1103 1114 1213 1173 rite
1259 1117 1643 1187 perpetratam
1683 1114 1867 1174 locum
1910 1131 2075 1188 quem
2114 1114 2383 1173 habitura
2425 1132 2539 1173 non

296 1217 418 1274 erat
448 1216 702 1275 obtinere
732 1218 792 1276 et
821 1220 1102 1290 postremo
1133 1218 1194 1276 in
1223 1217 1332 1277 fide
1375 1219 1532 1277 recta
1561 1221 1621 1276 et
1650 1219 1723 1276 ad
1768 1219 2155 1292 integritatem
2186 1217 2339 1290 signi
2368 1233 2537 1291 prae-

295 1318 554 1377 standam
607 1336 720 1378 non
770 1320 966 1380 obesse
1023 1320 1414 1395 supplemento
1465 1320 1586 1380 eius
1641 1313 1801 1394 quod'
1832 1320 2027 1379 deerat
2065 1320 2367 1378 accedunto
2408 1336 2541 1394 per-

296 1438 464 1495 quam
517 1420 660 1480 utile
699 1425 786 1481 est
825 1422 1072 1495 credere,
1128 1425 1186 1483 et
1225 1425 1312 1482 tot
1353 1439 1626 1482 annorum
1668 1425 1863 1496 totque
1898 1423 2261 1482 ecclesiarum
2290 1421 2545 1495 itemque
2646 1493 2653 1500 ,

297 1523 678 1597 apostolorum
707 1526 766 1583 et
795 1524 1181 1598 episcoporum
1213 1525 1545 1585 auctoritati
1575 1543 1703 1584 cum
1733 1527 1881 1585 bona
1911 1524 2131 1584 ratione
2153 1523 2555 1597 adquiescere,

227 1645 281 1685 ιο.
297 1641 426 1684 cum
475 1625 554 1684 sit
603 1626 908 1685 maximum
947 1626 1360 1687 incommodum
1401 1643 1468 1686 ac
1509 1627 1868 1702 dispendium
1910 1625 2299 1686 sanctissimae
2328 1625 2541 1685 matris

298 1727 566 1788 ecclesiae
595 1729 868 1788 aduersus
908 1729 1098 1802 prisca
1137 1730 1398 1789 consulta
1425 1733 1554 1804 post
1583 1733 1672 1790 tot
1702 1730 2056 1791 saeculorum
2086 1732 2306 1788 tantam
2338 1728 2541 1788 seriem

296 1847 446 1889 nunc
496 1830 739 1904 primum
787 1834 1018 1904 repente
1059 1849 1126 1892 ac
1169 1833 1290 1892 sine
1331 1832 1549 1893 ratione
1591 1833 1905 1907 insurgere.
1953 1849 2055 1893 nec
2106 1833 2257 1892 enim
2309 1834 2543 1907 propter

299 1934 458 1992 aliud
499 1919 726 2007 Istrus,
773 1935 872 2008 qui
910 1936 1023 1996 iam
1063 1935 1251 1995 fuerat
1293 1937 1618 2010 baptizatus
1658 1939 1716 1996 et
1745 1936 1883 2011 quid
1934 1936 2172 1996 sentiret
2198 1935 2271 1995 de
2301 1935 2549 1996 Domino-

301 2036 376 2094 ab
407 2035 530 2110 ipso
558 2037 796 2098 Domino
826 2040 951 2097 erat
977 2039 1383 2113 interrogatus,
1427 2042 1486 2097 et
1513 2039 1759 2121 ueritate
1800 2037 2169 2098 reuelationis
2196 2037 2378 2112 patris
2408 2053 2540 2097 cae-

229 2163 282 2202 15
301 2139 466 2200 lestis
511 2140 574 2198 in
623 2157 751 2200 eum
801 2141 1094 2214 collocata,
1145 2143 1295 2216 quod
1333 2142 1610 2203 Dominus
1649 2144 1843 2202 noster
1891 2159 2003 2202 non
2047 2142 2229 2202 solum
2260 2140 2540 2213 Christus,

300 2260 496 2302 uerum
529 2243 702 2304 etiam
731 2244 884 2304 filius
914 2245 1020 2304 Dei
1049 2246 1170 2304 uiui
1193 2249 1350 2306 esset
1379 2245 1690 2318 confessae,
1720 2245 2075 2320 postmodum
2106 2245 2285 2304 eidem
2317 2243 2557 2304 Christo-

301 2348 654 2420 praedicanti
681 2349 751 2408 de
783 2365 888 2408 sua
933 2349 1192 2423 passione
1235 2349 1559 2423 refragatus
1606 2365 1729 2410 esse
1762 2352 2109 2410 monstratus
2138 2351 2246 2418 eet,
2279 2350 2338 2406 et
2366 2365 2539 2422 prop-

299 2453 456 2510 terea
509 2453 738 2511 satanas
794 2451 907 2511 dici
952 2456 1212 2512 ostensus
1254 2455 1360 2524 est,
1415 2453 1524 2512 nisi
1575 2453 1709 2526 quia
1756 2452 2012 2511 futurum
2065 2453 2190 2511 erat
2217 2455 2283 2510 ut
2312 2450 2543 2524 quidam

299 2554 530 2614 tametsi
578 2554 866 2615 uariantes
905 2555 966 2613 in
1007 2555 1291 2616 sententia
1339 2555 1570 2631 propria
1616 2558 1675 2615 et
1720 2554 2104 2615 claudicantes
2147 2553 2453 2628 aliquando
2482 2553 2543 2612 in

229 2676 283 2715 20
302 2655 412 2716 fide
441 2659 612 2731 atque
640 2658 912 2733 doctrina,
945 2676 1071 2718 cum
1101 2660 1162 2717 in
1190 2660 1414 2719 nomine
1440 2660 1574 2718 Iesu
1599 2657 2043 2733 baptizarentur,
2074 2661 2267 2717 tamen
2290 2658 2341 2717 si
2364 2658 2543 2717 inter-

301 2758 455 2819 uallo
506 2760 748 2834 quodam
772 2762 1066 2835 temporis
1123 2762 1466 2836 recorrigere
1517 2762 1576 2821 id
1627 2762 1971 2835 potuissent,
2022 2776 2135 2820 non
2180 2763 2483 2835 propterea
2510 2778 2545 2819 a

301 2862 486 2922 salute
516 2862 856 2937 exciderent,
905 2865 1006 2923 sed
1037 2866 1370 2939 quandoque
1399 2865 1793 2940 resipuissent,
1842 2865 2123 2938 integram
2152 2880 2311 2938 spem
2342 2862 2547 2922 salutis

300 2966 638 3040 paenitendo
685 2967 1022 3041 obtinerent,
1065 2968 1403 3042 praesertim
1433 2986 1560 3029 cum
1593 2967 1855 3042 spiritum
1890 2970 2166 3039 sanctum,
2217 2984 2326 3040 quo
2356 2966 2545 3039 bapti-

300 3068 418 3128 zari
431 3070 814 3143 unusquisque
836 3070 1124 3131 hominum
1139 3071 1326 3139 debet,
1349 3071 1690 3144 acciperent,
1709 3072 1746 3142 †
1758 3070 1974 3143 aliquid
1992 3069 2109 3129 tale
2128 3070 2543 3143 designassent,

230 3189 284 3229 25
303 3170 474 3230 sicuti
520 3189 633 3232 non
679 3174 862 3233 solum
891 3173 1123 3233 Petrum
1168 3176 1275 3235 hoc
1317 3192 1548 3249 passum
1589 3190 1713 3234 esse
1754 3174 1816 3231 in
1846 3174 2141 3247 euangelio
2171 3172 2545 3246 deprehendi-

303 3290 449 3347 mus,
478 3292 677 3335 uerum
709 3276 1004 3336 uniuersos
1031 3292 1250 3351 quoque
1281 3276 1608 3351 discianOS,
1642 3276 1849 3350 quibus
1876 3276 1987 3335 iam
2017 3275 2321 3349 baptizatis
2350 3278 2565 3349 postea-

301 3376 576 3438 Dominus
633 3378 716 3438 ait
782 3360 950 3454 quia
1012 3398 1138 3440 uos
1201 3397 1438 3440 omnes
1511 3378 2215 3440 scandalizabimini
2277 3379 2350 3437 in
2413 3395 2548 3437 me:

303 3481 404 3555 qui
446 3498 638 3541 omnes
679 3484 745 3541 ut
787 3482 1288 3543 animaduertimus
1330 3485 1580 3543 correcta
1618 3482 1733 3547 fide
1780 3481 1899 3541 sua'
1921 3486 2052 3555 post
2079 3481 2548 3541 resurrectionem

302 3583 531 3644 Domini
573 3584 636 3643 in
679 3584 886 3659 spiritu
927 3590 1120 3646 sancto
1165 3588 1299 3647 sunt
1327 3586 1623 3661 baptizati,
1654 3589 1721 3644 ut
1750 3602 1865 3645 non
1892 3584 2176 3645 immerito
2207 3586 2375 3645 hodie
2406 3601 2557 3659 quo-

231 3702 287 3742 ao
305 3703 415 3761 que
457 3689 752 3748 credamus
790 3686 1044 3748 homines
1087 3692 1366 3749 correctos
1406 3707 1442 3749 a
1481 3688 1723 3763 pristino
1769 3704 1958 3747 errore
2002 3688 2061 3746 in
2102 3687 2311 3761 spiritu
2354 3690 2564 3746 sancto·

301 3806 470 3865 posse
527 3790 823 3865 baptizari.
899 3790 996 3865 qui
1054 3808 1180 3851 cum
1237 3808 1387 3865 aqua
1444 3791 1872 3865 baptizarentur
1930 3791 1991 3850 in
2043 3790 2267 3851 nomine
2322 3788 2549 3849 Domini

303 3892 609 3967 aliquando
651 3894 909 3955 scabram
936 3895 1272 3955 habuissent
1301 3894 1486 3970 fidem,
1518 3894 1783 3969 quoniam
1812 3894 2057 3953 multum
2086 3894 2329 3952 interest
2355 3895 2552 3951 utrum

303 3996 366 4055 in
397 3999 580 4056 totum
609 3998 740 4072 quis
768 4016 882 4059 non
911 3998 988 4058 sit
1015 3997 1340 4071 baptizatus
1369 3998 1430 4057 in
1451 3998 1677 4059 nomine
1700 3997 1926 4057 Domini
1958 3996 2138 4057 nostri
2157 3997 2289 4055 Iesu
2314 3994 2550 4067 Christi,

443 4198 510 4253 15
544 4198 613 4253 cf.
647 4198 849 4254 Matth.
889 4200 970 4263 16,
1007 4200 1086 4254 16.
1296 4198 1362 4254 27
1397 4198 1564 4267 Μαι-6.,
1602 4200 1682 4263 14,
1717 4198 1802 4253 27.

439 4386 508 4441 32
555 4386 842 4457 aliquando
894 4388 1196 4453 Baluzius,
1249 4388 1428 4457 aliquo
1483 4390 1538 4457 (ι’.
1579 4404 1623 4444 e.
1661 4387 2019 4455 aliquatenus)
2068 4388 2205 4441 coni.
2260 4383 2565 4454 Riqaltius,

299 4472 522 4543 aliquod
555 4474 668 4530 cod,
693 4473 724 4528 2
