3217 5150
306 817 353 882 4
396 816 732 902 Cyprianus
756 813 1057 882 Caecilius
1088 864 1103 880 .
1131 865 1146 879 .
1172 814 1542 896 Pomponio:
1574 815 1869 900 Legimus
1892 815 2135 882 litteras
2155 817 2296 884 tuas

544 928 740 994 frater
770 927 1083 992 carissime
1113 945 1265 1008 quas
1292 945 1403 1010 per
1431 926 1768 991 Paconium
1841 975 2292 993 .....

298 1041 342 1108 5
389 1039 729 1124 Cyprianus
780 1038 1155 1122 presbyteris
1208 1039 1270 1103 et
1320 1038 1711 1104 diaconibus:
1763 1037 1978 1104 Saluto
2028 1058 2139 1105 uos
2190 1040 2290 1106 in-

551 1150 811 1216 columis
896 1201 909 1214 .
1001 1198 1016 1213 .
1106 1201 1121 1216 .
1212 1171 1253 1214 .·
1316 1199 2285 1216 ..........

306 1264 347 1329 6
392 1260 729 1345 Cyprianus
759 1259 971 1345 Sergio
1000 1263 1064 1325 et
1092 1261 1468 1345 Rogatiano:
1512 1261 1730 1327 Saluto
1771 1280 1879 1328 uos
1911 1262 1955 1326 f.
1988 1283 2038 1328 c.
2073 1264 2288 1346 optans

304 1375 340 1438 7
388 1373 725 1458 Cyprianus
754 1373 1126 1457 presbyteris
1149 1374 1213 1438 et
1236 1372 1625 1439 diaconibus:
1657 1371 1873 1439 Saluto
1903 1393 2014 1440 uos
2036 1373 2078 1439 f.
2103 1394 2151 1440 c.
2177 1393 2286 1458 per

306 1488 346 1552 8
476 1489 508 1551 a
595 1489 626 1550 a
714 1469 1129 1551 :Didicimus'
1205 1534 1218 1548 .
1311 1536 1325 1549 .
1408 1501 1415 1509 ·
1420 1535 2284 1552 .........

301 1601 342 1665 9
387 1585 728 1681 Cyprianus
772 1595 1145 1680 presbyteris
1193 1598 1257 1662 et
1302 1596 1660 1662 diaconibus
1701 1598 1964 1664 Romae:
2013 1596 2168 1664 Cum
2212 1599 2288 1664 de

547 1727 793 1774 excessu
893 1756 2286 1776 ..............

258 1823 343 1887 10
385 1820 722 1906 Cyprianus
752 1821 1133 1904 martyribus
1164 1823 1228 1886 et
1256 1819 1733 1887 confessoribus.
1765 1821 1992 1886 Exulto
2017 1821 2217 1888 laetus
2264 1874 2278 1888 .

257 1933 335 1998 11
367 1931 705 2016 Cyprianus
735 1932 1112 2038 presbyteris
1143 1933 1206 1998 et
1236 1932 1630 1998 diaconibus,
1676 1930 2065 2017 Quamquam
2095 1934 2288 1999 sciam

546 2043 587 2108 f.
626 2065 676 2110 c.
710 2062 818 2127 pro
894 2093 2284 2111 ..............

255 2155 339 2221 12
382 2153 721 2239 Cyprianus
750 2141 1122 2239 presbyteris
1154 2156 1218 2220 et
1246 2155 1634 2222 diaconibus,
1677 2155 2065 2239 Quamquam
2095 2159 2288 2224 sciam

538 2284 647 2332 uos
765 2316 2280 2335 ...............

256 2379 337 2445 13
380 2377 717 2462 Cyprianus
744 2380 1086 2464 Rogatiano
1116 2381 1505 2465 presbytero:
1536 2380 1622 2445 Et
1649 2381 1778 2445 iam
1806 2381 2048 2463 pridem
2159 2431 2172 2444 .
2265 2431 2278 2444 .

256 2490 338 2555 14
381 2489 723 2574 Cyprianus
752 2491 1128 2576 presbyteris
1159 2493 1223 2558 et
1252 2493 1554 2558 diaconis:
1586 2491 1963 2577 Optaueram
2054 2544 2066 2557 .
2156 2545 2170 2559 .

253 2603 335 2669 15
378 2600 719 2686 Cyprianus
749 2604 1125 2687 martyribus
1156 2607 1219 2670 et
1252 2604 1730 2671 confessoribus:
1769 2603 2134 2673 Sollicitudo

252 2713 332 2777 16
378 2712 718 2797 Cyprianus
747 2715 1125 2798 presbyteris
1154 2717 1219 2781 et
1249 2716 1555 2782 diaconis:
1587 2716 1716 2781 Diu
1742 2718 2167 2832 patientiam.

250 2826 328 2890 17
376 2824 715 2909 Cyprianus
745 2826 1089 2892 fratribus
1072 2848 1137 2892 1n
1166 2828 1374 2909 plebe:
1406 2828 1832 2913 Ingemescere
1943 2878 1956 2892 .
2048 2879 2062 2894 .
2156 2879 2169 2894 .
2261 2880 2274 2893 .

248 2937 329 3002 18
375 2936 713 3021 Cyprianus
740 2938 1114 3023 presbyteris
1144 2941 1209 3005 et
1238 2940 1625 3006 diaconibus.
1657 2940 1853 3005 Miror
1941 2991 1954 3005 .
2045 2993 2058 3006 .
2153 2990 2167 3004 .

249 3048 331 3116 19
376 3048 717 3133 Cyprianus
734 3050 1109 3133 presbyteris
1122 3053 1186 3116 et
1202 3050 1587 3117 diaconibus,
1613 3052 1767 3138 Legi
1784 3054 2028 3119 litteras
2045 3054 2282 3119 uestras

534 3161 577 3225 f.
612 3181 662 3227 c.
694 3162 917 3245 quibus
985 3211 2275 3229 .............

250 3272 338 3337 20
380 3270 721 3356 Cyprianus
761 3274 1137 3357 presbyteris
1183 3276 1247 3340 et
1276 3276 1636 3343 diaconibus
1666 3276 1928 3341 Romae:
1975 3276 2280 3357 Quoniam

536 3386 780 3468 conperi
876 3434 2276 3453 ..............

245 3494 327 3558 21
348 3514 357 3523 ’
375 3492 688 3560 Celerinus
717 3495 1017 3561 Luciano:
1050 3496 1219 3562 Haec
1250 3517 1391 3563 cum
1422 3498 1543 3563 tibi
1625 3546 2274 3564 .......

244 3605 329 3671 22
370 3605 679 3672 Lucianus
705 3604 1011 3673 Celerino:
1044 3607 1273 3691 Accepi
1299 3608 1546 3675 litteras
1570 3610 1714 3675 tuas
1739 3610 1985 3675 domine
2047 3661 2060 3674 .
2153 3661 2166 3674 .

242 3828 329 3895 24
372 3827 704 3894 Caldonius
734 3828 1065 3913 Cypriano:
1099 3830 1449 3896 Necessitas
1478 3832 1776 3915 temporis
1835 3880 2274 3896 .....

244 3940 330 4005 25
375 3937 714 4022 Cyprianus
744 3938 1066 4007 Caldonio:
1099 3942 1471 4026 Accepimus
1501 3943 1746 4009 litteras
1836 3992 1849 4005 .
1923 3995 1953 4011 ,.
2049 3994 2060 4005 .
2156 3995 2169 4010 .
2261 3996 2275 4009 .

243 4051 329 4116 26
374 4051 713 4136 Cyprianus
741 4032 1117 4138 presbyteris
1149 4056 1211 4120 et
1239 4054 1630 4120 diaconibus:
1672 4055 1975 4120 Dominus
2003 4056 2278 4138 loquitur

242 4162 325 4228 27
373 4162 713 4247 Cyprianus
753 4165 1128 4249 presbyteris
1172 4169 1233 4231 et
1262 4166 1622 4232 diaconibus
1653 4167 1912 4231 Romae.
1957 4166 2166 4232 Factis
2200 4168 2280 4232 ad

532 4295 641 4342 uos
672 4277 901 4346 litteris
933 4276 1061 4363 (uel
1090 4278 1243 4343 Post
1271 4278 1638 4364 factas...)
1731 4328 1745 4341 .
1839 4330 1852 4343 .
1943 4328 1957 4344 .
2049 4328 2062 4343 .

242 4384 328 4451 28
373 4384 710 4469 Cyprianus
740 4389 941 4474 Moysi
972 4392 1036 4456 et
1062 4390 1333 4456 Maximo
1374 4391 1779 4475 presbyteris:
1823 4389 2100 4457 Gloriam
2132 4330 2277 4457 iidei

1980 4495 2021 4558 h
2047 4496 2083 4534 8

2378 927 2508 993 472

2375 1711 2506 1777 488

2371 1823 2506 1888 490

2372 2044 2504 2112 495

2373 2271 2504 2337 502

2370 2381 2501 2447 504

2261 2546 2274 2559 .
2368 2495 2498 2561 509

2262 2659 2275 2672 .
2365 2608 2500 2673 513
2565 2616 2568 2619 ’

2261 2768 2275 2783 .
2362 2717 2490 2783 517

2367 2831 2492 2897 521

2366 2942 2500 3008 523

2369 3164 2504 3231 525

2367 3344 2496 3483 527

2366 3501 2494 3567 529

122 3698 141 3802 ‚-
242 3717 329 3782 23
374 3716 662 3782 Vniuersi
693 3718 1063 3783 confessores
1095 3718 1427 3803 Cypriano:
1460 3720 1630 3785 Scias
1661 3738 1770 3785 nos
1841 3710 1878 3783 .—
1943 3770 1959 3786 ο
2050 3770 2065 3784 .
2155 3772 2168 3785 θ
2262 3770 2276 3784 .
2364 3612 2498 3678 533

2365 3722 2499 3787 536

2365 3832 2493 3899 536

2365 3945 2496 4010 538

2363 4057 2492 4125 539

2363 4281 2494 4347 540

2362 4392 2495 4459 545
