3217 5150
631 532 714 592 56
1579 522 1927 590 Appendix

633 683 802 742 Petro
855 683 952 740 sed
983 686 1042 740 et
1092 681 1294 742 ceteris
1345 681 1641 754 discipulis
1687 682 1805 740 suis
1834 683 2071 741 mandat
2100 681 2324 741 diceus:
2370 684 2629 740 euntes
2672 698 2893 740 euan-

632 785 952 858 gelizate
1019 785 1392 858 gentibus,
1460 785 1941 858 baptizantes
2006 803 2125 846 eos
2168 786 2240 844 in
2294 785 2577 844 nomine
2642 785 2889 858 patris

631 890 703 945 et
747 887 906 946 filii
948 891 1017 946 et
1061 888 1374 960 spiritus
1419 888 1675 947 sancti.
1722 890 1828 947 hoc
1876 891 1985 960 est,
2038 892 2105 947 ut
2156 889 2386 948 trinitas
2438 888 2539 946 illa
2588 905 2733 962 quae
2780 889 2891 947 sub

631 990 752 1050 Noe
799 1007 900 1062 per
951 991 1266 1050 columbam
1317 990 1638 1065 figuraliter
1690 995 1923 1066 operata
1952 995 2045 1050 est
2073 992 2215 1050 haec
2242 1009 2391 1050 nunc
2422 991 2483 1050 in
2512 991 2755 1050 ecclesia
2782 1007 2888 1064 per

632 1109 734 1150 nos
764 1091 1099 1165 spiritaliter
1127 1095 1406 1165 operetur.
2904 1107 2929 1144 ⁵

574 1196 614 1252 4
719 1195 1014 1254 Sumamus
1071 1196 1185 1254 iam
1241 1215 1390 1256 nunc
1441 1199 1502 1256 et
1559 1196 1865 1255 secundam
1924 1214 2221 1271 personam
2279 1197 2571 1256 columbae
2626 1214 2693 1255 ex
2752 1213 2887 1256 arca

630 1297 868 1358 emissae
918 1298 1119 1358 diluuii
1171 1300 1391 1360 scilicet
1443 1303 1715 1373 tempore,
1766 1302 1989 1376 quando
2036 1319 2229 1361 omues
2258 1301 2450 1376 abyssi
2480 1304 2883 1374 proruperunt,

630 1401 850 1471 quaudo
880 1403 1198 1461 cataractae
1229 1401 1372 1462 caeli
1402 1403 1725 1476 patefactae
1756 1407 1891 1464 suut
1914 1421 2087 1478 super
2108 1407 2339 1476 terram,
2374 1407 2606 1477 propter
2626 1403 2881 1462 facinora

631 1501 919 1562 homiuum
949 1523 1094 1578 quae
1123 1507 1328 1564 cotidie
1351 1508 1753 1567 excrescebant
1775 1525 1963 1568 coram
1988 1508 2243 1579 Domino,
2278 1507 2427 1566 sicut
2448 1507 2675 1581 Moyses
2704 1505 2885 1564 dixit:

629 1609 700 1664 et
741 1607 932 1665 uidit
976 1608 1320 1668 Dominus
1366 1609 1554 1669 Deus
1599 1612 2052 1672 redundasse
2096 1611 2479 1684 nequitias
2524 1609 2963 1670 hominunm

631 1725 846 1782 super
911 1715 1178 1770 terram
1233 1715 1304 1770 et
1358 1714 1544 1786 quod
1597 1732 1837 1775 omnes
1882 1716 1951 1774 in
1996 1716 2255 1774 malum
2312 1713 2892 1773 recordarentur

629 1829 664 1868 a
705 1812 1076 1885 principio
1121 1813 1394 1874 dierum
1440 1833 1757 1889 suorum,
1804 1820 1873 1876 et
1918 1818 2070 1877 dixi
2093 1820 2147 1877 t:
2196 1818 2487 1890 perdam
2530 1815 2889 1876 hominem

630 1931 830 1986 quem
885 1914 1027 1974 feci
1071 1935 1106 1974 a
1149 1915 1342 1976 facie
1395 1921 1673 1990 terrae,
1748 1921 1833 1978 ab
1888 1920 2171 1980 homine
2226 1936 2455 1994 usque
2514 1921 2597 1978 ad
2640 1934 2883 1992 pecus,

631 2020 702 2074 et
745 2035 780 2074 a
833 2019 1238 2092 reptilibus
1299 2039 1520 2100 usque
1577 2025 1663 2081 ad
1721 2023 2081 2083 uolatilia
2136 2023 2342 2082 caeli.
2412 2022 2697 2081 emittitur
2750 2035 2886 2094 ergo

630 2121 881 2194 tempore
911 2123 1238 2197 cataclysmi
1269 2125 1530 2184 columba
1559 2143 1629 2184 ex
1659 2143 1793 2184 arca
1832 2127 1999 2200 aquis
2042 2127 2320 2186 uiolenter
2348 2129 2469 2184 toto
2501 2125 2634 2184 orbe
2670 2127 2887 2182 terram
2906 2144 2959 2181 ιι

631 2222 1054 2284 infestantibus.

579 2324 615 2383 5
719 2326 830 2386 ma
859 2345 990 2387 arca
1017 2329 1256 2404 figuram
1289 2331 1576 2404 ecclesiae,
1626 2333 1773 2391 sicut
1817 2334 2075 2407 superius
2114 2333 2359 2392 diximus
2378 2377 2392 2404 ‚
2424 2330 2711 2405 portabat,
2742 2343 2889 2401 quae

635 2431 1041 2492 uerberabatur
1083 2434 1218 2493 hinc
1265 2437 1436 2508 atque
1479 2435 1611 2494 inde
1654 2437 1819 2510 aquis
1866 2435 2298 2509 insurgentibus
2338 2436 2582 2494 tantum.
2630 2431 2885 2510 catacly-

644 2551 802 2594 smus
831 2551 966 2610 ergo
995 2536 1096 2596 ille
1127 2537 1224 2611 qui
1259 2539 1364 2597 sub
1405 2537 1526 2598 Noe
1573 2539 1759 2599 factus
1790 2543 1881 2599 est
1910 2540 2147 2614 figuram
2177 2535 2587 2614 persecutionis
2614 2553 2758 2611 quae
2786 2549 2891 2609 per

643 2640 824 2699 totum
865 2641 1056 2701 orbem
1099 2659 1248 2702 nuuc
1289 2659 1468 2715 nuper
1499 2644 1853 2717 supereffusa
1892 2644 2161 2703 ostendit.
2208 2642 2375 2716 aquis
2413 2644 2603 2701 autem
2644 2638 2965 2711 diruptis„

643 2744 947 2803 cataractis
979 2746 1225 2819 undique
1255 2746 1723 2805 conuenientibus
1768 2751 1827 2806 et
1856 2747 2313 2807 excrescentibus
2358 2744 2719 2819 significabat
2748 2757 2891 2815 gen-

641 2846 732 2903 tes
785 2864 928 2919 quae
981 2849 1054 2906 ad
1107 2851 1440 2908 uastandam
1491 2849 1791 2909 ecclesiam
1853 2853 2241 2908 excreuerunt.
2309 2848 2461 2907 sicut
2512 2844 2891 2921 Apocalypsis

637 2948 800 3008 docet
853 2949 1077 3009 dicens:
1139 2970 1362 3025 aquas
1420 2969 1596 3032 quas
1656 2952 1921 3011 uidisti
1981 2953 2237 3025 populi
2290 2954 2461 3011 sunt
2504 2954 2576 3009 et
2630 2952 2891 3024 gentes

631 3056 700 3112 et
737 3069 980 3128 regna.
1029 3054 1286 3114 columba
1316 3058 1506 3115 autem
1537 3055 1643 3114 ina
1666 3072 1809 3129 quae
1834 3056 2074 3129 pedibus
2106 3056 2225 3113 suis
2256 3054 2509 3128 requiem
2536 3054 2745 3112 habere
2776 3068 2889 3111 non

635 3159 860 3231 poterat
899 3158 1188 3231 lapsorum
1217 3159 1522 3233 imaginem
1553 3160 1839 3231 portabat,
1872 3157 1971 3231 qui
2002 3158 2337 3219 inmemores
2370 3156 2691 3215 diuinarum
2717 3173 2883 3229 prae-
2904 3176 2957 3215 τε

634 3261 978 3320 dicationum
1029 3262 1122 3320 uel
1176 3262 1513 3334 simpliciter
1571 3262 1901 3335 ignorantes
1955 3262 2045 3320 uel
2106 3261 2394 3320 audaciter
2452 3260 2883 3319 dissimulantes

633 3364 983 3425 ceciderunt:
1032 3382 1270 3438 quorum
1299 3366 1522 3424 ruinam
1553 3365 1829 3425 Dominus
1858 3366 1919 3424 iu
1948 3365 2242 3439 euangelio
2284 3365 2535 3423 suturam
2567 3363 2660 3421 his
2690 3361 2883 3421 uerbis

631 3468 1057 3541 significauerat
1109 3468 1334 3527 dicens:
1395 3469 1516 3541 qui
1561 3468 1767 3528 audit
1822 3469 2045 3527 uerba
2088 3485 2239 3527 mea
2284 3470 2353 3525 et
2396 3484 2531 3525 non
2576 3464 2765 3524 facit
2810 3481 2887 3523 ea

841 3686 868 3738 1
917 3684 1110 3739 Mat-th.
1160 3686 1244 3747 28,
1293 3686 1370 3737 19.
1585 3686 1653 3738 10
1698 3684 1823 3738 Gen.
1872 3685 1919 3747 6,
1971 3684 2125 3738 5-7.
2340 3684 2409 3735 23
2456 3683 2617 3751 Apoc.
2674 3682 2757 3744 17,
2805 3682 2886 3736 15.

634 3771 701 3825 28
739 3770 934 3824 Matth.
977 3773 1024 3833 7,
1057 3771 1141 3824 26.
1179 3772 1264 3823 27.

769 3942 803 3993 3
839 3944 1059 3996 trinitas
1097 3942 1170 4004 K,
1207 3942 1434 3995 temitas
1469 3960 1502 3997 v
1738 3944 1771 3994 5
1806 3958 1903 3995 nos
1940 3941 2014 3995 K.
2055 3942 2150 3993 hos
2186 3958 2219 3995 v
2446 3942 2694 4009 operatur
2730 3938 2817 3992 K·

633 4028 666 4079 6
703 4043 853 4081 arcae
887 4030 1080 4081 missae
1119 4028 1180 4081 K
1329 4030 1364 4082 8
1399 4044 1553 4097 super
1587 4031 1784 4081 terram
1820 4044 1905 4080 om
1958 4026 2019 4079 K
2170 4028 2203 4079 9
2240 4026 2607 4080 excrescebant
2630 4026 2703 4089 K,
2742 4040 2891 4078 exer-

633 4112 826 4165 cebant
859 4130 890 4167 c·
1081 4116 1148 4167 10
1180 4114 1470 4168 redundare
1505 4132 1538 4167 v
1738 4113 1803 4166 14
1838 4113 2020 4181 reptili
2058 4128 2087 4165 v
2294 4114 2357 4166 17
2396 4112 2655 4166 ediximus
2691 4112 2757 4163 K

635 4198 701 4251 18
736 4200 917 4268 atque]
957 4216 1048 4268 aq:
1089 4200 1152 4253 K
1351 4200 1420 4253 20
1454 4200 1621 4255 effusa-
1657 4200 1723 4251 K
1898 4214 2061 4266 aquas
2100 4200 2181 4252 K¹
2354 4199 2627 4267 disruptas
2662 4196 2747 4251 ,Κι

631 4284 699 4338 21
736 4285 1178 4353 significabantur
1211 4304 1244 4341 v
1507 4287 1576 4339 23
1610 4285 1789 4339 dicens
1824 4284 1977 4338 docet
2013 4286 2079 4337 K
2106 4286 2202 4339 sed
2237 4284 2414 4340 dicens
2450 4302 2521 4339 ex
2553 4284 2745 4339 docens

633 4386 802 4439 aquae
837 4388 868 4425 v
1039 4372 1108 4427 24
1141 4374 1240 4427 illa
1275 4390 1373 4428 om.
1411 4390 1444 4428 v
1616 4372 1685 4425 25
1720 4370 2177 4439 praedicationum
2213 4374 2279 4425 K
2308 4374 2428 4435 Er..
2463 4370 2887 4439 praedictionum

633 4456 774 4511 coni.
815 4458 1092 4515 Panaetius
1385 4459 1455 4513 26
1489 4457 1738 4511 audacter
1772 4474 1804 4509 v
2092 4459 2158 4512 27
2194 4459 2438 4513 dominus
2472 4458 2683 4511 ruinam
2716 4473 2750 4511 υ
