3217 5150
2438 546 2533 593 XV

279 679 567 746 uideatur
618 679 804 762 atque
849 678 926 745 de
973 678 1346 745 auctoritate
1392 680 1525 745 eius
1572 681 1636 745 et
1672 680 1910 745 uirtute
1954 675 2301 747 accuratius
2347 699 2535 764 quam

287 794 472 858 antea
513 791 713 873 possit
753 788 1034 857 iudicari.
1088 810 1211 874 qua
1252 792 1330 857 de
1359 812 1428 857 re
1453 792 1667 874 paullo
1714 791 2011 874 prolixius
2053 792 2179 858 iam
2228 793 2537 877 agendum

277 905 397 983 est,
450 904 597 987 quia
646 903 994 985 permultae
1047 902 1274 969 codicis
1323 902 1693 969 Veronensis
1746 902 2088 985 scripturae
2141 904 2535 985 speciosiores

277 1035 466 1099 quarn
520 1015 788 1081 ueriores
841 1034 998 1098 quae
1042 1015 1108 1080 in
1153 1015 1329 1080 textu
1379 1014 1796 1080 retinerentur
1845 1033 1967 1079 non
2018 1013 2392 1081 uidebantur
2440 1016 2538 1081 in-

281 1128 536 1213 dignam
580 1126 952 1201 redundabit
994 1126 1186 1191 etiam
1226 1144 1348 1191 non
1389 1126 1550 1191 nihil
1580 1126 1661 1191 ad
1690 1124 1929 1193 codices
1960 1125 2113 1191 duos
2142 1126 2537 1210 perantiquos

274 1235 326 1302 C
343 1237 408 1302 et
421 1236 479 1302 R
499 1237 663 1303 recte
687 1237 1122 1315 aestimandos,
1153 1238 1231 1302 de
1255 1236 1480 1320 quibus
1503 1236 1570 1302 in
1591 1236 1789 1302 altera
1811 1238 2164 1320 quaestione
2186 1238 2538 1321 disputabi-

285 1348 405 1412 tur.
441 1348 626 1430 atque
655 1349 902 1432 utquid
934 1348 1092 1413 mihi
1122 1348 1410 1413 uideatur
1439 1348 1704 1432 ingenue
1732 1349 1950 1428 fatear,
1982 1347 2351 1416 Veronensis
2380 1350 2540 1416 liber

281 1460 644 1526 correctoris
673 1479 931 1526 manum
961 1478 1084 1525 non
1114 1460 1352 1525 indocti
1383 1460 1637 1546 eiusque
1666 1461 2066 1527 audacissimi
2095 1462 2379 1545 expertus
2410 1464 2537 1527 est:

285 1589 707 1655 quaecumque
750 1572 1166 1658 inelegantius
1213 1573 1383 1638 dicta
1424 1572 1525 1638 uel
1567 1572 1887 1639 obscurius
1924 1574 2167 1658 prolata
2208 1572 2333 1658 ipsi
2362 1573 2539 1638 uide-

279 1682 526 1763 bantur,
572 1684 908 1766 explicauit
943 1683 1178 1750 deleuit
1220 1684 1503 1764 correxit,
1549 1684 1895 1769 singulares
1937 1685 2237 1771 formulas
2281 1686 2361 1751 ad
2390 1704 2539 1751 ana-

282 1794 488 1879 logiae
527 1796 809 1879 regulam
850 1796 1186 1874 reuocauit,
1228 1795 1456 1860 uitiose
1498 1796 1809 1879 descripta
1838 1815 1995 1880 quae
2022 1796 2384 1862 inueniebat
2412 1798 2541 1861 tra-

277 1905 454 1970 ditae
492 1906 838 1990 scripturae
879 1907 1170 1991 uestigiis
1211 1924 1332 1971 non
1373 1906 1553 1972 anxie
1582 1908 1811 1990 pressis
1843 1908 2216 1973 emendauit.
2262 1909 2542 1992 exempla

281 2016 436 2083 haec
465 2018 716 2084 subieci.

610 2205 772 2261 lectio
795 2221 925 2259 uera
948 2206 1065 2259 rell.
1093 2204 1238 2259 codd.
1696 2204 2027 2259 coniecturae
2050 2204 2402 2259 Veronensis..

382 2332 437 2386 p.
498 2320 615 2384 25,5
677 2322 868 2373 nostra
890 2333 1026 2372 uoce
1051 2324 1103 2372 et
1126 2321 1370 2378 oratione
1644 2332 1758 2370 non
1794 2322 1985 2370 nostra
2019 2331 2151 2370 uoce
2185 2316 2281 2370 sed
2306 2332 2436 2385 ope-

1648 2411 1865 2464 ratione

382 2522 433 2574 p.
497 2510 617 2570 31,6
675 2506 932 2577 maqistro
957 2512 1010 2559 et
1034 2506 1135 2562 deo

380 2617 435 2668 p.
462 2604 616 2665 230,8
676 2601 856 2670 adque
886 2602 985 2656 hoe
1007 2604 1128 2670 ipso
1149 2607 1466 2674 ampliorem
1509 2593 1520 2604 ’

670 2702 1034 2750 consecuntur
1049 2697 1183 2764 fidei
1197 2716 1328 2756 suae
1340 2703 1462 2757 law-

671 2788 794 2846 dem
826 2791 974 2859 quod
1007 2793 1077 2846 ab
1114 2809 1300 2849 eorum
1327 2813 1460 2865 per-

671 2883 811 2947 fidia
851 2887 1120 2956 seyreyati
1152 2889 1249 2956 qui
1283 2890 1466 2946 iuncti

675 2979 1032 3045 confessionis
1048 2984 1320 3037 consortio
1336 2983 1464 3049 fue-

669 3077 807 3127 runt
850 3089 887 3126 a
927 3077 1176 3146 contaqio
1223 3079 1471 3134 criminis

671 3175 1012 3222 recesserunt

383 3273 432 3327 p.
461 3263 616 3324 231,8
663 3262 820 3329 plebs
853 3279 970 3316 una
996 3264 1058 3316 in
1080 3263 1310 3319 solidam
1344 3283 1462 3321 eor-

667 3355 818 3422 poris
850 3358 1112 3412 ueritatem
1141 3361 1466 3415 concordiae

665 3450 880 3518 ylutino
903 3454 1160 3521 copulata

383 3557 435 3610 p.
461 3545 613 3608 653,5
673 3543 742 3598 de
775 3545 859 3599 his
891 3547 1103 3603 iudicat
1137 3550 1470 3604 occultorum

672 3645 948 3693 scrutator
989 3647 1039 3695 et
1077 3644 1320 3713 coquitor
1362 3644 1469 3698 cito

670 3740 942 3788 uentum-us
960 3741 1012 3789 et
1024 3735 1092 3789 cle
1102 3738 1327 3791 arcanis
1346 3753 1464 3791 cor-

676 3827 764 3882 dis
799 3828 979 3897 adque
1012 3831 1214 3885 abditis
1252 3832 1468 3886 iudiea-

680 3927 842 3976 turus

383 4032 434 4085 p.
461 4020 616 4082 660,4
672 4015 884 4081 sufficit
953 4016 1028 4070 ad
1094 4020 1463 4074 testimonium

668 4111 926 4180 martyrii
947 4112 1039 4164 sui
1063 4113 1213 4166 testis
1235 4113 1331 4168 ille

387 4219 438 4272 p.
465 4207 652 4269 665,22
678 4205 770 4260 dei
805 4206 1098 4260 desertores
1141 4213 1240 4261 aul
1277 4215 1470 4264 contra

672 4301 834 4370 deum
858 4300 1092 4355 rebelles.
1120 4301 1186 4355 cf.
1216 4306 1365 4368 ⁷54,1

1644 2521 1763 2560 non
1784 2506 2044 2576 mayistro
2067 2503 2161 2558 sed
2186 2504 2286 2559 deo

1649 2607 1815 2670 atque
1864 2602 1961 2656 hoc
2006 2601 2127 2670 ipso
2180 2601 2440 2654 maiorem

1650 2701 2057 2764 consequuntur
2119 2693 2252 2760 fidei
2308 2709 2443 2748 suae

1646 2791 1867 2844 laudem
1917 2791 2079 2844 immo
2126 2789 2443 2857 ampliorem

1650 2903 1699 2955 q.
1727 2903 1778 2939 a.
1806 2902 1847 2939 e.
1866 2901 1927 2954 p.
1951 2884 2220 2954 seyreyati
2248 2883 2443 2954 quibus

1650 2981 1832 3035 iwncti
1855 2982 1954 3034 etc.

1642 3263 1797 3332 plebs
1831 3279 1951 3317 una
1977 3264 2041 3316 in
2062 3263 2293 3318 solidam
2328 3278 2444 3318 eor-

1643 3359 1801 3426 poris
1834 3357 2151 3424 firmitatem
2174 3375 2217 3412 c.
2242 3374 2289 3428 9.
2320 3373 2364 3411 c.

1657 3547 1935 3602 dominus-
1968 3552 2153 3600 autem
2209 3545 2444 3600 occulto-

1652 3657 1777 3695 rum
1809 3646 2087 3695 scrutator
2120 3646 2173 3694 et
2206 3641 2448 3710 cmiter

1664 3742 1742 3788 est
1797 3737 1904 3789 cito
1959 3739 2233 3789 uenturus
2281 3740 2332 3788 et
2379 3733 2447 3788 de

1655 3830 1881 3883 areanis
1905 3831 2003 3883 etc.

1646 4017 1857 4084 sufficit
1931 4016 2007 4071 ad
2076 4017 2448 4071 testimonium

1650 4113 1905 4182 martyrii
1927 4112 2018 4166 sui
2039 4111 2133 4166 ille

1656 4206 1747 4260 dei
1804 4207 2103 4260 desertores
2162 4211 2263 4260 aut
2317 4222 2445 4261 con·

1654 4307 1745 4355 tra
1789 4299 2065 4356 (Hm-istum
2102 4301 2338 4356 rebelles.
2376 4300 2443 4356 cf.

1658 4399 1845 4460 essm

2578 1365 2838 1409 Veronensis

2578 1435 2830 1479 auotoritas.
