<?xml version="1.0" encoding="UTF-8"?>
<!DOCTYPE html PUBLIC "-//W3C//DTD XHTML 1.0 Transitional//EN"
    "http://www.w3.org/TR/xhtml1/DTD/xhtml1-transitional.dtd">
<html xmlns="http://www.w3.org/1999/xhtml" xml:lang="en" lang="en">
 <head>
  <title>
</title>
<meta http-equiv="Content-Type" content="text/html;charset=utf-8" />
  <meta name='ocr-system' content='tesseract 3.04.00' />
  <meta name='ocr-capabilities' content='ocr_page ocr_carea ocr_par ocr_line ocrx_word'/>
</head>
<body>
  <div class='ocr_page' id='page_1' title='image "./corpusscriptoru29wissgoog_0052.png"; bbox 0 0 3217 5150; ppageno 0'>
   <div class='ocr_carea' id='block_1_1' title="bbox 595 544 1907 614">
    <p class='ocr_par' dir='ltr' id='par_1_1' title="bbox 595 544 1907 614">
     <span class='ocr_line' id='line_1_1' title="bbox 595 544 1907 614; baseline -0.002 -14"><span class='ocrx_word' id='word_1_1' title='bbox 595 549 676 614; x_wconf 74' lang='lat'><strong>46</strong></span> <span class='ocrx_word' id='word_1_2' title='bbox 1535 544 1907 614; x_wconf 82' lang='lat' dir='ltr'><strong>Appendix.</strong></span> 
     </span>
    </p>
   </div>
   <div class='ocr_carea' id='block_1_2' title="bbox 494 701 2935 2843">
    <p class='ocr_par' dir='ltr' id='par_1_2' title="bbox 592 701 2899 1297">
     <span class='ocr_line' id='line_1_2' title="bbox 593 701 2857 779; baseline 0.002 -15"><span class='ocrx_word' id='word_1_3' title='bbox 593 704 785 765; x_wconf 86' lang='lat' dir='ltr'><strong>occisi.</strong></span> <span class='ocrx_word' id='word_1_4' title='bbox 829 721 982 765; x_wconf 91' lang='lat' dir='ltr'><strong>mors</strong></span> <span class='ocrx_word' id='word_1_5' title='bbox 1028 703 1238 779; x_wconf 89' lang='lat' dir='ltr'><strong>quippe</strong></span> <span class='ocrx_word' id='word_1_6' title='bbox 1279 704 1647 778; x_wconf 75' lang='lat' dir='ltr'>integriorem</span> <span class='ocrx_word' id='word_1_7' title='bbox 1690 701 1833 763; x_wconf 85' lang='lat' dir='ltr'><strong>facit</strong></span> <span class='ocrx_word' id='word_1_8' title='bbox 1874 703 2053 764; x_wconf 87' lang='lat' dir='ltr'><strong>uitam</strong></span> <span class='ocrx_word' id='word_1_9' title='bbox 2068 749 2083 777; x_wconf 94' lang='lat'><strong>,</strong></span> <span class='ocrx_word' id='word_1_10' title='bbox 2126 721 2277 764; x_wconf 88' lang='lat' dir='ltr'><strong>mors</strong></span> <span class='ocrx_word' id='word_1_11' title='bbox 2322 706 2591 766; x_wconf 88' lang='lat' dir='ltr'><strong>amissam</strong></span> <span class='ocrx_word' id='word_1_12' title='bbox 2631 707 2857 768; x_wconf 88' lang='lat' dir='ltr'><strong>inuenit</strong></span> 
     </span>
     <span class='ocr_line' id='line_1_3' title="bbox 594 807 2851 885; baseline 0.001 -17"><span class='ocrx_word' id='word_1_13' title='bbox 594 809 853 883; x_wconf 82' lang='lat' dir='ltr'>gloriam.</span> <span class='ocrx_word' id='word_1_14' title='bbox 897 827 1030 869; x_wconf 89' lang='lat' dir='ltr'><strong>nam</strong></span> <span class='ocrx_word' id='word_1_15' title='bbox 1058 809 1164 868; x_wconf 87' lang='lat' dir='ltr'><strong>hoc</strong></span> <span class='ocrx_word' id='word_1_16' title='bbox 1204 823 1334 883; x_wconf 83' lang='lat' dir='ltr'><strong>spes</strong></span> <span class='ocrx_word' id='word_1_17' title='bbox 1365 808 1478 868; x_wconf 89' lang='lat' dir='ltr'><strong>iam</strong></span> <span class='ocrx_word' id='word_1_18' title='bbox 1506 807 1719 867; x_wconf 87' lang='lat' dir='ltr'><strong>amissa</strong></span> <span class='ocrx_word' id='word_1_19' title='bbox 1747 807 2078 882; x_wconf 71' lang='lat' dir='ltr'><strong>percipitur,</strong></span> <span class='ocrx_word' id='word_1_20' title='bbox 2108 807 2267 867; x_wconf 89' lang='lat' dir='ltr'><strong>salus</strong></span> <span class='ocrx_word' id='word_1_21' title='bbox 2296 811 2503 870; x_wconf 85' lang='lat' dir='ltr'><strong>cuncta</strong></span> <span class='ocrx_word' id='word_1_22' title='bbox 2530 813 2851 885; x_wconf 84' lang='lat' dir='ltr'><strong>reparatur.</strong></span> 
     </span>
     <span class='ocr_line' id='line_1_4' title="bbox 593 909 2854 973; baseline 0.001 -3"><span class='ocrx_word' id='word_1_23' title='bbox 593 911 678 971; x_wconf 89' lang='lat' dir='ltr'><strong>sic</strong></span> <span class='ocrx_word' id='word_1_24' title='bbox 732 928 860 972; x_wconf 89' lang='lat' dir='ltr'><strong>cum</strong></span> <span class='ocrx_word' id='word_1_25' title='bbox 909 911 1207 972; x_wconf 85' lang='lat' dir='ltr'><strong>arantibus</strong></span> <span class='ocrx_word' id='word_1_26' title='bbox 1259 913 1516 971; x_wconf 90' lang='lat' dir='ltr'><strong>sementa</strong></span> <span class='ocrx_word' id='word_1_27' title='bbox 1564 909 1879 971; x_wconf 72' lang='lat' dir='ltr'><strong>defecerint</strong></span> <span class='ocrx_word' id='word_1_28' title='bbox 1932 913 1992 971; x_wconf 91' lang='lat' dir='ltr'><strong>et</strong></span> <span class='ocrx_word' id='word_1_29' title='bbox 2042 911 2238 972; x_wconf 79' lang='lat' dir='ltr'><strong>herbis</strong></span> <span class='ocrx_word' id='word_1_30' title='bbox 2280 913 2435 972; x_wconf 91' lang='lat' dir='ltr'><strong>terra</strong></span> <span class='ocrx_word' id='word_1_31' title='bbox 2476 911 2854 973; x_wconf 84' lang='lat' dir='ltr'><strong>morientibus</strong></span> 
     </span>
     <span class='ocr_line' id='line_1_5' title="bbox 593 1013 2857 1090; baseline 0.001 -17"><span class='ocrx_word' id='word_1_32' title='bbox 593 1014 891 1088; x_wconf 87' lang='lat' dir='ltr'><strong>aestuarit,</strong></span> <span class='ocrx_word' id='word_1_33' title='bbox 938 1013 1160 1090; x_wconf 81' lang='lat' dir='ltr'><strong>supinis</strong></span> <span class='ocrx_word' id='word_1_34' title='bbox 1199 1030 1232 1074; x_wconf 91' lang='lat' dir='ltr'><strong>e</strong></span> <span class='ocrx_word' id='word_1_35' title='bbox 1273 1013 1515 1074; x_wconf 88' lang='lat' dir='ltr'><strong>collibus</strong></span> <span class='ocrx_word' id='word_1_36' title='bbox 1567 1013 1804 1073; x_wconf 89' lang='lat' dir='ltr'><strong>fluuium</strong></span> <span class='ocrx_word' id='word_1_37' title='bbox 1860 1013 2010 1074; x_wconf 87' lang='lat' dir='ltr'><strong>iuuit</strong></span> <span class='ocrx_word' id='word_1_38' title='bbox 2058 1014 2263 1075; x_wconf 80' lang='lat' dir='ltr'><strong>elicere</strong></span> <span class='ocrx_word' id='word_1_39' title='bbox 2308 1019 2367 1075; x_wconf 91' lang='lat' dir='ltr'><strong>et</strong></span> <span class='ocrx_word' id='word_1_40' title='bbox 2408 1015 2857 1076; x_wconf 78' lang='lat' dir='ltr'><strong>scaturientibus</strong></span> 
     </span>
     <span class='ocr_line' id='line_1_6' title="bbox 592 1117 2899 1206; baseline 0 -30"><span class='ocrx_word' id='word_1_41' title='bbox 592 1117 735 1178; x_wconf 88' lang='lat' dir='ltr'><strong>riuis</strong></span> <span class='ocrx_word' id='word_1_42' title='bbox 788 1135 928 1178; x_wconf 84' lang='lat' dir='ltr'><strong>arua</strong></span> <span class='ocrx_word' id='word_1_43' title='bbox 979 1119 1260 1206; x_wconf 26' lang='lat' dir='ltr'><strong>sitientia·</strong></span> <span class='ocrx_word' id='word_1_44' title='bbox 1285 1121 1625 1192; x_wconf 88' lang='lat' dir='ltr'><strong>temperare,</strong></span> <span class='ocrx_word' id='word_1_45' title='bbox 1678 1133 1788 1192; x_wconf 89' lang='lat' dir='ltr'><strong>quo</strong></span> <span class='ocrx_word' id='word_1_46' title='bbox 1830 1135 1891 1178; x_wconf 91' lang='lat' dir='ltr'><strong>se</strong></span> <span class='ocrx_word' id='word_1_47' title='bbox 1933 1118 1996 1177; x_wconf 91' lang='lat' dir='ltr'><strong>in</strong></span> <span class='ocrx_word' id='word_1_48' title='bbox 2040 1118 2243 1179; x_wconf 86' lang='lat' dir='ltr'><strong>uberes</strong></span> <span class='ocrx_word' id='word_1_49' title='bbox 2284 1118 2501 1180; x_wconf 89' lang='lat' dir='ltr'><strong>culmos</strong></span> <span class='ocrx_word' id='word_1_50' title='bbox 2540 1119 2697 1180; x_wconf 89' lang='lat' dir='ltr'><strong>uicta</strong></span> <span class='ocrx_word' id='word_1_51' title='bbox 2724 1119 2857 1195; x_wconf 82' lang='lat' dir='ltr'><strong>agri</strong></span> <span class='ocrx_word' id='word_1_52' title='bbox 2875 1137 2899 1176; x_wconf 72' lang='lat' dir='ltr'><strong>s</strong></span> 
     </span>
     <span class='ocr_line' id='line_1_7' title="bbox 593 1219 2858 1297; baseline 0.003 -18"><span class='ocrx_word' id='word_1_53' title='bbox 593 1219 863 1281; x_wconf 87' lang='lat' dir='ltr'><strong>ieiunitas</strong></span> <span class='ocrx_word' id='word_1_54' title='bbox 903 1221 1170 1281; x_wconf 88' lang='lat' dir='ltr'><strong>funderet</strong></span> <span class='ocrx_word' id='word_1_55' title='bbox 1195 1223 1254 1281; x_wconf 91' lang='lat' dir='ltr'><strong>et</strong></span> <span class='ocrx_word' id='word_1_56' title='bbox 1283 1219 1526 1296; x_wconf 82' lang='lat' dir='ltr'><strong>pluuiali</strong></span> <span class='ocrx_word' id='word_1_57' title='bbox 1565 1220 1746 1281; x_wconf 89' lang='lat' dir='ltr'><strong>imbre</strong></span> <span class='ocrx_word' id='word_1_58' title='bbox 1784 1221 2026 1280; x_wconf 90' lang='lat' dir='ltr'><strong>mentito</strong></span> <span class='ocrx_word' id='word_1_59' title='bbox 2056 1237 2221 1297; x_wconf 89' lang='lat' dir='ltr'><strong>seges</strong></span> <span class='ocrx_word' id='word_1_60' title='bbox 2250 1221 2478 1283; x_wconf 80' lang='lat' dir='ltr'><strong>densior</strong></span> <span class='ocrx_word' id='word_1_61' title='bbox 2507 1222 2858 1285; x_wconf 85' lang='lat' dir='ltr'><strong>inhorreret.</strong></span> 
     </span>
    </p>

    <p class='ocr_par' dir='ltr' id='par_1_3' title="bbox 494 1323 2935 2843">
     <span class='ocr_line' id='line_1_8' title="bbox 494 1323 2853 1399; baseline 0 -13"><span class='ocrx_word' id='word_1_62' title='bbox 494 1327 577 1386; x_wconf 82' lang='lat'><strong>24</strong></span> <span class='ocrx_word' id='word_1_63' title='bbox 681 1323 828 1394; x_wconf 83' lang='lat' dir='ltr'><strong>Quid</strong></span> <span class='ocrx_word' id='word_1_64' title='bbox 871 1324 1068 1399; x_wconf 87' lang='lat' dir='ltr'><strong>igitur,</strong></span> <span class='ocrx_word' id='word_1_65' title='bbox 1113 1325 1322 1384; x_wconf 85' lang='lat' dir='ltr'><strong>fratres</strong></span> <span class='ocrx_word' id='word_1_66' title='bbox 1363 1323 1667 1398; x_wconf 80' lang='lat' dir='ltr'><strong>carissimi,</strong></span> <span class='ocrx_word' id='word_1_67' title='bbox 1718 1323 2077 1398; x_wconf 88' lang='lat' dir='ltr'><strong>potissimum</strong></span> <span class='ocrx_word' id='word_1_68' title='bbox 2106 1324 2351 1384; x_wconf 85' lang='lat' dir='ltr'><strong>referam</strong></span> <span class='ocrx_word' id='word_1_69' title='bbox 2379 1324 2587 1399; x_wconf 87' lang='lat' dir='ltr'><strong>quidue</strong></span> <span class='ocrx_word' id='word_1_70' title='bbox 2616 1325 2807 1387; x_wconf 89' lang='lat' dir='ltr'><strong>dicam</strong></span> <span class='ocrx_word' id='word_1_71' title='bbox 2820 1329 2853 1386; x_wconf 68' lang='grc' dir='ltr'><strong>’ἒ</strong></span> 
     </span>
     <span class='ocr_line' id='line_1_9' title="bbox 596 1425 2854 1503; baseline 0.002 -19"><span class='ocrx_word' id='word_1_72' title='bbox 596 1427 679 1485; x_wconf 90' lang='lat' dir='ltr'><strong>sic</strong></span> <span class='ocrx_word' id='word_1_73' title='bbox 707 1426 768 1485; x_wconf 89' lang='lat' dir='ltr'><strong>in</strong></span> <span class='ocrx_word' id='word_1_74' title='bbox 795 1444 970 1488; x_wconf 89' lang='lat' dir='ltr'><strong>unum</strong></span> <span class='ocrx_word' id='word_1_75' title='bbox 998 1426 1466 1488; x_wconf 89' lang='lat' dir='ltr'><strong>conuenientibus</strong></span> <span class='ocrx_word' id='word_1_76' title='bbox 1495 1425 1689 1486; x_wconf 87' lang='lat' dir='ltr'><strong>titulis</strong></span> <span class='ocrx_word' id='word_1_77' title='bbox 1720 1425 2024 1500; x_wconf 88' lang='lat' dir='ltr'><strong>dignitatis</strong></span> <span class='ocrx_word' id='word_1_78' title='bbox 2072 1427 2339 1487; x_wconf 88' lang='lat' dir='ltr'><strong>turbatur</strong></span> <span class='ocrx_word' id='word_1_79' title='bbox 2380 1429 2621 1503; x_wconf 87' lang='lat' dir='ltr'><strong>animus,</strong></span> <span class='ocrx_word' id='word_1_80' title='bbox 2669 1429 2854 1490; x_wconf 86' lang='lat' dir='ltr'><strong>dedu-</strong></span> 
     </span>
     <span class='ocr_line' id='line_1_10' title="bbox 594 1528 2854 1604; baseline 0.002 -16"><span class='ocrx_word' id='word_1_81' title='bbox 594 1529 744 1588; x_wconf 90' lang='lat' dir='ltr'><strong>citur</strong></span> <span class='ocrx_word' id='word_1_82' title='bbox 785 1546 984 1590; x_wconf 87' lang='lat' dir='ltr'><strong>sensus</strong></span> <span class='ocrx_word' id='word_1_83' title='bbox 1014 1533 1072 1590; x_wconf 92' lang='lat' dir='ltr'><strong>et</strong></span> <span class='ocrx_word' id='word_1_84' title='bbox 1113 1531 1174 1589; x_wconf 90' lang='lat' dir='ltr'><strong>in</strong></span> <span class='ocrx_word' id='word_1_85' title='bbox 1203 1529 1326 1603; x_wconf 88' lang='lat' dir='ltr'><strong>ipso</strong></span> <span class='ocrx_word' id='word_1_86' title='bbox 1371 1531 1576 1590; x_wconf 89' lang='lat' dir='ltr'><strong>conatu</strong></span> <span class='ocrx_word' id='word_1_87' title='bbox 1618 1528 1859 1589; x_wconf 88' lang='lat' dir='ltr'><strong>nitentis</strong></span> <span class='ocrx_word' id='word_1_88' title='bbox 1901 1529 2115 1604; x_wconf 87' lang='lat' dir='ltr'><strong>eloquii</strong></span> <span class='ocrx_word' id='word_1_89' title='bbox 2142 1529 2327 1604; x_wconf 90' lang='lat' dir='ltr'><strong>impar</strong></span> <span class='ocrx_word' id='word_1_90' title='bbox 2356 1547 2539 1592; x_wconf 89' lang='lat' dir='ltr'><strong>sermo</strong></span> <span class='ocrx_word' id='word_1_91' title='bbox 2571 1532 2854 1593; x_wconf 86' lang='lat' dir='ltr'><strong>uanescit.</strong></span> 
     </span>
     <span class='ocr_line' id='line_1_11' title="bbox 597 1630 2932 1706; baseline 0.001 -16"><span class='ocrx_word' id='word_1_92' title='bbox 597 1631 734 1706; x_wconf 90' lang='lat' dir='ltr'><strong>quid</strong></span> <span class='ocrx_word' id='word_1_93' title='bbox 763 1632 916 1692; x_wconf 91' lang='lat' dir='ltr'><strong>enim</strong></span> <span class='ocrx_word' id='word_1_94' title='bbox 944 1635 1035 1693; x_wconf 90' lang='lat' dir='ltr'><strong>est</strong></span> <span class='ocrx_word' id='word_1_95' title='bbox 1063 1631 1176 1690; x_wconf 90' lang='lat' dir='ltr'><strong>dici</strong></span> <span class='ocrx_word' id='word_1_96' title='bbox 1207 1631 1357 1706; x_wconf 89' lang='lat' dir='ltr'><strong>quod</strong></span> <span class='ocrx_word' id='word_1_97' title='bbox 1387 1631 1530 1692; x_wconf 89' lang='lat' dir='ltr'><strong>satis</strong></span> <span class='ocrx_word' id='word_1_98' title='bbox 1556 1647 1683 1691; x_wconf 87' lang='lat' dir='ltr'><strong>esse</strong></span> <span class='ocrx_word' id='word_1_99' title='bbox 1711 1630 1915 1706; x_wconf 85' lang='lat' dir='ltr'><strong>possit,</strong></span> <span class='ocrx_word' id='word_1_100' title='bbox 1948 1647 2076 1692; x_wconf 89' lang='lat' dir='ltr'><strong>cum</strong></span> <span class='ocrx_word' id='word_1_101' title='bbox 2108 1633 2158 1691; x_wconf 88' lang='lat' dir='ltr'><strong>si</strong></span> <span class='ocrx_word' id='word_1_102' title='bbox 2188 1632 2305 1691; x_wconf 89' lang='lat' dir='ltr'><strong>uim</strong></span> <span class='ocrx_word' id='word_1_103' title='bbox 2348 1636 2611 1694; x_wconf 77' lang='lat' dir='ltr'><strong>aeternae</strong></span> <span class='ocrx_word' id='word_1_104' title='bbox 2642 1635 2853 1695; x_wconf 87' lang='lat' dir='ltr'><strong>salutis</strong></span> <span class='ocrx_word' id='word_1_105' title='bbox 2874 1653 2932 1695; x_wconf 77' lang='lat' dir='ltr'><strong>io</strong></span> 
     </span>
     <span class='ocr_line' id='line_1_12' title="bbox 595 1735 2859 1812; baseline 0 -16"><span class='ocrx_word' id='word_1_106' title='bbox 595 1736 964 1810; x_wconf 86' lang='lat' dir='ltr'><strong>expresseris,</strong></span> <span class='ocrx_word' id='word_1_107' title='bbox 1009 1737 1269 1795; x_wconf 90' lang='lat' dir='ltr'><strong>occurrat</strong></span> <span class='ocrx_word' id='word_1_108' title='bbox 1307 1735 1562 1806; x_wconf 84' lang='lat' dir='ltr'><strong>ambitio,</strong></span> <span class='ocrx_word' id='word_1_109' title='bbox 1595 1735 1649 1794; x_wconf 89' lang='lat' dir='ltr'><strong>si</strong></span> <span class='ocrx_word' id='word_1_110' title='bbox 1677 1735 1953 1795; x_wconf 85' lang='lat' dir='ltr'><strong>ambitum</strong></span> <span class='ocrx_word' id='word_1_111' title='bbox 1992 1735 2222 1809; x_wconf 87' lang='lat' dir='ltr'><strong>dixeris,</strong></span> <span class='ocrx_word' id='word_1_112' title='bbox 2263 1737 2597 1810; x_wconf 89' lang='lat' dir='ltr'><strong>praeueniat</strong></span> <span class='ocrx_word' id='word_1_113' title='bbox 2625 1737 2859 1812; x_wconf 87' lang='lat' dir='ltr'><strong>magni-</strong></span> 
     </span>
     <span class='ocr_line' id='line_1_13' title="bbox 593 1836 2859 1915; baseline 0.002 -18"><span class='ocrx_word' id='word_1_114' title='bbox 593 1839 772 1898; x_wconf 75' lang='lat' dir='ltr'><strong>tudo?</strong></span> <span class='ocrx_word' id='word_1_115' title='bbox 818 1855 914 1898; x_wconf 89' lang='lat' dir='ltr'><strong>res</strong></span> <span class='ocrx_word' id='word_1_116' title='bbox 945 1836 1118 1899; x_wconf 87' lang='lat' dir='ltr'><strong>simul</strong></span> <span class='ocrx_word' id='word_1_117' title='bbox 1148 1841 1468 1913; x_wconf 88' lang='lat' dir='ltr'><strong>congruunt</strong></span> <span class='ocrx_word' id='word_1_118' title='bbox 1495 1838 1779 1913; x_wconf 85' lang='lat' dir='ltr'><strong>simulque</strong></span> <span class='ocrx_word' id='word_1_119' title='bbox 1810 1841 2169 1912; x_wconf 88' lang='lat' dir='ltr'><strong>concurrunt,</strong></span> <span class='ocrx_word' id='word_1_120' title='bbox 2200 1855 2305 1900; x_wconf 91' lang='lat' dir='ltr'><strong>nec</strong></span> <span class='ocrx_word' id='word_1_121' title='bbox 2334 1841 2424 1899; x_wconf 90' lang='lat' dir='ltr'><strong>est</strong></span> <span class='ocrx_word' id='word_1_122' title='bbox 2446 1841 2596 1913; x_wconf 88' lang='lat' dir='ltr'><strong>quod</strong></span> <span class='ocrx_word' id='word_1_123' title='bbox 2617 1840 2859 1915; x_wconf 90' lang='lat' dir='ltr'><strong>dignum</strong></span> 
     </span>
     <span class='ocr_line' id='line_1_14' title="bbox 595 1940 2857 2018; baseline 0.001 -18"><span class='ocrx_word' id='word_1_124' title='bbox 595 1940 996 2016; x_wconf 85' lang='lat' dir='ltr'><strong>proferendum</strong></span> <span class='ocrx_word' id='word_1_125' title='bbox 1025 1958 1151 2002; x_wconf 87' lang='lat' dir='ltr'><strong>esse</strong></span> <span class='ocrx_word' id='word_1_126' title='bbox 1181 1941 1462 2004; x_wconf 85' lang='lat' dir='ltr'><strong>uideatur.</strong></span> <span class='ocrx_word' id='word_1_127' title='bbox 1507 1941 1592 2002; x_wconf 88' lang='lat' dir='ltr'><strong>ita</strong></span> <span class='ocrx_word' id='word_1_128' title='bbox 1620 1941 1849 2016; x_wconf 89' lang='lat' dir='ltr'><strong>inpetus</strong></span> <span class='ocrx_word' id='word_1_129' title='bbox 1880 1941 2152 2002; x_wconf 88' lang='lat' dir='ltr'><strong>orationis</strong></span> <span class='ocrx_word' id='word_1_130' title='bbox 2194 1942 2458 2003; x_wconf 89' lang='lat' dir='ltr'><strong>audentis</strong></span> <span class='ocrx_word' id='word_1_131' title='bbox 2488 1943 2648 2002; x_wconf 87' lang='lat' dir='ltr'><strong>uelut</strong></span> <span class='ocrx_word' id='word_1_132' title='bbox 2675 1943 2857 2018; x_wconf 90' lang='lat' dir='ltr'><strong>inpli-</strong></span> 
     </span>
     <span class='ocr_line' id='line_1_15' title="bbox 595 2043 2853 2120; baseline 0 -15"><span class='ocrx_word' id='word_1_133' title='bbox 595 2047 756 2105; x_wconf 87' lang='lat' dir='ltr'><strong>catos</strong></span> <span class='ocrx_word' id='word_1_134' title='bbox 807 2044 1182 2119; x_wconf 88' lang='lat' dir='ltr'><strong>inretitosque</strong></span> <span class='ocrx_word' id='word_1_135' title='bbox 1233 2045 1457 2104; x_wconf 86' lang='lat' dir='ltr'><strong>obuiam</strong></span> <span class='ocrx_word' id='word_1_136' title='bbox 1497 2061 1566 2104; x_wconf 83' lang='lat' dir='ltr'><strong>ex</strong></span> <span class='ocrx_word' id='word_1_137' title='bbox 1607 2046 1849 2105; x_wconf 86' lang='lat' dir='ltr'><strong>aduerso</strong></span> <span class='ocrx_word' id='word_1_138' title='bbox 1906 2043 2169 2120; x_wconf 84' lang='lat' dir='ltr'><strong>martyrii</strong></span> <span class='ocrx_word' id='word_1_139' title='bbox 2219 2045 2475 2119; x_wconf 87' lang='lat' dir='ltr'><strong>exempla</strong></span> <span class='ocrx_word' id='word_1_140' title='bbox 2526 2049 2853 2107; x_wconf 86' lang='lat' dir='ltr'><strong>tenuerunt.</strong></span> 
     </span>
     <span class='ocr_line' id='line_1_16' title="bbox 597 2147 2931 2224; baseline 0.001 -18"><span class='ocrx_word' id='word_1_141' title='bbox 597 2163 742 2222; x_wconf 87' lang='lat' dir='ltr'><strong>quae</strong></span> <span class='ocrx_word' id='word_1_142' title='bbox 771 2164 900 2224; x_wconf 84' lang='lat' dir='ltr'><strong>uox,</strong></span> <span class='ocrx_word' id='word_1_143' title='bbox 947 2165 1092 2223; x_wconf 85' lang='lat' dir='ltr'><strong>quae</strong></span> <span class='ocrx_word' id='word_1_144' title='bbox 1133 2148 1336 2222; x_wconf 89' lang='lat' dir='ltr'><strong>latera,</strong></span> <span class='ocrx_word' id='word_1_145' title='bbox 1367 2165 1512 2223; x_wconf 87' lang='lat' dir='ltr'><strong>quae</strong></span> <span class='ocrx_word' id='word_1_146' title='bbox 1557 2147 1711 2208; x_wconf 89' lang='lat' dir='ltr'><strong>uires</strong></span> <span class='ocrx_word' id='word_1_147' title='bbox 1742 2148 1928 2208; x_wconf 89' lang='lat' dir='ltr'><strong>instar</strong></span> <span class='ocrx_word' id='word_1_148' title='bbox 1956 2149 2205 2209; x_wconf 87' lang='lat' dir='ltr'><strong>muneris</strong></span> <span class='ocrx_word' id='word_1_149' title='bbox 2234 2149 2385 2209; x_wconf 89' lang='lat' dir='ltr'><strong>tanti</strong></span> <span class='ocrx_word' id='word_1_150' title='bbox 2415 2149 2641 2223; x_wconf 84' lang='lat' dir='ltr'><strong>capiant</strong></span> <span class='ocrx_word' id='word_1_151' title='bbox 2672 2149 2854 2209; x_wconf 88' lang='lat' dir='ltr'><strong>susti·</strong></span> <span class='ocrx_word' id='word_1_152' title='bbox 2876 2167 2931 2208; x_wconf 70' lang='grc' dir='ltr'><strong>ιι</strong></span> 
     </span>
     <span class='ocr_line' id='line_1_17' title="bbox 595 2251 2856 2326; baseline 0 -16"><span class='ocrx_word' id='word_1_153' title='bbox 595 2266 730 2310; x_wconf 91' lang='lat' dir='ltr'><strong>nere</strong></span> <span class='ocrx_word' id='word_1_154' title='bbox 743 2254 772 2309; x_wconf 80' lang='lat'><strong>⁸?</strong></span> <span class='ocrx_word' id='word_1_155' title='bbox 819 2251 1172 2312; x_wconf 89' lang='lat' dir='ltr'><strong>confessione</strong></span> <span class='ocrx_word' id='word_1_156' title='bbox 1201 2251 1358 2312; x_wconf 86' lang='lat' dir='ltr'><strong>uocis</strong></span> <span class='ocrx_word' id='word_1_157' title='bbox 1388 2251 1559 2310; x_wconf 87' lang='lat' dir='ltr'><strong>unius</strong></span> <span class='ocrx_word' id='word_1_158' title='bbox 1588 2252 1832 2311; x_wconf 88' lang='lat' dir='ltr'><strong>aduersa</strong></span> <span class='ocrx_word' id='word_1_159' title='bbox 1862 2252 2251 2326; x_wconf 86' lang='lat' dir='ltr'><strong>succumbunt,</strong></span> <span class='ocrx_word' id='word_1_160' title='bbox 2298 2251 2451 2311; x_wconf 87' lang='lat' dir='ltr'><strong>laeta</strong></span> <span class='ocrx_word' id='word_1_161' title='bbox 2490 2251 2856 2326; x_wconf 88' lang='lat' dir='ltr'><strong>proueniunt,</strong></span> 
     </span>
     <span class='ocr_line' id='line_1_18' title="bbox 595 2353 2856 2431; baseline 0 -18"><span class='ocrx_word' id='word_1_162' title='bbox 595 2355 796 2428; x_wconf 89' lang='lat' dir='ltr'><strong>patent</strong></span> <span class='ocrx_word' id='word_1_163' title='bbox 825 2371 1002 2428; x_wconf 89' lang='lat' dir='ltr'><strong>regna</strong></span> <span class='ocrx_word' id='word_1_164' title='bbox 1017 2398 1033 2427; x_wconf 97' lang='lat'><strong>,</strong></span> <span class='ocrx_word' id='word_1_165' title='bbox 1063 2356 1336 2428; x_wconf 88' lang='lat' dir='ltr'><strong>parantur</strong></span> <span class='ocrx_word' id='word_1_166' title='bbox 1365 2353 1603 2428; x_wconf 87' lang='lat' dir='ltr'><strong>imperia</strong></span> <span class='ocrx_word' id='word_1_167' title='bbox 1618 2399 1637 2431; x_wconf 89' lang='lat'><strong>,</strong></span> <span class='ocrx_word' id='word_1_168' title='bbox 1668 2353 2068 2415; x_wconf 89' lang='lat' dir='ltr'><strong>deuinciuntur</strong></span> <span class='ocrx_word' id='word_1_169' title='bbox 2095 2370 2336 2430; x_wconf 87' lang='lat' dir='ltr'><strong>poenae,</strong></span> <span class='ocrx_word' id='word_1_170' title='bbox 2366 2371 2517 2414; x_wconf 85' lang='lat' dir='ltr'><strong>mors</strong></span> <span class='ocrx_word' id='word_1_171' title='bbox 2546 2355 2856 2430; x_wconf 81' lang='lat' dir='ltr'><strong>subigitur,</strong></span> 
     </span>
     <span class='ocr_line' id='line_1_19' title="bbox 597 2455 2858 2532; baseline 0 -16"><span class='ocrx_word' id='word_1_172' title='bbox 597 2457 724 2516; x_wconf 90' lang='lat' dir='ltr'><strong>uita</strong></span> <span class='ocrx_word' id='word_1_173' title='bbox 763 2455 1050 2532; x_wconf 84' lang='lat' dir='ltr'><strong>profertur</strong></span> <span class='ocrx_word' id='word_1_174' title='bbox 1090 2459 1148 2518; x_wconf 90' lang='lat' dir='ltr'><strong>et</strong></span> <span class='ocrx_word' id='word_1_175' title='bbox 1187 2456 1516 2517; x_wconf 83' lang='lat' dir='ltr'><strong>infestantis</strong></span> <span class='ocrx_word' id='word_1_176' title='bbox 1559 2455 1775 2516; x_wconf 86' lang='lat' dir='ltr'><strong>inimici</strong></span> <span class='ocrx_word' id='word_1_177' title='bbox 1816 2458 2197 2532; x_wconf 77' lang='lat' dir='ltr'><strong>repugnantia</strong></span> <span class='ocrx_word' id='word_1_178' title='bbox 2237 2475 2394 2517; x_wconf 88' lang='lat' dir='ltr'><strong>arma</strong></span> <span class='ocrx_word' id='word_1_179' title='bbox 2436 2456 2757 2518; x_wconf 86' lang='lat' dir='ltr'><strong>soluuntur.</strong></span> <span class='ocrx_word' id='word_1_180' title='bbox 2803 2457 2858 2517; x_wconf 91' lang='lat' dir='ltr'><strong>si</strong></span> 
     </span>
     <span class='ocr_line' id='line_1_20' title="bbox 597 2559 2858 2636; baseline 0.001 -17"><span class='ocrx_word' id='word_1_181' title='bbox 597 2560 866 2621; x_wconf 89' lang='lat' dir='ltr'><strong>delictum</strong></span> <span class='ocrx_word' id='word_1_182' title='bbox 893 2563 1002 2634; x_wconf 88' lang='lat' dir='ltr'><strong>est,</strong></span> <span class='ocrx_word' id='word_1_183' title='bbox 1033 2561 1266 2622; x_wconf 82' lang='lat' dir='ltr'><strong>occidit:</strong></span> <span class='ocrx_word' id='word_1_184' title='bbox 1298 2560 1352 2621; x_wconf 90' lang='lat' dir='ltr'><strong>si</strong></span> <span class='ocrx_word' id='word_1_185' title='bbox 1373 2561 1602 2633; x_wconf 87' lang='lat' dir='ltr'><strong>crimen,</strong></span> <span class='ocrx_word' id='word_1_186' title='bbox 1634 2560 1887 2621; x_wconf 88' lang='lat' dir='ltr'><strong>absistit.</strong></span> <span class='ocrx_word' id='word_1_187' title='bbox 1918 2561 2085 2634; x_wconf 87' lang='lat' dir='ltr'><strong>unde,</strong></span> <span class='ocrx_word' id='word_1_188' title='bbox 2116 2577 2326 2636; x_wconf 84' lang='lat' dir='ltr'><strong>quaeso</strong></span> <span class='ocrx_word' id='word_1_189' title='bbox 2354 2578 2476 2634; x_wconf 89' lang='lat' dir='ltr'><strong>uos,</strong></span> <span class='ocrx_word' id='word_1_190' title='bbox 2508 2559 2717 2621; x_wconf 90' lang='lat' dir='ltr'><strong>uestris</strong></span> <span class='ocrx_word' id='word_1_191' title='bbox 2747 2560 2858 2621; x_wconf 87' lang='lat' dir='ltr'><strong>hoo</strong></span> 
     </span>
     <span class='ocr_line' id='line_1_21' title="bbox 595 2664 2935 2741; baseline 0 -18"><span class='ocrx_word' id='word_1_192' title='bbox 595 2665 882 2725; x_wconf 87' lang='lat' dir='ltr'><strong>mentibus</strong></span> <span class='ocrx_word' id='word_1_193' title='bbox 927 2666 1236 2740; x_wconf 88' lang='lat' dir='ltr'><strong>ponderate</strong></span> <span class='ocrx_word' id='word_1_194' title='bbox 1279 2667 1615 2739; x_wconf 87' lang='lat' dir='ltr'><strong>tantumque</strong></span> <span class='ocrx_word' id='word_1_195' title='bbox 1656 2664 1725 2725; x_wconf 91' lang='lat' dir='ltr'><strong>de</strong></span> <span class='ocrx_word' id='word_1_196' title='bbox 1764 2668 1965 2725; x_wconf 88' lang='lat' dir='ltr'><strong>nostra</strong></span> <span class='ocrx_word' id='word_1_197' title='bbox 1993 2664 2248 2725; x_wconf 87' lang='lat' dir='ltr'><strong>oratione</strong></span> <span class='ocrx_word' id='word_1_198' title='bbox 2276 2664 2553 2741; x_wconf 89' lang='lat' dir='ltr'><strong>percipite</strong></span> <span class='ocrx_word' id='word_1_199' title='bbox 2582 2666 2860 2739; x_wconf 87' lang='lat' dir='ltr'><strong>quantum</strong></span> <span class='ocrx_word' id='word_1_200' title='bbox 2876 2679 2935 2723; x_wconf 76' lang='lat' dir='ltr'><strong>so</strong></span> 
     </span>
     <span class='ocr_line' id='line_1_22' title="bbox 593 2767 1375 2843; baseline 0 -16"><span class='ocrx_word' id='word_1_201' title='bbox 593 2767 790 2827; x_wconf 85' lang='lat' dir='ltr'><strong>sciatis</strong></span> <span class='ocrx_word' id='word_1_202' title='bbox 819 2784 922 2828; x_wconf 89' lang='lat' dir='ltr'><strong>uos</strong></span> <span class='ocrx_word' id='word_1_203' title='bbox 950 2784 1118 2843; x_wconf 90' lang='lat' dir='ltr'><strong>posse</strong></span> <span class='ocrx_word' id='word_1_204' title='bbox 1147 2769 1375 2829; x_wconf 88' lang='lat' dir='ltr'><strong>sentire.</strong></span> 
     </span>
    </p>
   </div>
   <div class='ocr_carea' id='block_1_3' title="bbox 593 3002 2861 3249">
    <p class='ocr_par' dir='ltr' id='par_1_4' title="bbox 593 3002 2861 3249">
     <span class='ocr_line' id='line_1_23' title="bbox 731 3002 2859 3077; baseline 0 -19"><span class='ocrx_word' id='word_1_205' title='bbox 731 3005 763 3058; x_wconf 88' lang='lat'>1</span> <span class='ocrx_word' id='word_1_206' title='bbox 801 3006 997 3075; x_wconf 86' lang='lat' dir='ltr'><strong>quippe</strong></span> <span class='ocrx_word' id='word_1_207' title='bbox 1031 3022 1131 3060; x_wconf 89' lang='lat' dir='ltr'><strong>om.</strong></span> <span class='ocrx_word' id='word_1_208' title='bbox 1172 3006 1219 3077; x_wconf 77' lang='lat' dir='ltr'><em>Q</em></span> <span class='ocrx_word' id='word_1_209' title='bbox 1426 3004 1625 3059; x_wconf 86' lang='lat' dir='ltr'><strong>amissa</strong></span> <span class='ocrx_word' id='word_1_210' title='bbox 1660 3004 1838 3060; x_wconf 85' lang='lat' dir='ltr'><strong>LS¹T</strong></span> <span class='ocrx_word' id='word_1_211' title='bbox 2048 3004 2085 3057; x_wconf 77' lang='lat'>2</span> <span class='ocrx_word' id='word_1_212' title='bbox 2119 3002 2413 3075; x_wconf 88' lang='lat' dir='ltr'><strong>percipitur</strong></span> <span class='ocrx_word' id='word_1_213' title='bbox 2448 3020 2589 3058; x_wconf 81' lang='lat' dir='ltr'><strong>corr.</strong></span> <span class='ocrx_word' id='word_1_214' title='bbox 2626 3004 2689 3058; x_wconf 73' lang='lat' dir='ltr'><strong>in</strong></span> <span class='ocrx_word' id='word_1_215' title='bbox 2722 3004 2859 3059; x_wconf 89' lang='lat' dir='ltr'><strong>reci-</strong></span> 
     </span>
     <span class='ocr_line' id='line_1_24' title="bbox 593 3090 2859 3163; baseline 0 -19"><span class='ocrx_word' id='word_1_216' title='bbox 593 3091 742 3160; x_wconf 87' lang='lat' dir='ltr'><strong>pitur</strong></span> <span class='ocrx_word' id='word_1_217' title='bbox 772 3090 819 3146; x_wconf 89' lang='lat' dir='ltr'><strong><em>S</em></strong></span> <span class='ocrx_word' id='word_1_218' title='bbox 837 3109 905 3147; x_wconf 87' lang='lat' dir='ltr'><strong>m.</strong></span> <span class='ocrx_word' id='word_1_219' title='bbox 929 3095 971 3147; x_wconf 78' lang='lat'><em>2</em></span> <span class='ocrx_word' id='word_1_220' title='bbox 1109 3092 1254 3147; x_wconf 89' lang='lat' dir='ltr'><strong>salus</strong></span> <span class='ocrx_word' id='word_1_221' title='bbox 1279 3092 1337 3158; x_wconf 92' lang='lat' dir='ltr'><strong>S,</strong></span> <span class='ocrx_word' id='word_1_222' title='bbox 1374 3093 1474 3147; x_wconf 89' lang='lat' dir='ltr'><strong>hoc</strong></span> <span class='ocrx_word' id='word_1_223' title='bbox 1498 3093 1645 3147; x_wconf 88' lang='lat' dir='ltr'><strong>salus</strong></span> <span class='ocrx_word' id='word_1_224' title='bbox 1671 3091 1835 3163; x_wconf 77' lang='lat' dir='ltr'><strong>LNQ</strong></span> <span class='ocrx_word' id='word_1_225' title='bbox 1844 3090 1924 3148; x_wconf 88' lang='lat' dir='ltr'><strong>Tv</strong></span> <span class='ocrx_word' id='word_1_226' title='bbox 2060 3092 2095 3145; x_wconf 87' lang='lat'><strong>3</strong></span> <span class='ocrx_word' id='word_1_227' title='bbox 2131 3090 2408 3146; x_wconf 88' lang='lat' dir='ltr'><strong>arantibus</strong></span> <span class='ocrx_word' id='word_1_228' title='bbox 2434 3090 2545 3162; x_wconf 77' lang='lat' dir='ltr'><strong>SQ,</strong></span> <span class='ocrx_word' id='word_1_229' title='bbox 2578 3090 2859 3146; x_wconf 82' lang='lat' dir='ltr'><strong>arentibus</strong></span> 
     </span>
     <span class='ocr_line' id='line_1_25' title="bbox 595 3178 2861 3249; baseline -0 -16"><span class='ocrx_word' id='word_1_230' title='bbox 595 3178 716 3233; x_wconf 75' lang='grc' dir='ltr'><strong>,ΒΝ</strong></span> <span class='ocrx_word' id='word_1_231' title='bbox 715 3178 775 3245; x_wconf 84' lang='grc' dir='ltr'><strong>Τ,</strong></span> <span class='ocrx_word' id='word_1_232' title='bbox 813 3180 1090 3235; x_wconf 87' lang='lat' dir='ltr'><strong>arentibus</strong></span> <span class='ocrx_word' id='word_1_233' title='bbox 1125 3180 1328 3249; x_wconf 88' lang='lat' dir='ltr'><strong>campis</strong></span> <span class='ocrx_word' id='word_1_234' title='bbox 1361 3197 1395 3235; x_wconf 85' lang='lat' dir='ltr'><strong><em>v</em></strong></span> <span class='ocrx_word' id='word_1_235' title='bbox 1611 3180 1843 3234; x_wconf 87' lang='lat' dir='ltr'><strong>simeuta</strong></span> <span class='ocrx_word' id='word_1_236' title='bbox 1878 3178 2179 3234; x_wconf 87' lang='lat' dir='ltr'><strong>defecerent</strong></span> <span class='ocrx_word' id='word_1_237' title='bbox 2214 3178 2283 3235; x_wconf 85' lang='lat' dir='ltr'><strong>S¹</strong></span> <span class='ocrx_word' id='word_1_238' title='bbox 2500 3178 2665 3248; x_wconf 86' lang='lat' dir='ltr'><strong>terra]</strong></span> <span class='ocrx_word' id='word_1_239' title='bbox 2705 3178 2861 3233; x_wconf 87' lang='lat' dir='ltr'><strong>sicci·</strong></span> 
     </span>
    </p>
   </div>
   <div class='ocr_carea' id='block_1_4' title="bbox 595 3263 2861 3857">
    <p class='ocr_par' dir='ltr' id='par_1_5' title="bbox 595 3263 2861 3857">
     <span class='ocr_line' id='line_1_26' title="bbox 597 3263 2791 3336; baseline 0 -17"><span class='ocrx_word' id='word_1_240' title='bbox 597 3266 714 3319; x_wconf 88' lang='lat' dir='ltr'><strong>tate</strong></span> <span class='ocrx_word' id='word_1_241' title='bbox 749 3265 878 3322; x_wconf 76' lang='lat' dir='ltr'><strong>add.</strong></span> <span class='ocrx_word' id='word_1_242' title='bbox 907 3266 962 3321; x_wconf 84' lang='lat' dir='ltr'><strong><em>L</em></strong></span> <span class='ocrx_word' id='word_1_243' title='bbox 1131 3268 1167 3321; x_wconf 83' lang='lat'>4</span> <span class='ocrx_word' id='word_1_244' title='bbox 1203 3268 1474 3321; x_wconf 78' lang='lat' dir='ltr'><strong>aestuaret</strong></span> <span class='ocrx_word' id='word_1_245' title='bbox 1509 3266 1578 3322; x_wconf 83' lang='lat' dir='ltr'><strong>S¹</strong></span> <span class='ocrx_word' id='word_1_246' title='bbox 1752 3266 1899 3320; x_wconf 85' lang='lat' dir='ltr'><strong>iubit</strong></span> <span class='ocrx_word' id='word_1_247' title='bbox 1922 3265 2093 3336; x_wconf 76' lang='lat' dir='ltr'><strong>LQT,</strong></span> <span class='ocrx_word' id='word_1_248' title='bbox 2128 3266 2284 3320; x_wconf 89' lang='lat' dir='ltr'><strong>iuuat</strong></span> <span class='ocrx_word' id='word_1_249' title='bbox 2317 3281 2388 3319; x_wconf 78' lang='lat' dir='ltr'><strong>ex</strong></span> <span class='ocrx_word' id='word_1_250' title='bbox 2410 3263 2561 3320; x_wconf 89' lang='lat' dir='ltr'><strong>iuuet</strong></span> <span class='ocrx_word' id='word_1_251' title='bbox 2589 3263 2637 3319; x_wconf 98' lang='lat' dir='ltr'><strong><em>S</em></strong></span> <span class='ocrx_word' id='word_1_252' title='bbox 2655 3282 2725 3319; x_wconf 82' lang='lat' dir='ltr'><strong>m.</strong></span> <span class='ocrx_word' id='word_1_253' title='bbox 2750 3266 2791 3319; x_wconf 77' lang='lat'><strong><em>2</em></strong></span> 
     </span>
     <span class='ocr_line' id='line_1_27' title="bbox 597 3351 2861 3423; baseline 0 -18"><span class='ocrx_word' id='word_1_254' title='bbox 597 3351 798 3422; x_wconf 83' lang='lat' dir='ltr'><strong>eligere</strong></span> <span class='ocrx_word' id='word_1_255' title='bbox 833 3352 964 3419; x_wconf 65' lang='grc' dir='ltr'><strong>ΒΝ,</strong></span> <span class='ocrx_word' id='word_1_256' title='bbox 999 3353 1198 3407; x_wconf 90' lang='lat' dir='ltr'><strong>elecere</strong></span> <span class='ocrx_word' id='word_1_257' title='bbox 1222 3351 1288 3407; x_wconf 75' lang='lat' dir='ltr'><strong>S²</strong></span> <span class='ocrx_word' id='word_1_258' title='bbox 1460 3352 1908 3408; x_wconf 84' lang='lat' dir='ltr'><strong>scaturrientibus</strong></span> <span class='ocrx_word' id='word_1_259' title='bbox 1934 3352 2098 3423; x_wconf 79' lang='lat' dir='ltr'><strong>LNQ</strong></span> <span class='ocrx_word' id='word_1_260' title='bbox 2258 3352 2293 3406; x_wconf 85' lang='lat'><strong>5</strong></span> <span class='ocrx_word' id='word_1_261' title='bbox 2327 3351 2549 3406; x_wconf 85' lang='lat' dir='ltr'><strong>liberius</strong></span> <span class='ocrx_word' id='word_1_262' title='bbox 2584 3351 2641 3405; x_wconf 88' lang='lat' dir='ltr'><strong>in</strong></span> <span class='ocrx_word' id='word_1_263' title='bbox 2677 3366 2861 3405; x_wconf 89' lang='lat' dir='ltr'><strong>cumu-</strong></span> 
     </span>
     <span class='ocr_line' id='line_1_28' title="bbox 595 3435 2797 3510; baseline -0.001 -16"><span class='ocrx_word' id='word_1_264' title='bbox 595 3439 676 3494; x_wconf 88' lang='lat' dir='ltr'><strong>los</strong></span> <span class='ocrx_word' id='word_1_265' title='bbox 713 3455 784 3493; x_wconf 71' lang='lat' dir='ltr'><strong>ex</strong></span> <span class='ocrx_word' id='word_1_266' title='bbox 817 3439 874 3493; x_wconf 91' lang='lat' dir='ltr'><strong>in</strong></span> <span class='ocrx_word' id='word_1_267' title='bbox 909 3439 1132 3494; x_wconf 87' lang='lat' dir='ltr'><strong>liberius</strong></span> <span class='ocrx_word' id='word_1_268' title='bbox 1167 3440 1407 3495; x_wconf 86' lang='lat' dir='ltr'><strong>cumulos</strong></span> <span class='ocrx_word' id='word_1_269' title='bbox 1443 3438 1490 3495; x_wconf 90' lang='lat' dir='ltr'><strong><em>S</em></strong></span> <span class='ocrx_word' id='word_1_270' title='bbox 1521 3456 1592 3495; x_wconf 86' lang='lat' dir='ltr'><strong>m.</strong></span> <span class='ocrx_word' id='word_1_271' title='bbox 1630 3442 1671 3493; x_wconf 83' lang='lat'><strong><em>2</em></strong></span> <span class='ocrx_word' id='word_1_272' title='bbox 1876 3439 2017 3510; x_wconf 85' lang='lat' dir='ltr'><strong>agri]</strong></span> <span class='ocrx_word' id='word_1_273' title='bbox 2054 3438 2183 3493; x_wconf 88' lang='lat' dir='ltr'><strong>anni</strong></span> <span class='ocrx_word' id='word_1_274' title='bbox 2220 3438 2267 3494; x_wconf 92' lang='lat' dir='ltr'><strong><em>S</em></strong></span> <span class='ocrx_word' id='word_1_275' title='bbox 2456 3435 2490 3492; x_wconf 82' lang='lat'>6</span> <span class='ocrx_word' id='word_1_276' title='bbox 2527 3440 2583 3492; x_wconf 88' lang='lat' dir='ltr'><strong>et</strong></span> <span class='ocrx_word' id='word_1_277' title='bbox 2616 3454 2717 3492; x_wconf 88' lang='lat' dir='ltr'><strong>om.</strong></span> <span class='ocrx_word' id='word_1_278' title='bbox 2744 3436 2797 3491; x_wconf 92' lang='lat' dir='ltr'><em>T</em></span> 
     </span>
     <span class='ocr_line' id='line_1_29' title="bbox 599 3523 2859 3598; baseline -0.001 -18"><span class='ocrx_word' id='word_1_279' title='bbox 599 3526 787 3595; x_wconf 87' lang='lat' dir='ltr'><strong>pluuia</strong></span> <span class='ocrx_word' id='word_1_280' title='bbox 827 3526 933 3597; x_wconf 80' lang='lat' dir='ltr'><strong>QT</strong></span> <span class='ocrx_word' id='word_1_281' title='bbox 1131 3525 1388 3581; x_wconf 86' lang='lat' dir='ltr'><strong>mentitos</strong></span> <span class='ocrx_word' id='word_1_282' title='bbox 1427 3525 1532 3598; x_wconf 69' lang='grc' dir='ltr'><strong>ΩΤ</strong></span> <span class='ocrx_word' id='word_1_283' title='bbox 1734 3528 1909 3596; x_wconf 87' lang='lat' dir='ltr'><strong>seges]</strong></span> <span class='ocrx_word' id='word_1_284' title='bbox 1945 3542 2105 3596; x_wconf 84' lang='lat' dir='ltr'><strong>egens</strong></span> <span class='ocrx_word' id='word_1_285' title='bbox 2146 3524 2208 3597; x_wconf 74' lang='lat' dir='ltr'><strong>Q,</strong></span> <span class='ocrx_word' id='word_1_286' title='bbox 2244 3540 2408 3595; x_wconf 87' lang='lat' dir='ltr'><strong>agens</strong></span> <span class='ocrx_word' id='word_1_287' title='bbox 2446 3524 2498 3579; x_wconf 88' lang='lat' dir='ltr'><em>T</em></span> <span class='ocrx_word' id='word_1_288' title='bbox 2682 3524 2713 3577; x_wconf 79' lang='lat'>7</span> <span class='ocrx_word' id='word_1_289' title='bbox 2750 3523 2859 3578; x_wconf 81' lang='lat' dir='ltr'><strong>fra-</strong></span> 
     </span>
     <span class='ocr_line' id='line_1_30' title="bbox 597 3610 2860 3683; baseline -0.001 -17"><span class='ocrx_word' id='word_1_290' title='bbox 597 3614 710 3667; x_wconf 88' lang='lat' dir='ltr'><strong>tres</strong></span> <span class='ocrx_word' id='word_1_291' title='bbox 745 3612 1012 3667; x_wconf 80' lang='lat' dir='ltr'><strong>carissimi</strong></span> <span class='ocrx_word' id='word_1_292' title='bbox 1047 3628 1146 3668; x_wconf 88' lang='lat' dir='ltr'><strong>om.</strong></span> <span class='ocrx_word' id='word_1_293' title='bbox 1186 3612 1234 3667; x_wconf 84' lang='lat' dir='ltr'><strong><em>S</em></strong></span> <span class='ocrx_word' id='word_1_294' title='bbox 1433 3613 1469 3667; x_wconf 90' lang='lat'>8</span> <span class='ocrx_word' id='word_1_295' title='bbox 1501 3611 1835 3683; x_wconf 85' lang='lat' dir='ltr'><strong>dignitatum</strong></span> <span class='ocrx_word' id='word_1_296' title='bbox 1872 3612 1918 3667; x_wconf 90' lang='lat' dir='ltr'><strong><em>S</em></strong></span> <span class='ocrx_word' id='word_1_297' title='bbox 1949 3610 2047 3667; x_wconf 79' lang='lat' dir='ltr'><strong>sed</strong></span> <span class='ocrx_word' id='word_1_298' title='bbox 2079 3628 2171 3665; x_wconf 91' lang='lat' dir='ltr'><strong>um</strong></span> <span class='ocrx_word' id='word_1_299' title='bbox 2206 3626 2346 3666; x_wconf 80' lang='lat' dir='ltr'><strong>corr.</strong></span> <span class='ocrx_word' id='word_1_300' title='bbox 2382 3628 2453 3667; x_wconf 83' lang='lat' dir='ltr'><strong>m.</strong></span> <span class='ocrx_word' id='word_1_301' title='bbox 2489 3612 2531 3665; x_wconf 79' lang='lat'><strong><em>2</em></strong></span> <span class='ocrx_word' id='word_1_302' title='bbox 2745 3611 2860 3663; x_wconf 90' lang='lat' dir='ltr'><strong>tor·</strong></span> 
     </span>
     <span class='ocr_line' id='line_1_31' title="bbox 595 3694 2861 3768; baseline -0.001 -15"><span class='ocrx_word' id='word_1_303' title='bbox 595 3699 758 3753; x_wconf 87' lang='lat' dir='ltr'><strong>batur</strong></span> <span class='ocrx_word' id='word_1_304' title='bbox 794 3699 842 3754; x_wconf 86' lang='lat' dir='ltr'><strong><em>S</em></strong></span> <span class='ocrx_word' id='word_1_305' title='bbox 1042 3699 1313 3754; x_wconf 81' lang='lat' dir='ltr'><strong>diducitur</strong></span> <span class='ocrx_word' id='word_1_306' title='bbox 1347 3698 1395 3754; x_wconf 94' lang='lat' dir='ltr'><strong><em>S</em></strong></span> <span class='ocrx_word' id='word_1_307' title='bbox 1425 3698 1486 3753; x_wconf 86' lang='lat' dir='ltr'><strong>di</strong></span> <span class='ocrx_word' id='word_1_308' title='bbox 1519 3716 1590 3754; x_wconf 79' lang='lat' dir='ltr'><strong>ex</strong></span> <span class='ocrx_word' id='word_1_309' title='bbox 1624 3698 1691 3753; x_wconf 88' lang='lat' dir='ltr'><strong>de</strong></span> <span class='ocrx_word' id='word_1_310' title='bbox 1726 3715 1797 3754; x_wconf 86' lang='lat' dir='ltr'><strong>m.</strong></span> <span class='ocrx_word' id='word_1_311' title='bbox 1831 3700 1873 3753; x_wconf 82' lang='lat'><strong><em>2</em></strong></span> <span class='ocrx_word' id='word_1_312' title='bbox 2052 3700 2086 3753; x_wconf 89' lang='grc'><strong>9</strong></span> <span class='ocrx_word' id='word_1_313' title='bbox 2120 3698 2179 3751; x_wconf 89' lang='lat' dir='ltr'><strong>in</strong></span> <span class='ocrx_word' id='word_1_314' title='bbox 2214 3712 2313 3752; x_wconf 88' lang='lat' dir='ltr'><strong>om.</strong></span> <span class='ocrx_word' id='word_1_315' title='bbox 2354 3697 2456 3768; x_wconf 69' lang='grc' dir='ltr'><strong>ΩΤ</strong></span> <span class='ocrx_word' id='word_1_316' title='bbox 2619 3694 2861 3751; x_wconf 82' lang='lat' dir='ltr'><strong>nitentes</strong></span> 
     </span>
     <span class='ocr_line' id='line_1_32' title="bbox 598 3781 2793 3857; baseline -0.002 -17"><span class='ocrx_word' id='word_1_317' title='bbox 598 3785 773 3857; x_wconf 70' lang='lat'><strong>08¹1*</strong></span> <span class='ocrx_word' id='word_1_318' title='bbox 971 3785 1149 3854; x_wconf 89' lang='lat' dir='ltr'><strong>eloqui</strong></span> <span class='ocrx_word' id='word_1_319' title='bbox 1189 3785 1294 3855; x_wconf 68' lang='grc' dir='ltr'><strong>ΘΤ</strong></span> <span class='ocrx_word' id='word_1_320' title='bbox 1507 3785 1577 3839; x_wconf 88' lang='grc'><strong>10</strong></span> <span class='ocrx_word' id='word_1_321' title='bbox 1609 3784 1719 3840; x_wconf 86' lang='lat' dir='ltr'><strong>dici</strong></span> <span class='ocrx_word' id='word_1_322' title='bbox 1753 3784 1889 3839; x_wconf 88' lang='lat' dir='ltr'><strong>satis</strong></span> <span class='ocrx_word' id='word_1_323' title='bbox 1924 3784 2095 3853; x_wconf 87' lang='lat' dir='ltr'><strong>possit</strong></span> <span class='ocrx_word' id='word_1_324' title='bbox 2128 3801 2161 3840; x_wconf 85' lang='lat' dir='ltr'><strong><em>v</em></strong></span> <span class='ocrx_word' id='word_1_325' title='bbox 2375 3781 2519 3851; x_wconf 86' lang='lat' dir='ltr'><strong>quod</strong></span> <span class='ocrx_word' id='word_1_326' title='bbox 2553 3796 2653 3837; x_wconf 86' lang='lat' dir='ltr'><strong>om.</strong></span> <span class='ocrx_word' id='word_1_327' title='bbox 2693 3782 2793 3853; x_wconf 76' lang='lat' dir='ltr'><strong>QT</strong></span> 
     </span>
    </p>
   </div>
   <div class='ocr_carea' id='block_1_5' title="bbox 593 3869 2863 4459">
    <p class='ocr_par' dir='ltr' id='par_1_6' title="bbox 593 3869 2863 4459">
     <span class='ocr_line' id='line_1_33' title="bbox 598 3869 2863 3945; baseline -0.003 -16"><span class='ocrx_word' id='word_1_328' title='bbox 598 3875 1016 3945; x_wconf 63' lang='lat' dir='ltr'><strong>llgexpresserit</strong></span> <span class='ocrx_word' id='word_1_329' title='bbox 1053 3874 1100 3945; x_wconf 79' lang='lat' dir='ltr'><em>Q</em></span> <span class='ocrx_word' id='word_1_330' title='bbox 1323 3874 1391 3928; x_wconf 79' lang='lat'><strong>12</strong></span> <span class='ocrx_word' id='word_1_331' title='bbox 1423 3874 1532 3927; x_wconf 86' lang='lat' dir='ltr'><strong>tres</strong></span> <span class='ocrx_word' id='word_1_332' title='bbox 1569 3871 1833 3945; x_wconf 78' lang='lat' dir='ltr'><strong><em>LNQST</em></strong></span> <span class='ocrx_word' id='word_1_333' title='bbox 2049 3870 2313 3939; x_wconf 88' lang='lat' dir='ltr'><strong>simulque</strong></span> <span class='ocrx_word' id='word_1_334' title='bbox 2352 3869 2481 3942; x_wconf 78' lang='lat' dir='ltr'><strong>QTv</strong></span> <span class='ocrx_word' id='word_1_335' title='bbox 2739 3884 2863 3923; x_wconf 87' lang='lat' dir='ltr'><strong>con·</strong></span> 
     </span>
     <span class='ocr_line' id='line_1_34' title="bbox 598 3954 2727 4029; baseline -0.003 -14"><span class='ocrx_word' id='word_1_336' title='bbox 598 3964 772 4029; x_wconf 85' lang='lat' dir='ltr'><strong>guunt</strong></span> <span class='ocrx_word' id='word_1_337' title='bbox 810 3960 860 4014; x_wconf 88' lang='lat' dir='ltr'><em>T</em></span> <span class='ocrx_word' id='word_1_338' title='bbox 1131 3958 1396 4029; x_wconf 84' lang='lat' dir='ltr'><strong>simulque</strong></span> <span class='ocrx_word' id='word_1_339' title='bbox 1431 3960 1748 4014; x_wconf 89' lang='lat' dir='ltr'><strong>concurrunt</strong></span> <span class='ocrx_word' id='word_1_340' title='bbox 1786 3974 1885 4013; x_wconf 84' lang='lat' dir='ltr'><strong>om.</strong></span> <span class='ocrx_word' id='word_1_341' title='bbox 1927 3957 2031 4029; x_wconf 70' lang='grc' dir='ltr'><strong>ΩΤ</strong></span> <span class='ocrx_word' id='word_1_342' title='bbox 2263 3956 2331 4010; x_wconf 91' lang='grc'><strong>13</strong></span> <span class='ocrx_word' id='word_1_343' title='bbox 2366 3954 2636 4010; x_wconf 83' lang='lat' dir='ltr'><strong>audientis</strong></span> <span class='ocrx_word' id='word_1_344' title='bbox 2674 3954 2727 4009; x_wconf 88' lang='lat' dir='ltr'><em>T</em></span> 
     </span>
     <span class='ocr_line' id='line_1_35' title="bbox 597 4040 2863 4115; baseline -0.002 -15"><span class='ocrx_word' id='word_1_345' title='bbox 597 4048 666 4102; x_wconf 81' lang='lat'><strong>14</strong></span> <span class='ocrx_word' id='word_1_346' title='bbox 701 4046 1060 4114; x_wconf 86' lang='lat' dir='ltr'><strong>inritetusque</strong></span> <span class='ocrx_word' id='word_1_347' title='bbox 1096 4046 1181 4111; x_wconf 85' lang='lat' dir='ltr'><strong>S¹,</strong></span> <span class='ocrx_word' id='word_1_348' title='bbox 1215 4044 1588 4115; x_wconf 84' lang='lat' dir='ltr'><strong>inpeditosque</strong></span> <span class='ocrx_word' id='word_1_349' title='bbox 1623 4044 1748 4110; x_wconf 87' lang='lat' dir='ltr'><strong>NT,</strong></span> <span class='ocrx_word' id='word_1_350' title='bbox 1783 4043 2196 4112; x_wconf 86' lang='lat' dir='ltr'><strong>impetitosquae</strong></span> <span class='ocrx_word' id='word_1_351' title='bbox 2235 4042 2282 4113; x_wconf 80' lang='lat' dir='ltr'><strong><em>Q</em></strong></span> <span class='ocrx_word' id='word_1_352' title='bbox 2593 4040 2755 4095; x_wconf 87' lang='lat' dir='ltr'><strong>obuia</strong></span> <span class='ocrx_word' id='word_1_353' title='bbox 2790 4056 2863 4095; x_wconf 78' lang='lat' dir='ltr'><strong>ex</strong></span> 
     </span>
     <span class='ocr_line' id='line_1_36' title="bbox 593 4125 2727 4198; baseline -0.003 -11"><span class='ocrx_word' id='word_1_354' title='bbox 593 4132 720 4187; x_wconf 79' lang='lat' dir='ltr'><strong>cuia</strong></span> <span class='ocrx_word' id='word_1_355' title='bbox 755 4132 801 4187; x_wconf 90' lang='lat' dir='ltr'><strong><em>S</em></strong></span> <span class='ocrx_word' id='word_1_356' title='bbox 831 4149 899 4187; x_wconf 89' lang='lat' dir='ltr'><strong>m.</strong></span> <span class='ocrx_word' id='word_1_357' title='bbox 938 4135 976 4187; x_wconf 79' lang='lat'><em>2</em></span> <span class='ocrx_word' id='word_1_358' title='bbox 1209 4147 1395 4185; x_wconf 87' lang='lat' dir='ltr'><strong>auerso</strong></span> <span class='ocrx_word' id='word_1_359' title='bbox 1438 4130 1490 4185; x_wconf 89' lang='lat' dir='ltr'><em>T</em></span> <span class='ocrx_word' id='word_1_360' title='bbox 1724 4128 1951 4198; x_wconf 82' lang='lat' dir='ltr'><strong>martyri</strong></span> <span class='ocrx_word' id='word_1_361' title='bbox 1988 4128 2054 4183; x_wconf 90' lang='lat' dir='ltr'><strong>S¹</strong></span> <span class='ocrx_word' id='word_1_362' title='bbox 2260 4128 2328 4183; x_wconf 87' lang='lat'><strong>15</strong></span> <span class='ocrx_word' id='word_1_363' title='bbox 2360 4127 2507 4182; x_wconf 88' lang='lat' dir='ltr'><strong>tanti</strong></span> <span class='ocrx_word' id='word_1_364' title='bbox 2540 4142 2639 4182; x_wconf 86' lang='lat' dir='ltr'><strong>om.</strong></span> <span class='ocrx_word' id='word_1_365' title='bbox 2678 4125 2727 4181; x_wconf 94' lang='lat' dir='ltr'><strong><em>S</em></strong></span> 
     </span>
     <span class='ocr_line' id='line_1_37' title="bbox 599 4212 2861 4289; baseline -0.004 -16"><span class='ocrx_word' id='word_1_366' title='bbox 599 4218 665 4273; x_wconf 80' lang='lat'><strong>17</strong></span> <span class='ocrx_word' id='word_1_367' title='bbox 702 4218 948 4289; x_wconf 85' lang='lat' dir='ltr'><strong>imperia]</strong></span> <span class='ocrx_word' id='word_1_368' title='bbox 986 4218 1041 4271; x_wconf 92' lang='lat' dir='ltr'><strong>in</strong></span> <span class='ocrx_word' id='word_1_369' title='bbox 1077 4218 1258 4286; x_wconf 90' lang='lat' dir='ltr'><strong>patria</strong></span> <span class='ocrx_word' id='word_1_370' title='bbox 1296 4216 1398 4288; x_wconf 70' lang='grc' dir='ltr'><strong>ΩΤ</strong></span> <span class='ocrx_word' id='word_1_371' title='bbox 1597 4215 1975 4271; x_wconf 85' lang='lat' dir='ltr'><strong>deuinciuntur</strong></span> <span class='ocrx_word' id='word_1_372' title='bbox 2008 4230 2207 4284; x_wconf 88' lang='lat' dir='ltr'><strong>poenae</strong></span> <span class='ocrx_word' id='word_1_373' title='bbox 2244 4213 2311 4279; x_wconf 90' lang='lat' dir='ltr'><strong>S,</strong></span> <span class='ocrx_word' id='word_1_374' title='bbox 2350 4212 2653 4269; x_wconf 83' lang='lat' dir='ltr'><strong>deuincitur</strong></span> <span class='ocrx_word' id='word_1_375' title='bbox 2688 4227 2861 4280; x_wconf 89' lang='lat' dir='ltr'><strong>poena</strong></span> 
     </span>
     <span class='ocr_line' id='line_1_38' title="bbox 598 4297 2727 4376; baseline -0.004 -15"><span class='ocrx_word' id='word_1_376' title='bbox 598 4304 763 4376; x_wconf 77' lang='lat' dir='ltr'><strong>LNQ</strong></span> <span class='ocrx_word' id='word_1_377' title='bbox 771 4308 849 4361; x_wconf 78' lang='lat' dir='ltr'><strong>Tv</strong></span> <span class='ocrx_word' id='word_1_378' title='bbox 1065 4304 1227 4375; x_wconf 82' lang='lat' dir='ltr'><strong>mors]</strong></span> <span class='ocrx_word' id='word_1_379' title='bbox 1265 4320 1409 4359; x_wconf 89' lang='lat' dir='ltr'><strong>more</strong></span> <span class='ocrx_word' id='word_1_380' title='bbox 1451 4306 1502 4357; x_wconf 87' lang='lat' dir='ltr'><em>T</em></span> <span class='ocrx_word' id='word_1_381' title='bbox 1704 4300 1968 4356; x_wconf 81' lang='lat' dir='ltr'><strong>subicitur</strong></span> <span class='ocrx_word' id='word_1_382' title='bbox 2006 4299 2137 4372; x_wconf 74' lang='lat' dir='ltr'><strong>QTv</strong></span> <span class='ocrx_word' id='word_1_383' title='bbox 2345 4300 2412 4353; x_wconf 89' lang='lat'><strong>18</strong></span> <span class='ocrx_word' id='word_1_384' title='bbox 2438 4299 2504 4368; x_wconf 90' lang='lat' dir='ltr'><strong>si]</strong></span> <span class='ocrx_word' id='word_1_385' title='bbox 2543 4298 2635 4353; x_wconf 86' lang='lat' dir='ltr'><strong>sed</strong></span> <span class='ocrx_word' id='word_1_386' title='bbox 2676 4297 2727 4352; x_wconf 90' lang='lat' dir='ltr'><em>T</em></span> 
     </span>
     <span class='ocr_line' id='line_1_39' title="bbox 598 4384 2726 4459; baseline -0.004 -12"><span class='ocrx_word' id='word_1_387' title='bbox 598 4392 666 4447; x_wconf 84' lang='lat'><strong>19</strong></span> <span class='ocrx_word' id='word_1_388' title='bbox 701 4391 924 4446; x_wconf 83' lang='lat' dir='ltr'><strong>obsistit</strong></span> <span class='ocrx_word' id='word_1_389' title='bbox 959 4390 1045 4458; x_wconf 66' lang='grc' dir='ltr'><strong>δ”,</strong></span> <span class='ocrx_word' id='word_1_390' title='bbox 1078 4390 1396 4446; x_wconf 85' lang='lat' dir='ltr'><strong>absistimus</strong></span> <span class='ocrx_word' id='word_1_391' title='bbox 1435 4389 1539 4459; x_wconf 77' lang='lat' dir='ltr'><strong>QT</strong></span> <span class='ocrx_word' id='word_1_392' title='bbox 1824 4388 1924 4442; x_wconf 89' lang='lat' dir='ltr'><strong>hoc</strong></span> <span class='ocrx_word' id='word_1_393' title='bbox 1959 4388 2157 4442; x_wconf 87' lang='lat' dir='ltr'><strong>uestris</strong></span> <span class='ocrx_word' id='word_1_394' title='bbox 2193 4402 2263 4441; x_wconf 85' lang='lat' dir='ltr'><strong>m.</strong></span> <span class='ocrx_word' id='word_1_395' title='bbox 2298 4384 2583 4455; x_wconf 85' lang='lat' dir='ltr'><strong>ponderati</strong></span> <span class='ocrx_word' id='word_1_396' title='bbox 2622 4384 2726 4455; x_wconf 71' lang='grc' dir='ltr'><strong>ΘΤ</strong></span> 
     </span>
    </p>
   </div>
   <div class='ocr_carea' id='block_1_6' title="bbox 594 4477 1005 4547">
    <p class='ocr_par' dir='ltr' id='par_1_7' title="bbox 594 4477 1005 4547">
     <span class='ocr_line' id='line_1_40' title="bbox 594 4477 1005 4547; baseline 0 -15"><span class='ocrx_word' id='word_1_397' title='bbox 594 4477 668 4532; x_wconf 81' lang='grc'><strong>20</strong></span> <span class='ocrx_word' id='word_1_398' title='bbox 699 4477 912 4547; x_wconf 89' lang='lat' dir='ltr'><strong>percipe</strong></span> <span class='ocrx_word' id='word_1_399' title='bbox 952 4477 1005 4532; x_wconf 88' lang='lat' dir='ltr'><em>T</em></span> 
     </span>
    </p>
   </div>
  </div>
 </body>
</html>
