3217 5150
582 515 666 571 Ad
698 515 965 585 Vigilium
999 513 1302 583 episcopum
1335 512 1400 568 de
1433 512 1651 567 Iudaica
1687 512 2059 567 incredulitate
2094 529 2141 566 c.
2176 514 2330 569 6-7.
2459 514 2583 579 127

333 678 406 736 de
436 675 662 735 Domini
691 675 908 749 pietate
939 672 1262 744 clementia,
1293 674 1360 731 ut
1387 672 1440 731 si
1470 672 1598 745 quis
1630 672 1805 731 semel
1834 688 1961 731 sese
1991 672 2053 730 in
2080 688 2211 731 eum
2238 674 2357 733 toto
2380 672 2583 732 timore

335 780 682 841 conuerterit
721 779 796 837 ad
826 776 1069 839 caeleste
1121 792 1326 835 munus
1357 774 1641 835 admissus
1694 774 1891 834 statim
1933 774 2045 833 iam
2077 774 2199 836 eius
2230 792 2343 835 non
2372 776 2485 835 nisi
2515 776 2589 835 ad

335 883 534 943 diuina
583 898 744 941 mens
791 883 990 955 pateat
1040 882 1099 939 et
1127 882 1198 941 ad
1249 878 1468 939 caelum
1499 895 1568 938 ac
1597 895 1846 953 superna
1875 876 2068 938 oculos
2098 878 2285 939 cordis
2316 880 2591 939 attollens

337 985 556 1046 Christi
584 987 776 1045 lumen
805 987 1008 1059 partae
1037 984 1155 1044 iam
1184 982 1391 1043 salutis
1421 981 1683 1057 aspiciat.

289 1110 316 1149 ⁵
421 1089 755 1162 Exemplum
785 1106 853 1148 ac
884 1090 1282 1148 documentum
1311 1086 1497 1147 nostri
1517 1085 1739 1145 timoris
1769 1088 1829 1145 et
1856 1085 1990 1145 fidei
2019 1103 2089 1145 ex
2117 1085 2299 1160 ipsius
2320 1085 2587 1147 Abrahae
2610 1087 2646 1144 7

335 1192 698 1267 patriarchae
727 1190 884 1251 fideli
911 1190 1253 1251 credulitate
1279 1190 1647 1264 monstratur,
1678 1186 1779 1263 qui
1807 1188 2233 1263 repromissioni
2261 1190 2368 1249 Dei
2394 1194 2586 1251 mente

337 1294 585 1371 simplici
635 1294 835 1354 statim
889 1294 1132 1353 credidit
1181 1296 1242 1353 et
1292 1292 1420 1353 ideo
1471 1292 1546 1351 ad
1584 1291 1867 1351 iustitiam
1927 1292 2192 1366 deputari
2219 1293 2273 1353 ei
2304 1294 2587 1367 condigna

331 1397 788 1458 remuneratione
815 1397 1169 1457 commeruit.
1201 1397 1308 1457 hoc
1339 1395 1493 1455 Deus
1525 1394 1737 1469 diligit,
1771 1396 1879 1454 hoc
1907 1395 2143 1468 adpetit,
2174 1396 2283 1455 hoc
2308 1397 2371 1455 in
2400 1397 2584 1457 seruis

331 1502 456 1561 suis
484 1499 767 1575 benignus
795 1502 1122 1561 remunerat
1151 1502 1212 1559 et
1252 1500 1513 1570 honorat,
1561 1498 1987 1571 simplicitatem
2030 1499 2226 1559 mundi
2256 1501 2443 1561 cordis
2471 1519 2583 1575 quo

257 1620 312 1659 ιο
331 1604 516 1664 Deum
546 1603 846 1675 cernimus,
877 1602 1141 1661 timorem
1169 1600 1494 1661 dilectionis
1526 1600 1759 1660 Domini
1787 1618 1897 1675 quo
1926 1602 2249 1677 probamur,
2296 1604 2585 1665 credulam

329 1708 500 1767 fldem
549 1707 759 1767 mentis
809 1722 924 1779 qua
973 1704 1234 1765 iustitiae
1284 1706 1645 1779 deputamur.
1692 1706 1841 1764 hanc
1886 1704 2055 1764 fidem
2084 1706 2267 1781 sequi,
2298 1709 2450 1768 hunc
2477 1708 2584 1768 Dei

328 1810 590 1869 timorem
643 1824 873 1869 seruare
925 1824 1030 1868 nos
1083 1808 1366 1879 conuenit,
1419 1807 1517 1882 qui
1573 1806 1959 1867 custodientes
2000 1808 2179 1867 uerba
2224 1811 2498 1871 caelestia
2526 1814 2585 1871 et

329 1916 624 1986 sperantes
675 1911 954 1986 promissa
1005 1910 1202 1970 diuina
1251 1910 1357 1969 filii
1403 1909 1671 1969 Abrahae
1716 1912 2025 1971 meruimus
2053 1914 2387 1987 nuncupari.
2432 1918 2583 1989 quod

327 2015 576 2089 apostoli
625 2016 796 2074 Pauli
849 2014 948 2089 qui
998 2013 1105 2075 Dei
1156 2030 1294 2075 uoce
1347 2032 1452 2073 uas
1503 2013 1801 2075 electionis
1830 2017 1919 2075 est
1949 2015 2137 2075 dictus
2166 2018 2583 2078 contestatione

257 2140 308 2179 ιε
327 2119 589 2177 firmatur
643 2118 918 2179 dicentis:
980 2118 1176 2177 sicut
1231 2118 1594 2177 Abraham
1660 2117 1985 2177 credidit
2027 2118 2206 2191 Deo,
2268 2123 2340 2179 et
2382 2138 2580 2181 acce-

327 2224 452 2296 pto
517 2221 746 2280 latum
813 2224 928 2281 est
983 2220 1050 2281 ei
1111 2221 1197 2279 ad
1259 2220 1656 2279 iustitiam.
1725 2222 2159 2295 cognoscite
2205 2240 2373 2297 ergo
2418 2242 2581 2299 quo-

325 2324 519 2383 niam
563 2324 685 2398 qui
729 2342 811 2384 ex
852 2324 1006 2384 fide
1051 2326 1222 2383 sunt
1264 2324 1339 2382 hi
1383 2327 1558 2383 sunt
1599 2323 1763 2383 filii
1806 2325 2160 2386 Abrahae.
2222 2326 2329 2386 hoc
2386 2328 2582 2387 Iudai-

325 2444 426 2486 cus
476 2425 738 2502 populus,
794 2427 882 2487 cui
913 2445 950 2487 a
988 2426 1296 2501 primordio
1348 2426 1496 2501 legis
1547 2428 1763 2487 monita
1812 2426 2209 2502 loquebantur,
2256 2429 2581 2490 incredulae

325 2532 536 2591 mentis
587 2532 799 2592 duritia
849 2534 924 2592 et·
950 2531 1154 2607 perfidi
1205 2531 1392 2592 cordis
1449 2531 1675 2592 insania
1716 2548 1945 2592 seruare
1974 2532 2178 2607 noluit,
2234 2536 2297 2593 et
2323 2533 2449 2594 ideo
2478 2550 2581 2610 pro

251 2655 306 2696 ιο
327 2635 679 2695 diffidentiae
709 2636 908 2695 merito
939 2635 1186 2696 filiorum
1215 2651 1418 2695 nomen
1451 2635 1663 2694 amisit.
1704 2652 1819 2696 non
1846 2639 2040 2694 tamen
2062 2635 2311 2696 omnium
2331 2637 2581 2710 perfidae

323 2738 514 2812 gentis
564 2739 840 2798 aduersus
891 2755 1098 2800 nomen
1147 2738 1394 2810 Domini,
1446 2737 1751 2811 quominus
1802 2737 2205 2814 intellegerent
2254 2739 2578 2815 ueritatem,

476 2937 540 2992 15
575 2936 692 2991 Gal.
729 2937 778 3002 3,
816 2938 866 2990 6.

466 3144 497 3197 1
530 3146 612 3214 ut]
651 3145 746 3196 aut
780 3142 834 3196 Z
1057 3142 1190 3211 sese]
1227 3158 1284 3195 se
1319 3143 1382 3207 Z,
1420 3159 1532 3196 esse
1567 3149 1592 3197 t
1812 3143 1891 3213 in]
1928 3143 1998 3198 ad
2036 3145 2163 3199 Bal.
2390 3147 2426 3200 2
2461 3161 2583 3200 con·
2612 3115 2619 3125 .

325 3229 564 3293 uerteret
598 3232 662 3294 t¹,
698 3228 956 3282 auerterit
992 3227 1046 3280 Z
1181 3228 1250 3282 ad
1285 3245 1356 3282 ex
1390 3232 1445 3282 et
1481 3235 1504 3284 t
1537 3245 1605 3283 m.
1645 3231 1704 3294 2,
1740 3231 1795 3282 et
1830 3229 1899 3283 ad
1934 3248 1972 3298 μ
2124 3232 2381 3286 acmissus
2418 3231 2515 3286 'w

329 3329 482 3368 mens
517 3315 631 3368 eius
665 3331 774 3370 non
807 3315 917 3368 iam
953 3314 1062 3368 nisi
1097 3314 1166 3368 ad
1201 3314 1387 3369 diuina
1423 3315 1551 3371 Bal.
1783 3315 1820 3372 3
1856 3316 1936 3384 ac]
1974 3316 2043 3370 ad
2077 3317 2132 3370 Z
2330 3320 2368 3373 4
2401 3322 2585 3387 partae

323 3401 454 3470 iam]
501 3415 594 3469 per
626 3400 682 3455 id
725 3403 930 3469 pertem
975 3402 1084 3454 iam
1117 3401 1182 3466 Z,
1219 3417 1280 3455 ac
1325 3401 1562 3471 patriam
1595 3401 1755 3468 Bal-3
1802 3409 1881 3456 cet
1914 3404 2249 3472 yraeciemue
2284 3420 2395 3472 pro
2429 3408 2585 3473 parta

328 3487 444 3540 iam
478 3487 652 3540 salute
663 3506 682 3553 ;
715 3486 788 3553 cf.
826 3486 1053 3542 Reman
1077 3503 1211 3556 pay.
1247 3491 1352 3542 436
1487 3488 1524 3542 5
1558 3487 1640 3556 ac]
1679 3487 1751 3541 ad
1784 3494 1807 3542 t
1944 3489 1979 3541 6
2014 3505 2071 3542 se
2106 3490 2447 3557 promissioni
2468 3493 2521 3544 Z

323 3571 357 3624 7
395 3574 452 3625 et
485 3588 583 3626 om.
621 3572 675 3626 Z
761 3595 770 3602 ·
895 3571 1158 3641 condigne
1199 3573 1271 3626 Τι
1498 3573 1533 3626 8
1569 3573 1805 3643 adpeciit
1840 3575 1892 3628 Z
2108 3575 2143 3628 9
2177 3575 2583 3645 simplicitatem

325 3658 585 3713 uidelicet
618 3658 743 3713 Bal.
783 3675 854 3713 σω
886 3674 921 3713 r
1126 3674 1232 3728 quo
1267 3659 1425 3713 deum
1457 3660 1670 3728 εοήρεί,
1710 3659 1851 3730 quod
1884 3676 2005 3714 eum
2032 3661 2145 3726 Τι’,
2181 3677 2287 3730 quo
2321 3677 2443 3716 eum
2476 3663 2582 3732 τ’μ,

323 3744 570 3813 quoquod
605 3761 724 3800 cum
759 3746 826 3810 Z,
860 3745 956 3814 qui
993 3745 1210 3814 quidem
1244 3745 1360 3799 eius
1394 3763 1429 3801 v
1775 3747 1843 3800 10
1877 3746 2084 3801 domini
2121 3763 2222 3802 om.
2260 3747 2326 3813 Z,
2370 3748 2457 3802 dei
2492 3753 2515 3802 t

321 3829 610 3899 probamus
646 3833 700 3884 Z
902 3832 967 3885 11
1005 3847 1107 3900 que
1139 3831 1359 3885 iusticia
1394 3831 1448 3885 Z
1652 3831 1719 3885 12
1758 3831 2011 3885 timorem
2045 3831 2134 3886 dei
2168 3832 2223 3886 Z
2425 3832 2492 3886 13
2526 3836 2583 3887 et

322 3915 514 3970 diuina
554 3917 648 3971 Τι’ι
853 3933 1113 3970 meremur
1148 3933 1218 3971 ex
1253 3917 1452 3970 meruit
1485 3923 1508 3972 t
1531 3933 1601 3971 m.
1627 3919 1669 3970 2
1876 3917 1944 3971 14
1977 3917 2126 3986 pauli
2150 3959 2163 3973 .
2188 3956 2203 3971 .
2232 3957 2247 3973 .
2272 3918 2309 3972 Ζ.
2332 3919 2402 3972 15
2428 3918 2579 3974 abra-

321 4005 453 4059 ham
485 4020 585 4058 om.
622 4005 676 4059 Z
899 4005 966 4060 15
1003 4004 1162 4074 sicut]
1201 4005 1278 4058 sic
1312 4021 1346 4060 v
1567 4006 1773 4074 accepti
1806 4005 1979 4059 latum
2016 4025 2074 4075 μ,
2110 4004 2429 4074 deputatum
2463 4008 2520 4061 Z

323 4090 394 4144 16
431 4090 752 4159 cognoscitis
787 4091 844 4144 Z
1045 4092 1314 4160 quoniam]
1356 4091 1484 4160 quia
1518 4092 1574 4145 Z
1779 4091 1843 4146 17
1879 4090 1942 4144 hi
1977 4107 2019 4144 a.
2055 4091 2094 4144 f.
2135 4091 2387 4161 abrahae]
2424 4092 2580 4148 bene-

323 4175 463 4230 dicti
495 4179 623 4230 sunt
657 4191 778 4230 cum
815 4175 964 4230 fideli
998 4176 1258 4230 abraham
1294 4177 1350 4232 Z
1570 4178 1640 4232 18
1670 4194 1706 4256 a
1742 4193 1843 4232 om.
1878 4177 1935 4230 Z
2150 4177 2423 4232 incredula
2464 4178 2517 4233 Τ

321 4264 392 4318 19
425 4263 639 4332 perfidis
675 4263 788 4330 w,
824 4263 1048 4333 perfidia
1079 4263 1128 4318 τ’
1425 4263 1595 4320 cordis
1631 4280 1735 4320 om.
1777 4266 1851 4320 Tc
2158 4265 2426 4320 insaniam
2460 4266 2519 4320 Z

320 4349 394 4403 20
426 4349 770 4404 diffedentiae
809 4349 871 4415 T,
909 4349 1210 4404 differentie
1243 4351 1300 4404 Z
1545 4351 1769 4404 nomina
1803 4349 1958 4404 misit
1995 4349 2046 4403 T
2304 4349 2579 4420 perfidiam

321 4437 510 4504 gentes
545 4435 594 4489 Z
