3217 5150
687 514 816 578 224
1634 506 2002 575 Appendix.

689 672 875 732 officio
919 672 1232 731 attrahitur
1273 669 1528 731 uicissim
1559 686 1627 729 ac
1656 669 1915 729 redditur
1943 669 2182 741 halitus,
2236 670 2453 727 certum
2484 669 2637 727 uitae
2668 664 2943 726 indicium

690 778 808 837 est:
853 776 1004 835 unde
1061 774 1330 848 loquendi
1381 774 1789 833 consuetudine
1836 771 2055 847 spirare
2100 773 2366 831 dicuntur
2395 774 2493 845 qui
2522 771 2728 829 uiuunt
2756 772 2817 828 et
2846 786 2939 829 ex-

689 882 942 956 spirasse
985 880 1082 955 qui
1133 879 1312 938 uitam
1357 878 1644 937 finierunt.
1692 877 1832 950 quin
1860 878 1919 935 et
1957 876 2148 935 anima
2176 876 2399 934 Latinis
2426 874 2599 933 flatus
2628 874 2843 933 dicitur
2868 875 2943 933 ad

690 984 935 1043 Graecae
979 984 1134 1042 uocis
1184 980 1581 1053 imitationem,
1636 980 1735 1055 qui
1778 983 2014 1039 uentum
2042 968 2273 1059 ἄνεμον
2312 981 2535 1039 uocant.
2582 994 2753 1051 super
2798 978 2941 1036 haec

691 1090 824 1147 sunt
868 1088 928 1145 in
977 1086 1100 1162 ipso
1142 1086 1366 1145 homine
1413 1084 1781 1145 subtilissimi
1812 1082 2055 1157 spiritus
2085 1101 2122 1142 a
2152 1084 2319 1143 corde
2348 1081 2447 1140 ubi
2479 1080 2695 1141 fontem
2724 1081 2939 1139 habent
2955 1098 2981 1135 ⁵

687 1191 876 1265 sparsi
904 1207 1007 1265 per
1035 1190 1365 1251 uniuersum
1395 1206 1619 1261 coerS,
1668 1189 1770 1248 sed
1810 1187 2112 1261 praecipue
2140 1203 2243 1260 per
2272 1185 2513 1244 arterias
2542 1186 2939 1256 commeantes,

683 1295 821 1355 licet
851 1297 910 1353 et
939 1293 1071 1352 aliis
1120 1293 1382 1366 partibus
1429 1292 1693 1352 omnibus
1738 1291 1931 1351 mixti:
1980 1289 2042 1349 hi
2082 1289 2135 1349 si
2174 1288 2363 1375 subito
2406 1289 2653 1359 euolent,
2700 1289 2941 1346 mortem

685 1402 1039 1474 praesentem
1082 1398 1357 1455 afferunt:
1405 1395 1497 1455 sin
1543 1395 1927 1466 includantur,
1978 1393 2138 1453 lenta
2182 1394 2572 1467 aegrotatione
2602 1391 2943 1451 consumunt

683 1502 988 1563 hominem.
1036 1501 1198 1560 adest
1230 1503 1289 1560 et
1317 1500 1521 1559 humor
1553 1499 1784 1573 quidam
1814 1497 2119 1570 naturalis,
2167 1514 2334 1571 quem
2368 1500 2429 1554 ut
2457 1495 2709 1554 arbitror
2734 1493 2939 1553 medici

684 1605 956 1680 phlegma
1007 1606 1233 1673 uocant,
1291 1618 1524 1675 sparsus
1572 1602 1785 1675 etipse
1816 1617 1919 1674 per
1944 1601 2275 1660 uniuersum
2306 1615 2525 1673 corpus·
2574 1597 2746 1657 huius
2776 1614 2939 1655 usum
2958 1615 3009 1654 ιο

684 1726 992 1783 numquam
1045 1706 1324 1766 sentimus
1383 1705 1707 1766 euidentius
1747 1722 1917 1779 quam
1946 1703 2007 1763 in
2037 1719 2209 1762 sensu
2240 1704 2477 1777 gustus:
2524 1701 2636 1761 nisi
2668 1702 2819 1760 enim
2848 1700 2943 1759 hic

687 1811 972 1871 admixtus
1017 1810 1094 1869 sit
1149 1809 1300 1869 inter
1338 1808 1594 1883 linguam
1628 1812 1689 1867 et
1716 1809 1994 1883 palatum,
2048 1806 2269 1865 nullum
2300 1805 2411 1865 erit
2436 1805 2617 1879 palati
2646 1804 2939 1863 iudicium.

684 1916 744 1973 et
784 1916 974 1974 tamen
1016 1914 1156 1972 haec
1201 1913 1282 1972 sic
1333 1911 1512 1971 mixta
1557 1912 1783 1971 suntin
1816 1911 2061 1983 homine,
2114 1913 2181 1969 ut
2209 1926 2323 1969 non
2354 1909 2433 1968 sit
2462 1908 2697 1982 sanguis
2728 1907 2941 1979 absque

689 2017 898 2091 spiritu
940 2019 1000 2075 et
1040 2016 1388 2090 phlegmate,
1443 2017 1500 2075 et
1545 2015 1765 2089 pariter
1796 2015 1868 2075 ad
1898 2014 2164 2074 tuendam
2195 2014 2377 2073 uitam
2407 2011 2704 2072 conferunt
2734 2010 2939 2070 omnia.

684 2117 943 2178 uidemus
996 2118 1237 2192 quoduis
1291 2118 1502 2178 animal
1553 2120 1700 2179 mori
1730 2118 2069 2191 simulatque
2100 2117 2337 2191 sanguis
2366 2114 2670 2186 effluxerit,
2716 2116 2775 2173 et
2804 2130 2939 2172 con·
2958 2132 3007 2171 ιε»

686 2225 874 2283 sumto
905 2224 1138 2281 humore
1171 2240 1337 2297 quem
1367 2222 1572 2281 medici
1603 2222 1912 2281 radicalem
1935 2224 2144 2281 uocant
2167 2238 2279 2280 non
2302 2219 2471 2278 aliter
2490 2219 2730 2278 moritur
2752 2218 2940 2289 homo,

685 2343 854 2401 quam
898 2325 1283 2400 exstinguitur
1323 2326 1558 2385 lucerna
1607 2327 1898 2385 consumto
1947 2325 2089 2385 oleo.
2137 2325 2236 2383 sed
2264 2323 2503 2383 nimium
2532 2322 2631 2381 diu
2662 2336 2942 2380 moramur

683 2430 744 2489 in
790 2429 1265 2504 contemplatione
1314 2432 1572 2501 naturae,
1626 2430 1774 2503 quod
1815 2430 2007 2488 tamen
2048 2445 2162 2487 non
2188 2426 2472 2486 inutiliter
2500 2424 2715 2485 factum
2744 2423 2944 2497 opinor

686 2552 721 2594 a
749 2534 934 2606 nobis,
989 2536 1056 2593 ut
1099 2530 1406 2593 dilucidius
1447 2532 1551 2592 fiat
1601 2532 1828 2592 caritati
1861 2534 2089 2592 uestrae
2118 2528 2470 2606 mysterium,
2522 2526 2586 2586 in
2617 2527 2777 2588 cuius
2808 2541 2939 2586 con-

683 2638 1052 2712 templatione
1106 2637 1232 2696 ideo
1285 2653 1581 2696 uersamur
1620 2636 1915 2696 lubentius
1961 2635 2097 2708 quia
2122 2634 2426 2693 salubrius.
2471 2649 2603 2690 nam
2645 2631 2807 2690 iuxta
2834 2646 2941 2688 na·
2959 2645 3009 2685 20

683 2744 846 2801 turae
901 2740 1413 2802 considerationem
1466 2742 1604 2799 tuno
1654 2740 1771 2798 ista
1812 2755 2076 2813 magnam
2118 2738 2233 2796 uim
2280 2738 2513 2808 habent,
2566 2753 2692 2795 cum
2724 2734 2785 2792 in
2814 2735 2943 2793 uiuo

685 2860 918 2917 corpore
963 2860 1069 2902 sua
1113 2842 1308 2902 munia
1349 2845 1669 2917 peragunt:
1715 2860 1783 2901 ac
1825 2841 1983 2900 iuxta
2022 2841 2315 2916 mysticam
2360 2837 2779 2914 philosophiam
2810 2840 2947 2897 tuno

687 2947 914 3004 demum
944 2944 1254 3019 plurimum
1284 2945 1480 3003 ualent
1510 2961 1641 3003 oum
1671 2961 1875 3019 corpus
1906 2943 2255 3019 relinquunt.

629 3061 666 3119 6
772 3047 953 3106 Nemo
1005 3048 1245 3108 miratus
1297 3050 1385 3106 est
1435 3046 1739 3106 Dominum
1788 3047 2036 3106 humano
2088 3063 2243 3106 more
2294 3047 2605 3120 spirantem
2646 3061 2715 3104 ac
2755 3043 2942 3118 respi-

686 3152 928 3221 rantem,
983 3152 1083 3209 sed
1113 3150 1330 3210 cumin
1360 3167 1522 3210 cruce
1552 3150 1801 3210 clamore
1851 3151 2042 3211 ualido
2093 3149 2378 3210 emisisset
2430 3149 2715 3227 spiritum,
2774 3147 2939 3206 simul
2958 3165 3009 3204 2³

686 3253 1041 3312 intellectum
1095 3256 1204 3326 est,
1257 3254 1422 3312 illum
1475 3255 1533 3312 et
1585 3268 1784 3313 uerum
1836 3249 2013 3312 fuisse
2063 3253 2347 3312 hominem
2388 3254 2445 3310 et
2485 3267 2683 3310 uerum
2728 3249 2936 3309 Deum:

685 3358 968 3416 hominem
999 3358 1150 3432 quod
1179 3358 1338 3416 iuxta
1365 3359 1604 3416 naturae
1636 3357 1891 3416 ordinem
1922 3358 1981 3415 et
2010 3357 2108 3416 ubi
2136 3355 2373 3415 uitalem
2404 3355 2604 3414 flatum
2634 3353 2939 3425 emisisset,

684 3459 858 3518 desiit
908 3459 1131 3520 uiuere:
1180 3459 1381 3531 Deum,
1435 3462 1586 3534 quod
1628 3459 1801 3519 simul
1844 3477 1972 3520 cum
2020 3460 2239 3533 ingenti
2271 3457 2513 3518 clamore
2542 3460 2801 3517 mortuus
2832 3457 2938 3528 est,

684 3563 981 3622 declarans
1013 3581 1074 3623 se
1105 3563 1390 3622 uolentem
1420 3581 1486 3623 ac
1517 3567 1891 3636 spontaneum
1922 3565 2201 3636 deponere
2229 3562 2431 3632 uitam,
2484 3562 2635 3635 quod
2663 3561 2939 3620 humana-

684 3686 808 3727 rum
841 3667 1047 3726 uirium
1075 3683 1240 3727 nemo
1269 3667 1456 3726 nescit
1484 3684 1596 3728 non
1628 3683 1769 3726 esse.
1818 3668 1998 3727 sensit
2038 3667 2243 3726 efficax
2282 3665 2673 3725 testimonium
2704 3664 2937 3739 spiritus
2955 3681 3005 3720 ao

682 3769 902 3830 uicinus
955 3769 1240 3829 centurio:
1287 3768 1370 3828 sic
1427 3771 1580 3829 enim
1631 3773 1829 3830 narrat
1856 3771 2061 3829 beatus
2090 3770 2345 3828 Marcus:
2392 3769 2659 3828 uidens
2703 3771 2941 3827 autem

684 3872 1026 3934 centurio
1072 3872 1197 3947 qui
1241 3889 1321 3932 ex
1387 3875 1696 3933 aduerso
1758 3874 2031 3945 stabat,
2100 3872 2269 3946 quia
2313 3871 2417 3930 sic
2462 3871 2938 3946 exspirasset,

682 3977 820 4036 ait:
879 3993 1046 4036 uere
1100 3976 1222 4037 hic
1281 3979 1482 4036 homo
1539 3976 1758 4035 filius
1802 3975 1931 4035 Dei
1993 3976 2171 4034 erat.
2259 3974 2397 4049 quid
2448 3977 2630 4033 morte
2704 3972 2938 4033 abiecti-

681 4097 748 4138 us
810 4081 970 4138 iuxta
1027 4097 1249 4140 carnem
1267 4085 1296 4140 ⁴?
1371 4082 1472 4140 sed
1549 4079 1699 4140 nihil
1766 4081 1946 4138 morte
2024 4078 2315 4152 potentius
2410 4077 2569 4137 iuxta
2654 4077 2939 4157 spiritum.

681 4185 808 4241 erat
863 4183 922 4241 et
979 4181 1122 4242 illud
1183 4185 1413 4258 praeter
1485 4185 1724 4242 naturae
1782 4199 2011 4242 cursum
2080 4177 2233 4257 quod
2291 4197 2322 4239 e
2379 4181 2559 4241 latere
2633 4176 2942 4240 exanimati
2956 4199 3001 4238 ³5

819 4435 886 4489 31
923 4435 1086 4490 Marc.
1125 4435 1207 4501 15,
1245 4435 1332 4490 39.
