3217 5150
861 1307 926 1405 Ι·.
1009 1305 1160 1404 ΒΕ
1231 1302 1989 1404 SPEGTAGVLIS.

619 1633 1023 1690 CYPRIANVS
1057 1633 1267 1690 PLEBI
1301 1633 1385 1688 IN
1418 1633 1827 1690 EVANGELIO
1863 1633 2123 1689 STAM'I
2156 1634 2209 1690 S.

378 1807 472 1890 Vt
512 1846 602 1889 me
640 1829 786 1890 satis
825 1827 1125 1890 contristat
1175 1830 1234 1890 et
1262 1829 1508 1889 animum
1561 1832 1821 1904 nostrum
1860 1829 2118 1906 grauiter
2160 1831 2371 1906 affligit
2420 1847 2549 1892 cum
2568 1843 2603 1902 1

290 1933 456 1994 nulla
481 1931 624 1992 mihi
653 1931 939 1992 scribendi
969 1932 1041 1992 ad
1070 1949 1174 1992 uos
1201 1931 1516 2008 porrigitur
1545 1932 1764 1994 occasio
1780 1978 1795 2006 ,
1837 1934 2237 1994 detrimentum
2276 1937 2365 1995 est
2393 1934 2545 1994 enim

247 2057 273 2097 s
291 2053 476 2096 meum
506 2035 794 2095 uobiscum
825 2051 938 2096 non
960 2034 1228 2110 colloqui,
1259 2035 1344 2094 ita
1371 2035 1518 2094 nihil
1549 2035 1693 2096 mihi
1721 2038 1941 2098 tantam
1971 2037 2253 2098 laetitiam
2284 2038 2545 2098 hilarita-

289 2141 520 2212 temque
559 2137 814 2198 restituit
855 2155 1025 2212 quam
1065 2155 1192 2198 cum
1236 2139 1401 2200 adest
1439 2156 1638 2198 rursus
1680 2139 1918 2200 occasio.
1964 2140 2259 2200 uobiscum
2299 2157 2391 2200 me
2420 2157 2545 2202 esse

289 2241 554 2315 arbitror,
597 2259 724 2301 cum
763 2241 928 2301 uobis
967 2257 1070 2318 per
1097 2241 1324 2301 litteras
1351 2242 1568 2316 loquor.
1617 2259 1961 2318 quamquam
1991 2242 2171 2318 igitur
2198 2243 2283 2303 ita
2314 2260 2375 2304 se
2406 2244 2545 2304 haec

287 2346 498 2406 habere
519 2361 662 2418 quae
685 2345 808 2405 <lico
832 2347 1018 2404 certes
1041 2362 1143 2404 uos
1165 2361 1290 2404 esse
1319 2345 1494 2404 sciam
1513 2363 1618 2406 nec
1648 2346 1949 2421 quicquam
1965 2346 2035 2404 de
2066 2347 2361 2406 uerborum
2390 2363 2544 2407 meo·

287 2466 412 2508 rum
469 2448 711 2508 ueritate
765 2447 1026 2507 dubitare
1041 2493 1056 2521 ,
1124 2451 1316 2508 tamen
1356 2449 1532 2508 etiam
1583 2451 1977 2522 argumentum
2030 2449 2421 2510 sinceritatem
2462 2449 2547 2510 rei

217 2571 273 2611 10
291 2552 528 2613 asserit:
573 2569 706 2613 nam
734 2569 862 2613 cnm
890 2551 1049 2611 nulla
1078 2567 1312 2627 prorsus
1340 2551 1687 2627 praeteritur
1717 2553 1936 2613 occasio
1951 2598 1967 2627 ,
1998 2554 2273 2627 probatur
2302 2553 2545 2615 affectio.

287 2655 548 2730 quamuis
579 2672 714 2730 ergo
744 2658 934 2715 certus
965 2654 1072 2713 sim
1102 2672 1206 2715 uos
1228 2672 1344 2715 non
1364 2655 1553 2715 minus
1577 2673 1704 2715 esse
1726 2656 1789 2715 in
1815 2656 1970 2715 uitae
1994 2658 2127 2717 actu
2147 2672 2354 2730 graues
2378 2674 2547 2730 quam

215 2776 220 2782 ·
284 2757 346 2817 in
373 2760 727 2819 sacramento
758 2758 954 2818 fideles
972 2760 1228 2831 ttamen,
1261 2757 1524 2833 quoniam
1553 2776 1668 2819 non
1697 2759 1902 2819 desunt
1931 2758 2197 2819 uitiorum
2230 2763 2546 2821 assertores

284 2861 483 2921 blandi
512 2863 570 2920 et
599 2860 960 2935 indulgentes
991 2860 1218 2937 patroni
1249 2860 1347 2935 qui
1376 2862 1672 2937 praestant
1700 2861 1861 2921 uitiis
1890 2861 2286 2922 auctoritatem
2309 2866 2368 2923 et
2398 2864 2549 2938 quod

283 2965 372 3023 est
416 2964 667 3025 deterius
714 2982 1008 3025 censuram
1049 2966 1460 3039 scripturarum
1503 2963 1835 3030 caelestium
1874 2965 1935 3023 in
1975 2965 2398 3026 aduocationem
2428 2966 2543 3025 cri-

211 3085 264 3125 ιιι
282 3068 496 3126 minum
547 3072 904 3143 conuertunt,
950 3068 1114 3143 quasi
1155 3069 1280 3129 sine
1322 3069 1490 3143 culpa
1530 3070 1801 3129 innocens
1840 3069 2289 3143 spectaculorum
2334 3071 2407 3129 ad
2448 3087 2542 3130 re-

287 3170 616 3233 missionem
644 3172 820 3232 animi
841 3174 1148 3251 appetatur
1177 3173 1442 3247 uoluptas
1465 3204 1550 3217 —
1571 3190 1705 3233 nam
1730 3176 1789 3233 et
1816 3190 1883 3233 eo
1912 3190 2093 3247 usque
2122 3176 2423 3233 eneruatus
2452 3176 2542 3235 est

282 3274 702 3335 ecclesiasticae
726 3275 1062 3349 disciplinae
1084 3276 1250 3350 uigor
1271 3280 1330 3336 et
1358 3277 1442 3335 ita
1463 3276 1620 3336 omni
1641 3276 1873 3351 langore
1895 3276 2163 3359 uitiorum
2194 3276 2539 3351 praecipita-

279 3378 452 3437 turin
475 3378 638 3453 peius
659 3380 724 3438 ut
752 3396 869 3439 non
892 3378 1004 3438 iam
1033 3380 1195 3439 uitiis
1224 3380 1516 3440 excusatio
1544 3380 1645 3440 sed
1674 3380 1987 3441 auctoritas·
2014 3381 2182 3439 detur
2208 3412 2297 3424 -—-
2324 3380 2543 3455 placuit

413 3614 618 3684 Incipit
651 3614 720 3671 do
750 3615 1068 3685 spectaculis
1103 3615 1166 3680 Z,
1202 3615 1266 3669 de
1301 3615 1623 3685 spectaculis
1656 3635 1713 3683 μ,
1751 3630 1837 3671 om
1871 3632 1917 3669 r.
1959 3644 2025 3655 —
2224 3612 2260 3669 3
2294 3617 2543 3669 nostrum

178 3762 192 3771 ,
279 3714 368 3769 rp,
403 3715 582 3755 meum
616 3700 698 3755 Zo
909 3701 948 3755 4
981 3700 1119 3755 mihi
1153 3716 1253 3757 ont.
1289 3716 1321 3755 r
1535 3702 1571 3757 ὃ
1604 3702 1780 3757 nichil
1813 3701 1979 3755 michi
2014 3700 2065 3756 Z
2095 3706 2161 3756 ut
2194 3716 2407 3769 semper

277 3785 312 3839 6
345 3800 509 3853 quam
543 3802 702 3855 quom
725 3804 757 3841 r
793 3788 972 3855 (quom
999 3790 1114 3856 ‘pro
1137 3804 1254 3842 cum
1277 3790 1526 3857 seraper),
1566 3790 1771 3856 quanta
1804 3788 1859 3842 Z
1988 3787 2095 3857 me]
2131 3789 2273 3841 enim
2308 3802 2393 3840 me
2428 3788 2483 3843 Z
2500 3778 2517 3794 ⁶

279 3870 311 3924 7
335 3872 514 3941 nobis]
538 3872 817 3927 uobiscum
839 3874 902 3941 Z,
939 3874 1010 3942 cf.
1037 3874 1169 3929 Ant.
1195 3873 1263 3929 de
1288 3873 1448 3944 Rooy
1473 3873 1809 3942 Spicaorit.
1833 3878 1969 3928 1771
2108 3872 2283 3942 igitur
2305 3888 2405 3927 om.
2432 3892 2473 3942 μ.

277 3956 408 4014 haec
441 3974 498 4011 se
531 3957 728 4013 habeat
761 3970 844 4013 res
880 3974 1040 4027 quam
1077 3960 1196 4015 dico
1231 3963 1296 4013 ut
1331 3960 1382 4013 Z
1525 3960 1560 4014 8
1596 3976 1693 4015 uos
1728 3961 1897 4015 certos
1932 3979 1972 4029 μ
2110 3959 2395 4028 quisquam
2429 3960 2481 4014 Z

278 4056 516 4097 meorum
549 4044 834 4099 uerborum
868 4046 920 4100 Z
1111 4046 1148 4103 9
1172 4044 1427 4101 dubitant
1461 4046 1516 4101 Z
1707 4047 1773 4100 10
1800 4033 2079 4115 ‘pteritunr
2108 4065 2182 4114 μ;
2219 4046 2545 4114 praeteritur

277 4130 484 4183 occasio
519 4144 608 4185 om
639 4146 671 4185 r
703 4132 766 4185 in
799 4132 1004 4187 lacuna
1164 4134 1230 4187 11
1266 4149 1386 4187 sum
1421 4152 1462 4203 μ
1623 4132 1773 4187 uitae
1806 4133 1955 4201 actu]
1990 4132 2150 4187 iustis
2186 4132 2399 4186 actibus
2423 4133 2476 4185 Z

278 4214 344 4268 13
381 4215 558 4285 uitiis]
595 4216 822 4287 flagi-tiis
856 4219 907 4273 Ζ
1109 4222 1166 4275 et
1199 4236 1304 4279 om.
1339 4236 1372 4274 r
1578 4220 1647 4273 14
1682 4218 1785 4289 est]
1825 4219 1899 4273 sit
1933 4233 2015 4289 νμ
2232 4218 2545 4273 auocatione

273 4303 357 4368 μ’,
393 4302 726 4357 uocationem
759 4318 794 4357 r
1020 4305 1088 4361 15
1123 4307 1439 4360 conuertant
1472 4321 1544 4375 νμ
1788 4306 1902 4360 sine
1936 4306 2093 4375 culpa
2125 4306 2262 4376 Ζτμ,
2300 4306 2441 4360 sicut
2474 4320 2509 4359 v

273 4387 408 4454 fort.
445 4389 808 4461 cammenata
945 4391 1012 4446 16
1047 4392 1300 4447 uoluntas
1335 4392 1425 4462 Ζμ
1577 4408 1705 4449 nam
1738 4392 1819 4460 et]
1854 4407 2031 4461 namq.
2066 4392 2119 4446 Z
2254 4390 2325 4449 18
2360 4391 2539 4461 peius]

271 4473 458 4543 poenis
490 4492 523 4529 r
669 4476 779 4531 iam
813 4492 920 4532 non
955 4495 1030 4548 μυ
1180 4478 1356 4549 uitiis]
1393 4479 1541 4533 intus
1575 4495 1608 4533 r
1758 4478 1918 4533 datur
1952 4496 1993 4546 μ

2014 4569 2124 4628 1*
