3217 5150
611 494 737 557 460
1171 489 1376 543 Index
1411 490 1767 543 uerborum
1803 492 1871 543 et
1906 489 2349 543 locutionum.

683 645 817 697 lium
869 648 1055 699 tenens
1104 648 1164 698 ut
1199 646 1406 699 christi
1456 648 1737 715 praecepta
1790 643 2069 711 utrobique
2116 642 2237 707 573,
2282 643 2379 707 21;
2428 641 2543 707 574,
2583 642 2673 703 15;
2712 640 2927 695 utrubi-

682 714 984 767 custodiens
1041 714 1208 767 occidi
1269 718 1444 783 potest
1501 715 1620 781 687,
1676 714 1736 777 3;

1860 728 1961 780 que
2000 712 2079 777 12,
2114 712 2175 776 63
2212 712 2329 775 695,
2364 710 2399 763 4

681 782 798 847 694,
839 785 932 847 11;
989 785 1050 835 ut
1083 783 1287 836 ethnici
1322 782 1585 837 habentur
1622 782 1737 846 750,
1791 782 2091 848 uulgaritas
2128 780 2175 832 A
2212 780 2329 843 215,
2368 780 2397 831 1

686 850 775 914 16;
859 854 1042 919 utpote
1123 856 1386 905 amatores
1455 854 1571 917 506,
1643 852 1737 915 24;
1793 850 2092 917 uulgariter
2128 848 2174 901 A
2214 850 2329 913 173,
2366 848 2399 899 9

682 921 798 984 515,
839 920 932 985 10;
970 920 1085 985 796,
1124 921 1152 973 1

615 990 927 1057 utcumque:
979 989 1036 1041 in
1073 989 1374 1043 latronibus
1411 992 1495 1042 est
1529 991 1738 1041 utcum-

685 1073 786 1125 que
855 1057 1038 1143 sqiqua
1097 1058 1350 1111 scelerum
1423 1057 1739 1116 uerecundia

615 1126 718 1247 u12i3
717 1127 1083 1249 {ffivffibaccua
1120 1196 1240 1261 776,
1277 1196 1307 1248 7

1794 918 2079 971 uulnifious
2116 918 2163 970 A
2202 918 2317 983 195,
2358 916 2425 969 13

617 1263 810 1316 utilius
865 1267 950 1317 est
1007 1264 1278 1317 infirmum
1326 1280 1381 1317 se
1445 1264 1602 1317 homo
1661 1278 1743 1317 co·
1800 1246 1983 1313 Zelaro
2016 1262 2135 1327 419,
2174 1262 2203 1314 1
2242 1266 2293 1314 et
2329 1277 2487 1329 saepe

759 1336 905 1385 oscat
940 1333 986 1385 A
1027 1333 1140 1397 175,
1177 1334 1260 1398 26,
1297 1334 1395 1399 (cf.
1423 1332 1566 1385 Tert.
1595 1332 1741 1385 Adu.
1799 1328 2071 1397 zelotypus
2108 1330 2423 1399 disciplinae
2458 1331 2577 1395 533,
2614 1330 2682 1383 13
2722 1364 2734 1372 -

755 1418 864 1455 arc.
919 1402 1012 1455 IV
1054 1406 1152 1455 26.-
1206 1402 1352 1470 prius
1401 1405 1482 1453 est
1531 1400 1743 1468 probet)

617 1470 699 1522 uti
739 1487 802 1523 uo
842 1472 932 1538 (=
969 1470 1196 1539 scilicet)
1231 1471 1349 1537 485,
1373 1470 1470 1535 203
1506 1470 1743 1535 639,11;

1798 1398 1941 1451 zelus
1976 1398 2094 1465 420,
2131 1401 2225 1463 223
2245 1429 2305 1437 ——
2327 1398 2413 1451 dei
2439 1400 2556 1464 488,
2584 1399 2675 1463 143
2696 1428 2763 1437 —
2787 1398 2935 1451 diui-

1868 1484 1967 1520 nae
2002 1467 2123 1520 fidoi
2161 1468 2279 1531 785,
2317 1469 2381 1521 12
2416 1474 2467 1521 et
2500 1468 2721 1535 saepius

769 1554 810 1591 c.
852 1541 910 1605 1;
963 1542 1016 1592 et
1051 1540 1238 1607 utique
1275 1541 1364 1607 (=
1401 1542 1458 1593 et
1505 1536 1745 1609 quidem)
1800 1551 1929 1589 zona.
1964 1536 2010 1588 A
2047 1536 2164 1601 315,
2204 1536 2303 1591 169

687 1606 806 1673 499,
842 1609 876 1661 9
