3217 5150
669 513 790 577 164
1607 508 1705 577 Ap
1722 508 1975 577 pendix.

663 684 888 742 neque
945 667 1194 727 audiet
1247 666 1526 743 aliquis
1583 667 1656 726 in
1698 667 1978 742 plateis
2040 684 2291 729 uocem
2346 666 2524 728 eius.
2570 685 2700 729 ecce
2746 668 2911 729 Chri-

665 778 788 831 stus
818 790 931 833 non
959 772 1252 833 contendit
1281 786 1462 844 neque
1491 770 1797 830 clamauit:
1844 774 1904 832 et
1942 772 2008 830 tu
2048 772 2099 831 si
2142 788 2363 831 morum
2394 769 2611 831 Christi
2641 772 2911 831 similitu·

664 876 852 935 dinem
881 876 1126 935 retinere
1155 875 1334 949 cupis,
1377 892 1448 935 ne
1478 875 1807 948 contendas,
1851 892 1923 935 ne
1965 876 2241 935 abusiuus
2270 876 2330 935 in
2358 874 2604 936 ecclesia
2632 874 2909 935 Christia-

661 997 770 1039 nus
799 980 1028 1038 existas.
1060 979 1180 1039 suis
1223 979 1372 1039 enim
1413 979 1795 1038 sectatoribus
1824 978 2088 1037 Christus
2136 978 2460 1054 praecepit:
2507 977 2747 1039 nolite
2788 996 2909 1039 uo-

661 1083 818 1141 cari
861 1078 1128 1142 Rabbi:
1201 1098 1384 1141 unus
1449 1082 1566 1142 est
1626 1080 1816 1141 enim
1880 1082 2246 1156 magister
2288 1084 2583 1154 nester,
2628 1080 2751 1156 qui
2794 1085 2955 1146 ests

658 1184 1030 1245 Christus:
1063 1187 1134 1244 et
1180 1186 1458 1259 patrem
1501 1184 1749 1244 nolite
1792 1200 2067 1245 uocare
2112 1200 2339 1259 super
2382 1186 2681 1245 terram:
2726 1202 2913 1245 unus

663 1292 773 1349 est
815 1289 1002 1349 enim
1065 1289 1278 1361 pater
1319 1289 1568 1347 uester
1635 1287 1754 1362 qui
1818 1287 1895 1347 in
1940 1288 2176 1349 caelis
2218 1289 2353 1347 est.
2422 1304 2663 1349 omnes
2720 1288 2913 1349 enim

661 1412 784 1454 uos
827 1394 1108 1454 fratres
1151 1391 1355 1452 estis.
1435 1390 1650 1465 quibus
1715 1392 1788 1451 ad
1842 1391 2277 1467 supplicandum
2340 1390 2646 1467 imperauit
2688 1390 2909 1452 dicere:

659 1500 872 1572 pater
899 1499 1162 1558 noster
1191 1495 1414 1571 quiin
1445 1492 1683 1555 caelis
1726 1510 1799 1554 es
1844 1495 2381 1555 sanctificetur
2408 1512 2661 1555 nomen
2690 1497 2907 1554 tuum.

659 1600 878 1661 frustra
906 1616 1042 1674 ergo
1065 1601 1290 1673 patrem
1320 1598 1613 1659 contendit
1642 1598 1703 1657 in
1732 1598 1889 1657 terra
1915 1597 2016 1672 qui
2044 1598 2267 1671 patrem
2294 1598 2353 1658 et
2384 1596 2633 1671 patriam
2674 1596 2913 1671 profite—
2934 1624 2985 1661 ιο

657 1706 755 1763 tur
783 1705 996 1763 habere
1027 1720 1088 1762 se
1117 1702 1180 1761 in
1209 1702 1398 1762 caelo:
1458 1702 1621 1760 cuius
1662 1717 1961 1775 possessor
1998 1718 2164 1762 nemo
2206 1700 2457 1763 efficitur
2470 1747 2486 1775 ,
2545 1700 2658 1761 nisi
2702 1700 2801 1776 qui
2844 1700 2915 1760 de

658 1810 919 1867 terrenae
945 1805 1166 1880 patriae
1195 1804 1558 1866 contentione
1587 1820 1822 1865 securus
1850 1804 2120 1865 habetur.

1333 2000 1342 2007 '
1395 1992 1703 2053 PAVPER
1760 1992 2166 2055 SVPERBVS.

603 2164 642 2223 8
746 2150 995 2210 Octauus
1025 2148 1316 2209 abusionis
1359 2151 1572 2223 gradus
1616 2149 1705 2207 est
1746 2164 1963 2223 pauper
1992 2148 2272 2223 superbus
2288 2193 2305 2221 ,
2350 2146 2450 2222 qui
2502 2147 2648 2207 nihil
2692 2148 2913 2208 habens

659 2254 720 2313 in
750 2252 1072 2328 superbiam
1101 2251 1396 2313 extollitur
1411 2298 1424 2324 ‚
1457 2268 1586 2311 cum
1616 2269 1647 2310 e
1676 2250 1960 2311 contrario
1992 2249 2269 2310 diuitibus
2294 2248 2506 2310 saeculi
2528 2268 2641 2310 non
2662 2250 2909 2325 superbe
2930 2274 2979 2311 ιε

661 2373 862 2431 sapere
891 2373 994 2431 per
1021 2355 1340 2428 apostolum
1368 2354 1697 2429 imperetur.
1730 2353 1867 2429 quid
1898 2370 2033 2429 ergo
2066 2352 2333 2413 stolidius
2362 2352 2487 2413 fieri
2515 2356 2709 2427 potest
2736 2372 2909 2429 quam

656 2460 820 2520 illum
870 2458 969 2535 qui
998 2474 1100 2532 per
1129 2458 1380 2517 infimam
1408 2456 1699 2516 miseriam
1750 2456 1911 2517 uelut
1960 2456 2023 2515 in
2073 2459 2285 2517 terram
2329 2456 2584 2516 abiectus
2616 2456 2907 2517 extremus

657 2566 718 2624 et
744 2562 978 2624 humilis
1006 2562 1264 2624 incedere
1293 2561 1354 2621 et
1381 2560 1713 2621 contristari
1759 2560 2033 2622 debuerat
2065 2556 2437 2634 supercilioso
2482 2560 2781 2635 superbiae
2810 2563 2907 2620 tu-

657 2685 810 2727 more
841 2665 1098 2725 inflatam
1127 2665 1381 2723 mentem
1423 2666 1623 2724 contra
1651 2663 1834 2724 Deum
1864 2662 2085 2738 erigere
2104 2668 2131 2723 9
2178 2681 2281 2739 per
2321 2663 2471 2738 quod
2510 2663 2715 2723 uitium
2755 2663 2907 2739 lapsi

658 2770 989 2831 corruerunt
1031 2767 1130 2842 qui
1175 2784 1392 2827 summo
1447 2767 1591 2827 caeli
1642 2765 1856 2826 conditi
1908 2769 2074 2826 erant
2125 2765 2391 2826 culmine.
2426 2765 2562 2842 quid
2612 2783 2747 2842 ergo
2778 2769 2908 2827 uult
2924 2793 2977 2832 ιο

657 2871 820 2948 quasi
850 2875 1052 2947 potens
1081 2869 1143 2929 in
1165 2873 1321 2931 terra
1350 2872 1665 2946 superbire,
1698 2871 1797 2944 qui
1824 2887 1962 2945 prae
1992 2870 2254 2931 omnibus
2282 2869 2605 2931 hominibus
2634 2871 2909 2932 debuerat

656 2973 888 3036 humilis
919 2971 1236 3049 apparere?
1280 2974 1384 3032 sed
1412 2991 1484 3034 ne
1515 2975 1583 3033 de
1614 2975 1951 3048 paupertate
1980 2991 2087 3033 sua
2114 2974 2415 3034 tristitiam
2442 2975 2693 3034 habeant
2708 3017 2724 3048 ,
2768 2973 2907 3049 quid

655 3095 689 3136 a
745 3077 863 3136 Deo
922 3075 1210 3151 accepturi
1271 3077 1406 3136 sunt
1473 3091 1755 3150 pauperes
1807 3075 2151 3136 adtendant:
2227 3076 2351 3150 ipse
2414 3076 2625 3136 etenim
2683 3075 2904 3151 inquit:

786 3331 823 3384 4
855 3329 1056 3386 Matth.
1093 3329 1179 3394 23,
1213 3329 1264 3384 8.
1299 3329 1348 3383 9.
1555 3329 1590 3381 9
1626 3329 1826 3383 Matth.
1863 3329 1914 3394 6,
1950 3329 1999 3384 9.

788 3576 820 3629 1
855 3576 1038 3646 platea
1071 3593 1106 3632 v
1275 3577 1312 3630 2
1345 3592 1515 3645 neque
1550 3576 1811 3631 clamauit
1845 3593 1946 3632 om.
1982 3575 2046 3630 X
2226 3577 2261 3631 3
2296 3579 2478 3632 tenere
2512 3595 2545 3632 v
2716 3595 2783 3632 ne
2810 3617 2823 3630 .
2844 3618 2855 3630 .
2880 3619 2891 3628 .

649 3663 848 3717 existas
881 3679 979 3717 om.
1020 3662 1084 3716 X
1275 3663 1569 3718 christiana
1607 3665 1675 3729 G,
1708 3663 1901 3718 christi
1944 3661 1997 3719 V
2197 3665 2232 3719 5
2266 3663 2546 3735 magister]
2582 3667 2739 3734 pater
2774 3665 2837 3719 X

651 3750 683 3803 7
718 3749 859 3803 enim
893 3750 976 3803 est
1009 3747 1073 3802 X
1249 3749 1412 3818 enim]
1451 3751 1631 3804 autem
1668 3749 1735 3804 X
1913 3749 1949 3804 8
1985 3749 2202 3820 quibus]
2240 3751 2334 3819 qui
2369 3752 2425 3805 et
2461 3750 2527 3804 X
2709 3750 2901 3820 dicere]

649 3851 770 3890 cum
802 3834 940 3889 dicit
971 3851 1030 3899 υς
1068 3836 1146 3889 sic
1181 3837 1360 3890 autem
1395 3835 1623 3890 orabitis
1660 3836 1789 3892 aad.
1836 3835 1973 3892 GVv
2257 3837 2291 3890 9
2328 3852 2385 3890 es
2422 3835 2482 3890 in
2518 3835 2681 3890 caelis
2716 3835 2837 3892 XV

650 3922 718 3977 10
739 3923 946 3991 patrem
968 3923 1122 3990 pater
1147 3921 1421 3976 contendit
1451 3922 1512 3988 V,
1551 3921 1830 3978 contendit
1854 3921 1931 3986 X,
1966 3921 2241 3976 contendit
2263 3925 2473 3992 patrem
2498 3937 2555 3976 se
2577 3921 2776 3976 habere
2798 3940 2833 3979 v

649 4023 705 4062 se
739 4007 1023 4077 profitetur
1056 4007 1253 4062 habere
1287 4007 1360 4074 X,
1398 4024 1453 4078 p.
1490 4024 1533 4062 s.
1571 4005 1628 4062 h.
1663 4025 1697 4063 v
1960 4008 2027 4062 11
2060 4009 2269 4079 patriae
2302 4024 2460 4063 nemo
2494 4023 2764 4078 possessor
2795 4026 2830 4065 v

649 4092 716 4147 16
751 4093 1052 4162 apostolum
1086 4094 1306 4164 paulum
1347 4092 1429 4149 Vv
1611 4093 1909 4162 imperatur
1948 4095 1997 4150 G
2181 4109 2308 4164 ergo
2344 4109 2446 4148 om.
2490 4093 2545 4150 V
2720 4095 2905 4162 potest

645 4178 764 4235 fleri
807 4177 888 4236 Vv
1093 4179 1161 4234 17
1195 4179 1465 4234 infi÷÷mam
1501 4181 1564 4232 X
1776 4181 1921 4235 terra
1959 4182 2007 4236 G
2222 4183 2490 4236 extremus
2525 4181 2599 4250 et]
2636 4183 2693 4236 et
2727 4181 2901 4235 extre-

645 4281 765 4321 mus
803 4269 912 4336 atq·
950 4266 1014 4321 X
1204 4269 1271 4323 19
1305 4266 1696 4322 inflammatam
1734 4266 1798 4321 X
1988 4267 2059 4322 20
2092 4267 2150 4322 in
2186 4283 2393 4323 summo
2427 4284 2463 4324 υ
2644 4267 2713 4322 21
2748 4267 2903 4338 prae]

645 4369 739 4422 pro
778 4351 892 4408 GV
1121 4351 1192 4408 22
1225 4368 1322 4407 sua
1357 4367 1455 4408 om.
1496 4352 1561 4407 X
1796 4351 1867 4408 23
1900 4353 2165 4423 recepturi
2201 4355 2315 4408 sint
2358 4353 2439 4409 Vv
2678 4355 2905 4425 etenim]

645 4453 790 4491 emm
825 4454 859 4492 υ
