3217 5150
2360 541 2489 589 m
2521 534 2529 542 .

239 679 452 773 minus
491 677 856 760 communia,
901 676 1064 743 inter
1104 693 1204 741 eos
1235 675 1318 739 W
1349 674 1653 759 singulari
1681 674 2042 759 integritate
2070 672 2188 743 n'on
2216 694 2354 743 raro
2383 694 2489 741 ex-

239 791 450 867 cellit3
475 808 662 874 quare
684 789 996 873 optimum
1017 787 1242 853 eumin
1259 786 1374 852 hoc
1395 802 1649 853 numero
1670 786 2019 869 praedicare
2035 804 2155 854 nou
2169 787 2403 853 dubito,
2418 788 2484 873 ¹¹²)

317 1047 368 1115 ⁸)
383 1045 428 1101 L
441 1060 658 1115 angen
681 1060 801 1098 eum
823 1043 986 1097 huius
1007 1040 1259 1095 editionis
1282 1056 1449 1111 nuper
1469 1056 1744 1095 censuram
1766 1044 1953 1111 ageret
1976 1042 2063 1109 (cf.
2096 1042 2495 1112 Theoloqieehes

242 1132 677 1188 Literaturblatt
704 1135 836 1185 18⁷0
867 1147 918 1201 p.
946 1134 1048 1184 268
1071 1130 1188 1200 sq.)‚
1225 1127 1290 1184 de
1320 1129 1452 1183 locis
1483 1129 1758 1183 nonnullis
1793 1131 1993 1199 optime
2032 1129 2327 1199 disputans,
2360 1146 2491 1199 pau·

240 1234 333 1273 cos
368 1234 502 1289 quos
525 1217 594 1272 ad
617 1216 1074 1286 wirceburgensis
1107 1215 1487 1270 anctoritatem
1521 1232 1795 1285 exegeram
1830 1218 2103 1271 attentare
2138 1218 2359 1271 conatus
2392 1219 2491 1270 est.

243 1304 324 1359 sic
348 1320 400 1373 p.
427 1309 475 1368 3,
503 1308 569 1357 10
591 1305 681 1371 (ae
704 1320 774 1358 ne
809 1303 1000 1371 loqui
1031 1307 1280 1357 nostrum
1315 1302 1522 1356 arbiter
1551 1302 1831 1369 profanus
1863 1301 2125 1370 impediat
2158 1308 2259 1356 ant
2292 1302 2495 1357 elamor

242 1391 618 1458 intemperans
657 1388 906 1454 familiae
945 1388 1240 1455 strepentis
1272 1386 1562 1455 obtundat,
1598 1394 1855 1456 petamus
1886 1389 2033 1445 hane
2063 1387 2266 1457 sedem)
2305 1387 2400 1441 ubi
2433 1404 2494 1442 ex
2528 1404 2539 1417 ·

243 1476 518 1531 codicibus
539 1474 608 1529 W
630 1474 677 1527 V
702 1476 854 1544 loqui
884 1474 1058 1544 recepi
1091 1490 1188 1543 pro
1222 1474 1552 1543 interpolata
1585 1475 1913 1543 reliquorum
1934 1474 2199 1544 scriptura
2223 1474 2495 1544 eloquium

246 1564 338 1616 uel
371 1563 712 1633 colloquium,
748 1562 888 1616 hanc
911 1559 1122 1615 dicendi
1144 1561 1407 1615 rationem
1431 1560 1686 1630 exemplis
1710 1558 2031 1615 destitutam
2056 1576 2169 1615 esse
2194 1559 2493 1615 arbitratus

243 1649 400 1718 loqui
421 1663 523 1702 nos
542 1646 827 1702 interdum
849 1646 1057 1701 arbiter
1089 1646 1373 1715 legendum
1405 1644 1698 1715 proposuit.
1734 1644 1792 1699 id
1814 1647 2030 1716 propter
2052 1646 2337 1700 interdum
2360 1645 2493 1699 ferri

243 1732 462 1802 nequit3
489 1732 581 1787 sed
603 1732 662 1786 in
685 1733 782 1787 illo
807 1732 956 1801 loqui
978 1738 1229 1787 nostrum
1251 1748 1358 1785 non
1383 1732 1468 1785 est
1491 1728 1633 1800 quod
1656 1730 1905 1787 offendas.
1942 1731 2207 1786 liberioris
2231 1730 2493 1786 infinitiui

245 1836 372 1874 cum
412 1820 897 1889 praepositionibus
943 1818 1212 1874 coniuncti
1247 1818 1484 1889 exempla
1515 1821 1605 1874 uel
1642 1819 1783 1890 apud
1816 1819 2049 1888 optimos
2082 1819 2365 1889 scriptores
2388 1834 2495 1872 non

243 1904 441 1959 desunt
483 1905 613 1973 (OEc.
640 1905 708 1960 de
729 1905 830 1972 fin.
865 1905 928 1959 H
955 1910 1019 1959 13
1041 1910 1092 1969 6,
1133 1905 1241 1961 uid.
1265 1905 1490 1975 Madvig
1529 1924 1580 1977 p.
1607 1910 1735 1972 2173
1778 1906 1953 1961 Senes.
1980 1905 2048 1960 de
2070 1906 2247 1973 benef.
2273 1905 2320 1958 V
2346 1909 2411 1957 10
2434 1909 2494 1971 2;

245 1991 376 2045 Hor.
399 1991 512 2047 Sat.
531 1991 594 2045 H
610 1996 642 2045 5
663 1992 765 2061 69).
793 1991 1064 2045 infinitiuo
1087 1994 1364 2060 tamquam
1387 1992 1726 2047 snbstantiuo
1749 1994 1931 2061 ipsum
1953 1992 2172 2047 additur
2194 2008 2228 2045 a
2246 1990 2495 2047 Cicerone

245 2076 350 2144 (ad
371 2078 501 2145 sam.
527 2076 628 2131 XV
650 2082 683 2130 6
707 2083 771 2132 ut
793 2079 974 2146 ipsum
1005 2079 1163 2133 uinci
1195 2080 1628 2146 contemnerent)
1664 2080 1719 2132 et
1742 2076 1868 2132 aliis
1904 2077 2033 2146 (uid.
2058 2076 2247 2131 Haasii
2271 2076 2494 2130 adnota-

245 2164 426 2217 tiones
465 2162 536 2219 ad
567 2162 768 2233 Reisig.
811 2180 861 2233 p.
902 2167 1037 2228 783).
1079 2166 1266 2233 poetae
1309 2162 1566 2218 eiusmodi
1609 2162 1935 2219 adminicula
1976 2178 2081 2218 non
2116 2164 2307 2217 curant
2339 2163 2492 2217 uelut

248 2249 376 2303 Luc.
405 2248 487 2303 IV
508 2253 610 2303 280
625 2249 875 2319 perdant
894 2250 1037 2304 nelle
1057 2251 1212 2305 mori.
1249 2249 1530 2306 audentior
1563 2264 1687 2305 uero
1723 2264 1881 2319 quam
1907 2249 2161 2320 Cypriani
2197 2249 2372 2319 quiin
2392 2235 2508 2305 hac'

249 2335 636 2405 scriptiuncula
675 2338 860 2404 poetae
901 2336 1134 2390 similior
1174 2339 1394 2407 apparet
1433 2339 1518 2391 est
1540 2337 1747 2391 Valerii
1769 2337 1989 2391 Maximi
2031 2337 2204 2390 oratio
2232 2336 2339 2391 VII
2376 2341 2408 2390 3
2436 2341 2493 2389 7:

247 2422 465 2476 Fabius
486 2422 773 2476 Maximus
805 2424 963 2477 euius
995 2439 1111 2477 non
1133 2424 1395 2477 dimicare
1418 2424 1643 2477 uincere
1661 2422 1793 2488 fnit.
1817 2452 1879 2461 ——
1907 2440 1956 2491 p.
1986 2427 2067 2487 63
2094 2420 2497 2491 (desperatione

254 2508 538 2562 meliorum
559 2508 719 2562 malis
739 2508 872 2562 meis
893 2508 1048 2563 uelut
1068 2508 1182 2563 iam
1199 2510 1448 2578 propriis
1471 2514 1524 2563 et
1545 2508 1867 2564 uernaculis
1884 2514 1936 2563 et
1950 2508 2235 2576 favebam)
2259 2514 2310 2561 et
2333 2509 2494 2576 faue-

247 2595 376 2648 bam
409 2593 548 2663 quod
584 2595 728 2648 solus
754 2593 818 2648 W
851 2594 1016 2648 habet
1048 2595 1340 2664 genuinum
1374 2595 1671 2664 corruptela
1703 2595 2027 2664 reliquorum
2050 2594 2352 2662 effanebam
2374 2610 2518 2661 oon-¹

249 2679 452 2733 firmari
473 2680 756 2749 putabam3
795 2696 918 2734 nam
945 2680 1088 2749 quod
1111 2680 1168 2734 in
1191 2680 1236 2734 P
1259 2680 1464 2751 legitur
1483 2681 1739 2746 favebam
1764 2681 2049 2736 manifesta
2072 2680 2370 2735 emendatio
2397 2683 2494 2745 est,

249 2782 347 2819 nec
370 2783 432 2820 ea
455 2781 634 2834 praua.
671 2765 979 2834 deprauatio
1016 2769 1194 2820 autem
1230 2769 1314 2820 est
1350 2783 1484 2836 quae
1521 2766 1664 2836 apud
1687 2766 2047 2837 Augustinum
2083 2766 2313 2820 occurrit
2348 2765 2492 2834 affa-

245 2853 443 2906 uebam
477 2869 510 2905 a
533 2851 786 2921 Langeno
831 2851 1072 2922 probata.
1121 2867 1244 2906 nam
1295 2851 1562 2906 affauendi
1609 2853 1831 2907 uerbum
1880 2869 1983 2907 non
2030 2869 2208 2907 rarum
2255 2853 2353 2916 est,
2402 2851 2496 2906 sed
2532 2845 2539 2850 ’

249 2938 475 2993 11111111111.
510 2939 785 3008 praeterea
808 2937 948 2992 illud
969 2945 1023 2993 et
1047 2936 1310 3008 Cypriane
1335 2941 1419 2992 est
1441 2938 1955 3002 familiarissimum;
1992 2939 2058 2992 cf.
2083 2954 2133 3007 p.
2160 2943 2261 3003 9,9.
2289 2944 2371 2994 12.
2400 2943 2497 3004 133

254 3028 418 3088 1033.
446 3028 540 3090 283
586 3029 794 3090 193,16;
841 3029 1015 3088 194‚6;
1058 3028 1274 3089 203,21;
1317 3029 1519 3088 21434.
1555 3055 1625 3064 -
1660 3027 1847 3078 contra
1884 3041 1938 3095 p.
1975 3029 2159 3090 233,12
2202 3025 2497 3080 auctoritas

249 3109 445 3166 codicis
482 3110 938 3180 wirceburgensis
973 3110 1110 3164 mihi
1147 3127 1250 3164 non
1285 3113 1442 3165 tanta
1478 3110 1779 3176 uidebatur,
1816 3113 1879 3164 ut
1914 3110 2234 3180 superfluum
2270 3111 2409 3166 illud
2443 3117 2496 3166 et

251 3197 376 3250 inde
416 3197 703 3267 reciperem
746 3197 1127 3266 (recipiendum
1169 3213 1282 3250 esse
1323 3199 1484 3265 putat
1516 3196 1775 3265 Langen),
1822 3197 1973 3251 cuius
2008 3197 2156 3267 origo
2192 3197 2495 3268 geminatae

251 3282 479 3351 proximi
519 3283 740 3352 euiyt'let
781 3282 1020 3352 syllabae
1046 3282 1198 3336 finali
1221 3282 1456 3337 debetur.
1481 3313 1550 3324 —
1573 3281 1743 3337 simili
1765 3281 1831 3336 de
1854 3299 2013 3337 causa
2035 3299 2085 3352 p.
2114 3288 2232 3348 213,
2234 3287 2266 3336 ὅ
2294 3283 2497 3338 etiam

251 3368 393 3438 quod
435 3371 557 3438 post
598 3369 902 3422 eeclesiam
942 3368 1317 3438 Seguierianus
1353 3369 1563 3423 omittit
1611 3369 1736 3438 (quo
1776 3369 2084 3424 mendorum
2125 3385 2315 3438 genere
2354 3368 2497 3423 1111111

253 3455 310 3508 111
347 3469 407 3508 eo
441 3453 787 3522 frequentius,
829 3454 894 3508 cf.
931 3471 981 3524 p.
1014 3454 1114 3524 VI)
1155 3454 1354 3508 retinui
1390 3457 1445 3508 et
1478 3457 1662 3508 contra
1694 3455 1935 3524 Langeni
1975 3454 2297 3510 sententiam
2332 3454 2497 3508 etiam

253 3559 392 3596 nunc
426 3541 764 3596 retinendum
798 3558 911 3596 esse
946 3558 1141 3596 censeo.
1167 3572 1233 3581 —
1258 3543 1397 3597 idem
1425 3559 1475 3613 p.
1501 3548 1689 3607 21136
1726 3545 1906 3612 (uelut
1939 3543 2219 3597 ministros
2251 3544 2497 3597 iustitiae

251 3629 568 3684 adserentes
589 3633 800 3682 noctem
811 3645 919 3697 pro
937 3629 1043 3696 die,
1068 3629 1356 3683 interitum
1370 3644 1480 3696 pro
1495 3629 1691 3697 salute,
1712 3629 2143 3697 desperationem
2159 3627 2259 3682 sub
2276 3629 2499 3683 obtentu

251 3717 393 3784 spei)
431 3714 742 3769 adserentes
766 3715 825 3768 in
848 3715 1162 3782 adferentes
1196 3715 1448 3769 mutauit.
1483 3731 1666 3768 uereor
1689 3729 1755 3769 ne
1778 3713 1999 3769 eandem
2020 3713 2301 3768 medellam
2324 3715 2497 3768 omni-

252 3801 351 3856 bus
390 3801 524 3855 locis
563 3800 815 3855 adhibere
857 3800 1153 3856 addubitet.
1195 3801 1450 3856 adserere
1483 3801 1629 3854 enim
1661 3816 1757 3871 pro
1781 3800 2066 3868 affirmare
2088 3801 2177 3854 nel
2202 3800 2498 3866 defendere

253 3887 394 3956 apud
418 3886 741 3957 Cyprianum
767 3887 1073 3956 saepissime
1099 3887 1326 3940 occurrit
1349 3903 1399 3956 p.
1426 3891 1606 3952 337,5;
1633 3891 1846 3952 597,16;
1874 3891 2051 3951 605,1;
2077 3891 2289 3953 661,11;
2316 3891 2497 3952 671,8;

255 3978 432 4036 682,’1;
477 3978 660 4038 75833
707 3975 807 4028 etc.
851 3972 982 4040 (uid.
1025 3971 1272 4042 indicem)
1317 4003 1380 4012 —
1421 3989 1472 4042 p.
1499 3976 1651 4036 22⁵‚8
1694 3973 2095 4042 (adimplentwr
2132 3989 2499 4043 quaecumque

247 4060 540 4127 praedicta
577 4066 786 4114 suntet
808 4059 1292 4128 adpropinquante
1331 4060 1444 4114 iam
1482 4059 1690 4114 saeculi
1728 4058 1841 4125 fine
1881 4059 2160 4114 homimem
2190 4060 2409 4128 pariter
2432 4075 2499 4113 ae

255 4152 554 4223 tempor-mn
583 4147 903 4215 probatione
933 4147 1232 4214 uenerunt)
1265 4145 1539 4199 lenissima
1561 4143 1802 4214 Inngeni
1824 4144 2128 4200 coniectura
2150 4146 2313 4198 estin
2336 4160 2498 4213 quam

257 4232 369 4300 ipse
407 4232 695 4286 incideram
737 4237 1044 4286 euenerunt
1085 4247 1179 4300 pro
1211 4238 1486 4286 uenerunt
1528 4230 1827 4296 scribentis,
1870 4229 2214 4306 sed‘inutilis.
2254 4230 2333 4284 sic
2354 4229 2499 4283 enim

257 4317 493 4386 loquitur
517 4317 838 4388 Cyprianus:
879 4335 930 4388 p.
958 4322 1110 4382 253,2
1144 4318 1254 4372 nisi
1275 4318 1326 4370 si
1347 4318 1477 4372 haec
1501 4317 1600 4372 deo
1623 4315 1915 4386 ignorante
1936 4322 2087 4386 qesta
2109 4321 2243 4371 sunt
2264 4321 2365 4370 ant
2386 4331 2499 4369 non

249 4403 598 4470 permittente
636 4406 756 4472 ipso
796 4404 980 4460 onmia
1017 4403 1128 4458 ista
1167 4408 1462 4471 uenerunt,
1499 4405 1687 4468 364‚20
1722 4401 1983 4472 quicquid
2012 4441 2027 4456 .
2045 4443 2057 4454 .
2082 4444 2092 4456 .
2120 4401 2339 4457 uenerit
2364 4401 2503 4470 pari

254 4493 401 4542 sorte
416 4491 812 4558 perpetiamur.
2129 4509 2139 4518 ·
