<?xml version="1.0" encoding="UTF-8"?>
<!DOCTYPE html PUBLIC "-//W3C//DTD XHTML 1.0 Transitional//EN"
    "http://www.w3.org/TR/xhtml1/DTD/xhtml1-transitional.dtd">
<html xmlns="http://www.w3.org/1999/xhtml" xml:lang="en" lang="en">
 <head>
  <title>
</title>
<meta http-equiv="Content-Type" content="text/html;charset=utf-8" />
  <meta name='ocr-system' content='tesseract 3.04.00' />
  <meta name='ocr-capabilities' content='ocr_page ocr_carea ocr_par ocr_line ocrx_word'/>
</head>
<body>
  <div class='ocr_page' id='page_1' title='image "./corpusscriptoru29wissgoog_0019.png"; bbox 0 0 3217 5150; ppageno 0'>
   <div class='ocr_carea' id='block_1_1' title="bbox 1091 601 2675 671">
    <p class='ocr_par' dir='ltr' id='par_1_1' title="bbox 1091 601 2675 671">
     <span class='ocr_line' id='line_1_1' title="bbox 1091 601 2675 671; baseline 0.003 -15"><span class='ocrx_word' id='word_1_1' title='bbox 1091 602 1182 656; x_wconf 90' lang='lat' dir='ltr'><strong>De</strong></span> <span class='ocrx_word' id='word_1_2' title='bbox 1214 601 1386 656; x_wconf 89' lang='lat' dir='ltr'><strong>bono</strong></span> <span class='ocrx_word' id='word_1_3' title='bbox 1421 601 1827 671; x_wconf 69' lang='lat' dir='ltr'><strong>padicitiae.</strong></span> <span class='ocrx_word' id='word_1_4' title='bbox 1872 618 1916 656; x_wconf 92' lang='lat' dir='ltr'><strong>c.</strong></span> <span class='ocrx_word' id='word_1_5' title='bbox 1956 605 2007 658; x_wconf 90' lang='lat'><strong>1.</strong></span> <span class='ocrx_word' id='word_1_6' title='bbox 2075 603 2083 614; x_wconf 88' lang='grc'><strong>”</strong></span> <span class='ocrx_word' id='word_1_7' title='bbox 2590 602 2675 668; x_wconf 84' lang='lat'><strong>13</strong></span> 
     </span>
    </p>
   </div>
   <div class='ocr_carea' id='block_1_2' title="bbox 417 761 2679 950">
    <p class='ocr_par' dir='ltr' id='par_1_2' title="bbox 417 761 2679 950">
     <span class='ocr_line' id='line_1_2' title="bbox 417 761 2679 839; baseline -0.001 -17"><span class='ocrx_word' id='word_1_8' title='bbox 417 762 590 822; x_wconf 88' lang='lat' dir='ltr'><strong>immo</strong></span> <span class='ocrx_word' id='word_1_9' title='bbox 631 778 701 821; x_wconf 83' lang='lat' dir='ltr'><strong>ex</strong></span> <span class='ocrx_word' id='word_1_10' title='bbox 742 778 853 835; x_wconf 90' lang='lat' dir='ltr'><strong>quo</strong></span> <span class='ocrx_word' id='word_1_11' title='bbox 905 761 1113 835; x_wconf 88' lang='lat' dir='ltr'><strong>omnia,</strong></span> <span class='ocrx_word' id='word_1_12' title='bbox 1165 763 1330 835; x_wconf 85' lang='lat' dir='ltr'><strong>pater</strong></span> <span class='ocrx_word' id='word_1_13' title='bbox 1370 761 1600 821; x_wconf 89' lang='lat' dir='ltr'><strong>Domini</strong></span> <span class='ocrx_word' id='word_1_14' title='bbox 1650 762 1833 822; x_wconf 78' lang='lat' dir='ltr'><strong>nostri</strong></span> <span class='ocrx_word' id='word_1_15' title='bbox 1884 763 2017 822; x_wconf 92' lang='lat' dir='ltr'><strong>Iesu</strong></span> <span class='ocrx_word' id='word_1_16' title='bbox 2049 762 2284 839; x_wconf 80' lang='lat' dir='ltr'><strong>Christi,</strong></span> <span class='ocrx_word' id='word_1_17' title='bbox 2336 763 2429 824; x_wconf 88' lang='lat' dir='ltr'><strong>cui</strong></span> <span class='ocrx_word' id='word_1_18' title='bbox 2458 763 2587 824; x_wconf 88' lang='lat' dir='ltr'><strong>laus</strong></span> <span class='ocrx_word' id='word_1_19' title='bbox 2614 763 2679 822; x_wconf 88' lang='lat' dir='ltr'><strong>et</strong></span> 
     </span>
     <span class='ocr_line' id='line_1_3' title="bbox 417 864 2347 950; baseline 0.001 -26"><span class='ocrx_word' id='word_1_20' title='bbox 417 865 600 927; x_wconf 86' lang='lat' dir='ltr'><strong>honor</strong></span> <span class='ocrx_word' id='word_1_21' title='bbox 627 864 702 950; x_wconf 48' lang='lat' dir='ltr'><strong>inx</strong></span> <span class='ocrx_word' id='word_1_22' title='bbox 717 865 945 926; x_wconf 84' lang='lat' dir='ltr'><strong>saecula</strong></span> <span class='ocrx_word' id='word_1_23' title='bbox 973 865 1342 924; x_wconf 86' lang='lat' dir='ltr'><strong>saeculorum.</strong></span> <span class='ocrx_word' id='word_1_24' title='bbox 1389 866 1522 938; x_wconf 86' lang='lat' dir='ltr'><strong>opto</strong></span> <span class='ocrx_word' id='word_1_25' title='bbox 1551 882 1676 937; x_wconf 90' lang='lat' dir='ltr'><strong>uos,</strong></span> <span class='ocrx_word' id='word_1_26' title='bbox 1706 865 1934 939; x_wconf 80' lang='lat' dir='ltr'><strong>fratreS,</strong></span> <span class='ocrx_word' id='word_1_27' title='bbox 1964 865 2107 926; x_wconf 90' lang='lat' dir='ltr'><strong>bene</strong></span> <span class='ocrx_word' id='word_1_28' title='bbox 2136 865 2347 938; x_wconf 82' lang='lat' dir='ltr'><strong>ualere.</strong></span> 
     </span>
    </p>
   </div>
   <div class='ocr_carea' id='block_1_3' title="bbox 1349 1135 1751 1151">
    <p class='ocr_par' dir='ltr' id='par_1_3' title="bbox 1349 1135 1751 1151">
     <span class='ocr_line' id='line_1_4' title="bbox 1349 1135 1751 1151; baseline 0 3999"><span class='ocrx_word' id='word_1_29' title='bbox 1349 1135 1751 1151; x_wconf 95' lang='lat' dir='ltr'><strong> </strong></span> 
     </span>
    </p>
   </div>
   <div class='ocr_carea' id='block_1_4' title="bbox 853 1459 2240 1559">
    <p class='ocr_par' dir='ltr' id='par_1_4' title="bbox 853 1459 2240 1559">
     <span class='ocr_line' id='line_1_5' title="bbox 853 1459 2240 1559; baseline -0.001 0"><span class='ocrx_word' id='word_1_30' title='bbox 853 1461 958 1559; x_wconf 89' lang='lat' dir='ltr'><strong>H.</strong></span> <span class='ocrx_word' id='word_1_31' title='bbox 1023 1459 1166 1558; x_wconf 83' lang='lat' dir='ltr'><strong>DE</strong></span> <span class='ocrx_word' id='word_1_32' title='bbox 1231 1459 1517 1558; x_wconf 91' lang='lat' dir='ltr'>BONO</span> <span class='ocrx_word' id='word_1_33' title='bbox 1581 1459 2240 1558; x_wconf 81' lang='lat' dir='ltr'><strong>PVDICITIAE.</strong></span> 
     </span>
    </p>
   </div>
   <div class='ocr_carea' id='block_1_5' title="bbox 1342 1675 1749 1684">
    <p class='ocr_par' dir='ltr' id='par_1_5' title="bbox 1342 1675 1749 1684">
     <span class='ocr_line' id='line_1_6' title="bbox 1342 1675 1749 1684; baseline 0 0"><span class='ocrx_word' id='word_1_34' title='bbox 1342 1675 1749 1684; x_wconf 95' lang='lat' dir='ltr'><strong> </strong></span> 
     </span>
    </p>
   </div>
   <div class='ocr_carea' id='block_1_6' title="bbox 347 1823 2732 3031">
    <p class='ocr_par' dir='ltr' id='par_1_6' title="bbox 347 1823 2732 3031">
     <span class='ocr_line' id='line_1_7' title="bbox 501 1823 2732 1901; baseline 0.001 -17"><span class='ocrx_word' id='word_1_35' title='bbox 501 1859 533 1889; x_wconf 53' lang='grc' dir='ltr'><strong>η.</strong></span> <span class='ocrx_word' id='word_1_36' title='bbox 554 1858 586 1888; x_wconf 56' lang='lat'><em>2</em></span> <span class='ocrx_word' id='word_1_37' title='bbox 608 1859 638 1890; x_wconf 53' lang='grc' dir='ltr'><strong>,ι</strong></span> <span class='ocrx_word' id='word_1_38' title='bbox 681 1823 903 1898; x_wconf 86' lang='lat' dir='ltr'><strong>aliquas</strong></span> <span class='ocrx_word' id='word_1_39' title='bbox 955 1823 1267 1884; x_wconf 85' lang='lat' dir='ltr'><strong>officiorum</strong></span> <span class='ocrx_word' id='word_1_40' title='bbox 1308 1840 1560 1884; x_wconf 90' lang='lat' dir='ltr'><strong>meorum</strong></span> <span class='ocrx_word' id='word_1_41' title='bbox 1601 1825 1795 1897; x_wconf 85' lang='lat' dir='ltr'><strong>partes</strong></span> <span class='ocrx_word' id='word_1_42' title='bbox 1839 1823 2183 1898; x_wconf 88' lang='lat' dir='ltr'><strong>praeterisse</strong></span> <span class='ocrx_word' id='word_1_43' title='bbox 2200 1871 2216 1898; x_wconf 92' lang='lat'><strong><em>,</em></strong></span> <span class='ocrx_word' id='word_1_44' title='bbox 2268 1826 2403 1885; x_wconf 90' lang='lat' dir='ltr'><strong>dum</strong></span> <span class='ocrx_word' id='word_1_45' title='bbox 2448 1841 2671 1901; x_wconf 89' lang='lat' dir='ltr'><strong>semper</strong></span> <span class='ocrx_word' id='word_1_46' title='bbox 2694 1835 2732 1893; x_wconf 88' lang='lat'>1</span> 
     </span>
     <span class='ocr_line' id='line_1_8' title="bbox 373 1927 2671 2003; baseline -0.001 -11"><span class='ocrx_word' id='word_1_47' title='bbox 373 1953 399 1993; x_wconf 71' lang='lat' dir='ltr'><strong>s</strong></span> <span class='ocrx_word' id='word_1_48' title='bbox 416 1928 602 1989; x_wconf 86' lang='lat' dir='ltr'><strong>enitor</strong></span> <span class='ocrx_word' id='word_1_49' title='bbox 651 1928 748 1988; x_wconf 92' lang='lat' dir='ltr'><strong>uel</strong></span> <span class='ocrx_word' id='word_1_50' title='bbox 797 1928 1040 1988; x_wconf 78' lang='lat' dir='ltr'><strong>maxime</strong></span> <span class='ocrx_word' id='word_1_51' title='bbox 1090 1927 1392 1988; x_wconf 77' lang='lat' dir='ltr'><strong>cotidianis</strong></span> <span class='ocrx_word' id='word_1_52' title='bbox 1443 1927 1869 2002; x_wconf 81' lang='lat' dir='ltr'><strong>euangeliorum</strong></span> <span class='ocrx_word' id='word_1_53' title='bbox 1919 1929 2261 1989; x_wconf 86' lang='lat' dir='ltr'><strong>tractatibus</strong></span> <span class='ocrx_word' id='word_1_54' title='bbox 2276 1974 2291 2001; x_wconf 94' lang='lat'><strong><em>,</em></strong></span> <span class='ocrx_word' id='word_1_55' title='bbox 2365 1928 2671 2003; x_wconf 85' lang='lat' dir='ltr'><strong>aliquando</strong></span> 
     </span>
     <span class='ocr_line' id='line_1_9' title="bbox 415 2017 2670 2106; baseline 0 -15"><span class='ocrx_word' id='word_1_56' title='bbox 415 2030 582 2091; x_wconf 88' lang='lat' dir='ltr'><strong>uobis</strong></span> <span class='ocrx_word' id='word_1_57' title='bbox 611 2031 743 2089; x_wconf 89' lang='lat' dir='ltr'><strong>fidei</strong></span> <span class='ocrx_word' id='word_1_58' title='bbox 773 2033 832 2089; x_wconf 89' lang='lat' dir='ltr'><strong>et</strong></span> <span class='ocrx_word' id='word_1_59' title='bbox 862 2031 1134 2090; x_wconf 79' lang='lat' dir='ltr'><strong>scientiae</strong></span> <span class='ocrx_word' id='word_1_60' title='bbox 1162 2048 1263 2104; x_wconf 92' lang='lat' dir='ltr'><strong>per</strong></span> <span class='ocrx_word' id='word_1_61' title='bbox 1284 2031 1588 2090; x_wconf 91' lang='lat' dir='ltr'><strong>Dominum</strong></span> <span class='ocrx_word' id='word_1_62' title='bbox 1618 2017 1966 2090; x_wconf 84' lang='lat' dir='ltr'><strong>incrementa</strong></span> <span class='ocrx_word' id='word_1_63' title='bbox 1992 2034 2304 2105; x_wconf 86' lang='lat' dir='ltr'><strong>praestare.</strong></span> <span class='ocrx_word' id='word_1_64' title='bbox 2350 2031 2489 2106; x_wconf 86' lang='lat' dir='ltr'><strong>quid</strong></span> <span class='ocrx_word' id='word_1_65' title='bbox 2517 2031 2670 2091; x_wconf 90' lang='lat' dir='ltr'><strong>enim</strong></span> 
     </span>
     <span class='ocr_line' id='line_1_10' title="bbox 417 2132 2665 2208; baseline 0 -15"><span class='ocrx_word' id='word_1_66' title='bbox 417 2132 574 2193; x_wconf 84' lang='lat' dir='ltr'><strong>aliud</strong></span> <span class='ocrx_word' id='word_1_67' title='bbox 623 2134 686 2192; x_wconf 90' lang='lat' dir='ltr'><strong>in</strong></span> <span class='ocrx_word' id='word_1_68' title='bbox 735 2134 976 2194; x_wconf 86' lang='lat' dir='ltr'><strong>ecclesia</strong></span> <span class='ocrx_word' id='word_1_69' title='bbox 1013 2133 1244 2194; x_wconf 80' lang='lat' dir='ltr'><strong>Domini</strong></span> <span class='ocrx_word' id='word_1_70' title='bbox 1293 2133 1494 2194; x_wconf 90' lang='lat' dir='ltr'><strong>utilius</strong></span> <span class='ocrx_word' id='word_1_71' title='bbox 1547 2134 1690 2208; x_wconf 80' lang='lat' dir='ltr'><strong>geri,</strong></span> <span class='ocrx_word' id='word_1_72' title='bbox 1752 2133 1890 2208; x_wconf 88' lang='lat' dir='ltr'><strong>quid</strong></span> <span class='ocrx_word' id='word_1_73' title='bbox 1940 2134 2412 2195; x_wconf 87' lang='lat' dir='ltr'><strong>accommodatius</strong></span> <span class='ocrx_word' id='word_1_74' title='bbox 2462 2135 2665 2195; x_wconf 86' lang='lat' dir='ltr'><strong>officiis</strong></span> 
     </span>
     <span class='ocr_line' id='line_1_11' title="bbox 417 2235 2669 2312; baseline -0 -15"><span class='ocrx_word' id='word_1_75' title='bbox 417 2235 668 2312; x_wconf 73' lang='lat' dir='ltr'><strong>episcopi</strong></span> <span class='ocrx_word' id='word_1_76' title='bbox 717 2238 910 2311; x_wconf 88' lang='lat' dir='ltr'><strong>potest</strong></span> <span class='ocrx_word' id='word_1_77' title='bbox 953 2237 1200 2297; x_wconf 89' lang='lat' dir='ltr'><strong>inueniri</strong></span> <span class='ocrx_word' id='word_1_78' title='bbox 1216 2282 1232 2309; x_wconf 92' lang='lat'><strong><em>,</em></strong></span> <span class='ocrx_word' id='word_1_79' title='bbox 1285 2255 1454 2312; x_wconf 89' lang='lat' dir='ltr'><strong>quam</strong></span> <span class='ocrx_word' id='word_1_80' title='bbox 1493 2239 1560 2296; x_wconf 90' lang='lat' dir='ltr'><strong>ut</strong></span> <span class='ocrx_word' id='word_1_81' title='bbox 1603 2237 1861 2296; x_wconf 88' lang='lat' dir='ltr'><strong>doctrina</strong></span> <span class='ocrx_word' id='word_1_82' title='bbox 1903 2237 2309 2298; x_wconf 89' lang='lat' dir='ltr'><strong>dominicorum</strong></span> <span class='ocrx_word' id='word_1_83' title='bbox 2347 2255 2449 2311; x_wconf 93' lang='lat' dir='ltr'><strong>per</strong></span> <span class='ocrx_word' id='word_1_84' title='bbox 2478 2236 2669 2310; x_wconf 89' lang='lat' dir='ltr'><strong>ipsum</strong></span> 
     </span>
     <span class='ocr_line' id='line_1_12' title="bbox 402 2319 2673 2416; baseline 0 -18"><span class='ocrx_word' id='word_1_85' title='bbox 402 2339 735 2414; x_wconf 61' lang='lat' dir='ltr'><strong>insinuata}</strong></span> <span class='ocrx_word' id='word_1_86' title='bbox 758 2340 1094 2414; x_wconf 84' lang='lat' dir='ltr'><strong>conlataque</strong></span> <span class='ocrx_word' id='word_1_87' title='bbox 1123 2337 1449 2416; x_wconf 64' lang='lat' dir='ltr'><strong>[uerborum</strong></span> <span class='ocrx_word' id='word_1_88' title='bbox 1469 2367 1484 2380; x_wconf 60' lang='grc' dir='ltr'>ι</span> <span class='ocrx_word' id='word_1_89' title='bbox 1510 2341 1732 2413; x_wconf 85' lang='lat' dir='ltr'><strong>possint</strong></span> <span class='ocrx_word' id='word_1_90' title='bbox 1795 2319 2099 2400; x_wconf 68' lang='lat' dir='ltr'><strong>credentes¹</strong></span> <span class='ocrx_word' id='word_1_91' title='bbox 2142 2342 2217 2400; x_wconf 88' lang='lat' dir='ltr'><strong>ad</strong></span> <span class='ocrx_word' id='word_1_92' title='bbox 2267 2337 2673 2414; x_wconf 77' lang='lat' dir='ltr'><strong>repromissum</strong></span> 
     </span>
     <span class='ocr_line' id='line_1_13' title="bbox 347 2428 2680 2517; baseline -0.003 -11"><span class='ocrx_word' id='word_1_93' title='bbox 347 2465 402 2506; x_wconf 88' lang='lat'><strong>10</strong></span> <span class='ocrx_word' id='word_1_94' title='bbox 420 2459 658 2517; x_wconf 87' lang='lat' dir='ltr'><strong>regnum</strong></span> <span class='ocrx_word' id='word_1_95' title='bbox 707 2443 1006 2516; x_wconf 86' lang='lat' dir='ltr'><strong>peruenire</strong></span> <span class='ocrx_word' id='word_1_96' title='bbox 1057 2443 1380 2504; x_wconf 78' lang='lat' dir='ltr'><strong>caelorum?</strong></span> <span class='ocrx_word' id='word_1_97' title='bbox 1425 2428 1540 2502; x_wconf 70' lang='lat' dir='ltr'><strong>hoc&#39;</strong></span> <span class='ocrx_word' id='word_1_98' title='bbox 1561 2442 1745 2516; x_wconf 65' lang='lat' dir='ltr'><strong>[certe</strong></span> <span class='ocrx_word' id='word_1_99' title='bbox 1794 2443 1905 2504; x_wconf 89' lang='lat' dir='ltr'><strong>mei</strong></span> <span class='ocrx_word' id='word_1_100' title='bbox 1956 2447 2015 2503; x_wconf 84' lang='lat' dir='ltr'><strong>et</strong></span> <span class='ocrx_word' id='word_1_101' title='bbox 2078 2443 2266 2517; x_wconf 89' lang='lat' dir='ltr'><strong>operis</strong></span> <span class='ocrx_word' id='word_1_102' title='bbox 2319 2445 2378 2502; x_wconf 90' lang='lat' dir='ltr'><strong>et</strong></span> <span class='ocrx_word' id='word_1_103' title='bbox 2427 2442 2680 2503; x_wconf 86' lang='lat' dir='ltr'><strong>muneris</strong></span> 
     </span>
     <span class='ocr_line' id='line_1_14' title="bbox 419 2543 2671 2628; baseline -0.001 -21"><span class='ocrx_word' id='word_1_104' title='bbox 419 2545 764 2607; x_wconf 88' lang='lat' dir='ltr'><strong>cotidianum</strong></span> <span class='ocrx_word' id='word_1_105' title='bbox 818 2545 1076 2606; x_wconf 88' lang='lat' dir='ltr'><strong>uotiuum</strong></span> <span class='ocrx_word' id='word_1_106' title='bbox 1115 2546 1409 2621; x_wconf 87' lang='lat' dir='ltr'><strong>negotium</strong></span> <span class='ocrx_word' id='word_1_107' title='bbox 1439 2543 1665 2628; x_wconf 73' lang='lat' dir='ltr'><strong>{absens</strong></span> <span class='ocrx_word' id='word_1_108' title='bbox 1693 2546 1833 2607; x_wconf 88' lang='lat' dir='ltr'><strong>licet</strong></span> <span class='ocrx_word' id='word_1_109' title='bbox 1882 2547 2137 2620; x_wconf 77' lang='lat' dir='ltr'><strong>optinere</strong></span> <span class='ocrx_word' id='word_1_110' title='bbox 2168 2547 2385 2608; x_wconf 91' lang='lat' dir='ltr'><strong>conitor</strong></span> <span class='ocrx_word' id='word_1_111' title='bbox 2414 2548 2473 2605; x_wconf 84' lang='lat' dir='ltr'><strong>et</strong></span> <span class='ocrx_word' id='word_1_112' title='bbox 2504 2561 2671 2619; x_wconf 88' lang='lat' dir='ltr'><strong>prae-</strong></span> 
     </span>
     <span class='ocr_line' id='line_1_15' title="bbox 420 2649 2675 2724; baseline 0 -15"><span class='ocrx_word' id='word_1_113' title='bbox 420 2649 661 2710; x_wconf 84' lang='lat' dir='ltr'><strong>sentiam</strong></span> <span class='ocrx_word' id='word_1_114' title='bbox 702 2650 815 2710; x_wconf 90' lang='lat' dir='ltr'><strong>mei</strong></span> <span class='ocrx_word' id='word_1_115' title='bbox 860 2650 1024 2709; x_wconf 91' lang='lat' dir='ltr'><strong>uobis</strong></span> <span class='ocrx_word' id='word_1_116' title='bbox 1063 2650 1295 2710; x_wconf 90' lang='lat' dir='ltr'><strong>reddere</strong></span> <span class='ocrx_word' id='word_1_117' title='bbox 1335 2666 1438 2724; x_wconf 92' lang='lat' dir='ltr'><strong>per</strong></span> <span class='ocrx_word' id='word_1_118' title='bbox 1476 2652 1705 2711; x_wconf 81' lang='lat' dir='ltr'><strong>litteras</strong></span> <span class='ocrx_word' id='word_1_119' title='bbox 1747 2668 1935 2710; x_wconf 91' lang='lat' dir='ltr'><strong>conor.</strong></span> <span class='ocrx_word' id='word_1_120' title='bbox 1984 2650 2119 2709; x_wconf 88' lang='lat' dir='ltr'><strong>dum</strong></span> <span class='ocrx_word' id='word_1_121' title='bbox 2159 2667 2263 2709; x_wconf 90' lang='lat' dir='ltr'><strong>nos</strong></span> <span class='ocrx_word' id='word_1_122' title='bbox 2303 2649 2477 2710; x_wconf 87' lang='lat' dir='ltr'><strong>solito</strong></span> <span class='ocrx_word' id='word_1_123' title='bbox 2519 2665 2675 2709; x_wconf 90' lang='lat' dir='ltr'><strong>more</strong></span> 
     </span>
     <span class='ocr_line' id='line_1_16' title="bbox 420 2751 2675 2827; baseline -0 -16"><span class='ocrx_word' id='word_1_124' title='bbox 420 2752 854 2827; x_wconf 80' lang='lat' dir='ltr'><strong>allocutionibus</strong></span> <span class='ocrx_word' id='word_1_125' title='bbox 895 2753 1088 2812; x_wconf 88' lang='lat' dir='ltr'><strong>missis</strong></span> <span class='ocrx_word' id='word_1_126' title='bbox 1130 2754 1190 2812; x_wconf 90' lang='lat' dir='ltr'><strong>in</strong></span> <span class='ocrx_word' id='word_1_127' title='bbox 1229 2752 1339 2813; x_wconf 90' lang='lat' dir='ltr'><strong>fide</strong></span> <span class='ocrx_word' id='word_1_128' title='bbox 1381 2754 1702 2827; x_wconf 79' lang='lat' dir='ltr'><strong>interpone,</strong></span> <span class='ocrx_word' id='word_1_129' title='bbox 1733 2753 1859 2813; x_wconf 91' lang='lat' dir='ltr'><strong>ideo</strong></span> <span class='ocrx_word' id='word_1_130' title='bbox 1890 2752 2183 2825; x_wconf 89' lang='lat' dir='ltr'><strong>conuenio,</strong></span> <span class='ocrx_word' id='word_1_131' title='bbox 2215 2754 2281 2811; x_wconf 90' lang='lat' dir='ltr'><strong>ut</strong></span> <span class='ocrx_word' id='word_1_132' title='bbox 2311 2751 2675 2825; x_wconf 86' lang='lat' dir='ltr'><strong>euangelicae</strong></span> 
     </span>
     <span class='ocr_line' id='line_1_17' title="bbox 417 2854 2679 2930; baseline -0.001 -15"><span class='ocrx_word' id='word_1_133' title='bbox 417 2856 628 2916; x_wconf 78' lang='lat' dir='ltr'><strong>radicis</strong></span> <span class='ocrx_word' id='word_1_134' title='bbox 656 2855 926 2915; x_wconf 88' lang='lat' dir='ltr'><strong>firmitate</strong></span> <span class='ocrx_word' id='word_1_135' title='bbox 956 2856 1188 2916; x_wconf 87' lang='lat' dir='ltr'><strong>solidati</strong></span> <span class='ocrx_word' id='word_1_136' title='bbox 1217 2858 1491 2915; x_wconf 86' lang='lat' dir='ltr'><strong>aduersus</strong></span> <span class='ocrx_word' id='word_1_137' title='bbox 1533 2856 1723 2915; x_wconf 90' lang='lat' dir='ltr'><strong>omnia</strong></span> <span class='ocrx_word' id='word_1_138' title='bbox 1752 2854 1966 2915; x_wconf 89' lang='lat' dir='ltr'><strong>diaboli</strong></span> <span class='ocrx_word' id='word_1_139' title='bbox 2007 2855 2225 2930; x_wconf 89' lang='lat' dir='ltr'><strong>proelia</strong></span> <span class='ocrx_word' id='word_1_140' title='bbox 2255 2854 2423 2914; x_wconf 89' lang='lat' dir='ltr'><strong>stetis</strong></span> <span class='ocrx_word' id='word_1_141' title='bbox 2454 2868 2679 2927; x_wconf 82' lang='lat' dir='ltr'><strong>semper</strong></span> 
     </span>
     <span class='ocr_line' id='line_1_18' title="bbox 349 2958 2686 3031; baseline -0.002 -12"><span class='ocrx_word' id='word_1_142' title='bbox 349 2979 402 3019; x_wconf 74' lang='lat'><strong>15</strong></span> <span class='ocrx_word' id='word_1_143' title='bbox 421 2959 646 3018; x_wconf 86' lang='lat' dir='ltr'><strong>armati.</strong></span> <span class='ocrx_word' id='word_1_144' title='bbox 698 2958 993 3019; x_wconf 82' lang='lat' dir='ltr'><strong>absentem</strong></span> <span class='ocrx_word' id='word_1_145' title='bbox 1045 2976 1135 3019; x_wconf 91' lang='lat' dir='ltr'><strong>me</strong></span> <span class='ocrx_word' id='word_1_146' title='bbox 1185 2974 1300 3019; x_wconf 91' lang='lat' dir='ltr'><strong>non</strong></span> <span class='ocrx_word' id='word_1_147' title='bbox 1334 2959 1559 3019; x_wconf 89' lang='lat' dir='ltr'><strong>credam</strong></span> <span class='ocrx_word' id='word_1_148' title='bbox 1576 3004 1591 3031; x_wconf 92' lang='lat'><strong><em>,</em></strong></span> <span class='ocrx_word' id='word_1_149' title='bbox 1650 2958 1701 3017; x_wconf 89' lang='lat' dir='ltr'><strong>si</strong></span> <span class='ocrx_word' id='word_1_150' title='bbox 1752 2958 1912 3019; x_wconf 85' lang='lat' dir='ltr'><strong>fuero</strong></span> <span class='ocrx_word' id='word_1_151' title='bbox 1944 2975 2195 3019; x_wconf 86' lang='lat' dir='ltr'><strong>securus.</strong></span> <span class='ocrx_word' id='word_1_152' title='bbox 2246 2975 2445 3018; x_wconf 88' lang='lat' dir='ltr'><strong>uerum</strong></span> <span class='ocrx_word' id='word_1_153' title='bbox 2492 2958 2686 3016; x_wconf 85' lang='lat' dir='ltr'><strong>tamen</strong></span> 
     </span>
    </p>
   </div>
   <div class='ocr_carea' id='block_1_7' title="bbox 415 3243 2683 3675">
    <p class='ocr_par' dir='ltr' id='par_1_7' title="bbox 415 3243 2683 3489">
     <span class='ocr_line' id='line_1_19' title="bbox 555 3243 2683 3316; baseline 0 -18"><span class='ocrx_word' id='word_1_154' title='bbox 555 3244 589 3298; x_wconf 94' lang='lat'>1</span> <span class='ocrx_word' id='word_1_155' title='bbox 623 3244 788 3299; x_wconf 90' lang='lat' dir='ltr'><strong>immo</strong></span> <span class='ocrx_word' id='word_1_156' title='bbox 823 3260 923 3299; x_wconf 88' lang='lat' dir='ltr'><strong>om.</strong></span> <span class='ocrx_word' id='word_1_157' title='bbox 961 3244 1018 3298; x_wconf 91' lang='lat' dir='ltr'><strong><em>Z</em></strong></span> <span class='ocrx_word' id='word_1_158' title='bbox 1183 3244 1220 3298; x_wconf 82' lang='lat'>2</span> <span class='ocrx_word' id='word_1_159' title='bbox 1252 3245 1603 3316; x_wconf 84' lang='lat' dir='ltr'><strong>saeculorum]</strong></span> <span class='ocrx_word' id='word_1_160' title='bbox 1618 3247 1793 3299; x_wconf 75' lang='lat' dir='ltr'><strong>&#39;amen</strong></span> <span class='ocrx_word' id='word_1_161' title='bbox 1830 3245 1958 3300; x_wconf 77' lang='lat' dir='ltr'><strong>add.</strong></span> <span class='ocrx_word' id='word_1_162' title='bbox 1997 3245 2087 3315; x_wconf 84' lang='grc' dir='ltr'><strong>Ζμ.</strong></span> <span class='ocrx_word' id='word_1_163' title='bbox 2262 3247 2390 3313; x_wconf 91' lang='lat' dir='ltr'><strong>opto</strong></span> <span class='ocrx_word' id='word_1_164' title='bbox 2412 3282 2423 3294; x_wconf 95' lang='lat'><strong><em>.</em></strong></span> <span class='ocrx_word' id='word_1_165' title='bbox 2446 3286 2456 3297; x_wconf 94' lang='lat'><strong><em>.</em></strong></span> <span class='ocrx_word' id='word_1_166' title='bbox 2480 3243 2683 3299; x_wconf 87' lang='lat' dir='ltr'><strong>.ualere</strong></span> 
     </span>
     <span class='ocr_line' id='line_1_20' title="bbox 415 3330 2683 3403; baseline -0.001 -16"><span class='ocrx_word' id='word_1_167' title='bbox 415 3348 515 3387; x_wconf 80' lang='lat' dir='ltr'><strong>om.</strong></span> <span class='ocrx_word' id='word_1_168' title='bbox 549 3348 624 3403; x_wconf 70' lang='grc' dir='ltr'><strong>νμ.</strong></span> <span class='ocrx_word' id='word_1_169' title='bbox 827 3346 1034 3401; x_wconf 84' lang='lat' dir='ltr'><strong>semper</strong></span> <span class='ocrx_word' id='word_1_170' title='bbox 1065 3330 1200 3386; x_wconf 90' lang='lat' dir='ltr'><strong>bene</strong></span> <span class='ocrx_word' id='word_1_171' title='bbox 1222 3347 1258 3386; x_wconf 82' lang='lat' dir='ltr'><strong><em>v</em></strong></span> <span class='ocrx_word' id='word_1_172' title='bbox 1460 3332 1661 3402; x_wconf 87' lang='lat' dir='ltr'><strong>ualere]</strong></span> <span class='ocrx_word' id='word_1_173' title='bbox 1698 3348 1852 3387; x_wconf 86' lang='lat' dir='ltr'><strong>amen</strong></span> <span class='ocrx_word' id='word_1_174' title='bbox 1886 3332 2016 3387; x_wconf 76' lang='lat' dir='ltr'><strong>add.</strong></span> <span class='ocrx_word' id='word_1_175' title='bbox 2052 3348 2101 3387; x_wconf 84' lang='lat' dir='ltr'><strong>v.</strong></span> <span class='ocrx_word' id='word_1_176' title='bbox 2142 3362 2209 3371; x_wconf 98' lang='lat'><strong>—</strong></span> <span class='ocrx_word' id='word_1_177' title='bbox 2246 3331 2327 3385; x_wconf 91' lang='lat' dir='ltr'><strong>De</strong></span> <span class='ocrx_word' id='word_1_178' title='bbox 2360 3330 2683 3401; x_wconf 80' lang='lat' dir='ltr'><strong>spectaculis</strong></span> 
     </span>
     <span class='ocr_line' id='line_1_21' title="bbox 418 3418 1548 3489; baseline 0.004 -17"><span class='ocrx_word' id='word_1_179' title='bbox 418 3420 638 3488; x_wconf 78' lang='lat' dir='ltr'><strong>explicit</strong></span> <span class='ocrx_word' id='word_1_180' title='bbox 669 3418 735 3481; x_wconf 92' lang='lat' dir='ltr'><strong>Z,</strong></span> <span class='ocrx_word' id='word_1_181' title='bbox 773 3434 874 3473; x_wconf 86' lang='lat' dir='ltr'><strong>om.</strong></span> <span class='ocrx_word' id='word_1_182' title='bbox 909 3433 999 3489; x_wconf 74' lang='grc' dir='ltr'><strong>νμ.</strong></span> <span class='ocrx_word' id='word_1_183' title='bbox 1025 3446 1090 3459; x_wconf 91' lang='lat'><strong>-·</strong></span> <span class='ocrx_word' id='word_1_184' title='bbox 1541 3434 1548 3441; x_wconf 88' lang='lat'><em>·</em></span> 
     </span>
    </p>

    <p class='ocr_par' dir='ltr' id='par_1_8' title="bbox 418 3502 2681 3675">
     <span class='ocr_line' id='line_1_22' title="bbox 555 3502 2681 3575; baseline -0.001 -17"><span class='ocrx_word' id='word_1_185' title='bbox 555 3504 758 3573; x_wconf 84' lang='lat' dir='ltr'><strong>Incipit</strong></span> <span class='ocrx_word' id='word_1_186' title='bbox 792 3504 857 3559; x_wconf 88' lang='lat' dir='ltr'><strong>de</strong></span> <span class='ocrx_word' id='word_1_187' title='bbox 891 3504 1028 3558; x_wconf 91' lang='lat' dir='ltr'><strong>bono</strong></span> <span class='ocrx_word' id='word_1_188' title='bbox 1063 3504 1358 3574; x_wconf 85' lang='lat' dir='ltr'><strong>pudicitiae</strong></span> <span class='ocrx_word' id='word_1_189' title='bbox 1391 3506 1475 3571; x_wconf 87' lang='lat' dir='ltr'><strong>K,</strong></span> <span class='ocrx_word' id='word_1_190' title='bbox 1513 3506 1715 3574; x_wconf 91' lang='lat' dir='ltr'><strong>Incipit</strong></span> <span class='ocrx_word' id='word_1_191' title='bbox 1748 3504 1815 3559; x_wconf 87' lang='lat' dir='ltr'><strong>de</strong></span> <span class='ocrx_word' id='word_1_192' title='bbox 1848 3504 2117 3575; x_wconf 86' lang='lat' dir='ltr'><strong>pudicicia</strong></span> <span class='ocrx_word' id='word_1_193' title='bbox 2151 3507 2217 3559; x_wconf 89' lang='lat' dir='ltr'><strong>Z.</strong></span> <span class='ocrx_word' id='word_1_194' title='bbox 2246 3534 2308 3543; x_wconf 86' lang='lat'><strong>—-</strong></span> <span class='ocrx_word' id='word_1_195' title='bbox 2335 3505 2376 3561; x_wconf 88' lang='grc'>4</span> <span class='ocrx_word' id='word_1_196' title='bbox 2412 3508 2543 3569; x_wconf 66' lang='lat' dir='ltr'><strong>ante</strong></span> <span class='ocrx_word' id='word_1_197' title='bbox 2580 3502 2681 3555; x_wconf 89' lang='lat' dir='ltr'><strong>ali-</strong></span> 
     </span>
     <span class='ocr_line' id='line_1_23' title="bbox 418 3590 2679 3675; baseline -0.002 -30"><span class='ocrx_word' id='word_1_198' title='bbox 418 3606 550 3660; x_wconf 82' lang='lat' dir='ltr'><strong>quas</strong></span> <span class='ocrx_word' id='word_1_199' title='bbox 581 3592 817 3645; x_wconf 74' lang='lat' dir='ltr'><strong>lammae</strong></span> <span class='ocrx_word' id='word_1_200' title='bbox 849 3590 1063 3660; x_wconf 66' lang='lat' dir='ltr'><strong>sianum</strong></span> <span class='ocrx_word' id='word_1_201' title='bbox 1097 3591 1306 3655; x_wconf 72' lang='lat' dir='ltr'><strong>addidi,</strong></span> <span class='ocrx_word' id='word_1_202' title='bbox 1345 3592 1400 3646; x_wconf 89' lang='lat' dir='ltr'><strong><em>Z</em></strong></span> <span class='ocrx_word' id='word_1_203' title='bbox 1427 3592 1778 3675; x_wconf 56' lang='lat' dir='ltr'><strong>itajg&#39;gtcipit:</strong></span> <span class='ocrx_word' id='word_1_204' title='bbox 1831 3592 2098 3661; x_wconf 84' lang='lat' dir='ltr'><strong>pudicicia</strong></span> <span class='ocrx_word' id='word_1_205' title='bbox 2139 3592 2311 3647; x_wconf 84' lang='lat' dir='ltr'><strong>lorica</strong></span> <span class='ocrx_word' id='word_1_206' title='bbox 2347 3592 2404 3645; x_wconf 80' lang='lat' dir='ltr'><strong>et</strong></span> <span class='ocrx_word' id='word_1_207' title='bbox 2440 3590 2547 3659; x_wconf 92' lang='lat' dir='ltr'><strong>ipsi</strong></span> <span class='ocrx_word' id='word_1_208' title='bbox 2582 3604 2679 3642; x_wconf 85' lang='lat' dir='ltr'><strong>uos</strong></span> 
     </span>
    </p>
   </div>
   <div class='ocr_carea' id='block_1_8' title="bbox 417 3664 2784 4350">
    <p class='ocr_par' dir='ltr' id='par_1_9' title="bbox 419 3664 2680 3747">
     <span class='ocr_line' id='line_1_24' title="bbox 419 3664 2680 3747; baseline -0 -16"><span class='ocrx_word' id='word_1_209' title='bbox 419 3676 572 3731; x_wconf 81' lang='lat' dir='ltr'><strong>scitis</strong></span> <span class='ocrx_word' id='word_1_210' title='bbox 617 3679 748 3730; x_wconf 81' lang='lat' dir='ltr'><strong>tunc</strong></span> <span class='ocrx_word' id='word_1_211' title='bbox 784 3677 994 3745; x_wconf 88' lang='lat' dir='ltr'><strong>quando</strong></span> <span class='ocrx_word' id='word_1_212' title='bbox 1027 3664 1178 3731; x_wconf 62' lang='lat' dir='ltr'><strong>metu</strong></span> <span class='ocrx_word' id='word_1_213' title='bbox 1211 3678 1351 3747; x_wconf 89' lang='lat' dir='ltr'><strong>apud</strong></span> <span class='ocrx_word' id='word_1_214' title='bbox 1387 3694 1483 3731; x_wconf 89' lang='lat' dir='ltr'><strong>uos</strong></span> <span class='ocrx_word' id='word_1_215' title='bbox 1519 3693 1619 3746; x_wconf 89' lang='lat' dir='ltr'><strong>pns</strong></span> <span class='ocrx_word' id='word_1_216' title='bbox 1656 3694 1841 3731; x_wconf 69' lang='lat' dir='ltr'><strong>essem‘</strong></span> <span class='ocrx_word' id='word_1_217' title='bbox 1861 3678 2071 3746; x_wconf 85' lang='lat' dir='ltr'><strong>aliquas</strong></span> <span class='ocrx_word' id='word_1_218' title='bbox 2311 3677 2512 3747; x_wconf 84' lang='lat' dir='ltr'><strong>partes]</strong></span> <span class='ocrx_word' id='word_1_219' title='bbox 2550 3674 2680 3731; x_wconf 71' lang='lat' dir='ltr'><strong>aad.</strong></span> 
     </span>
    </p>

    <p class='ocr_par' dir='ltr' id='par_1_10' title="bbox 417 3764 2784 4350">
     <span class='ocr_line' id='line_1_25' title="bbox 417 3764 2672 3835; baseline 0 -18"><span class='ocrx_word' id='word_1_220' title='bbox 417 3764 483 3817; x_wconf 87' lang='lat' dir='ltr'><strong><em>K</em></strong></span> <span class='ocrx_word' id='word_1_221' title='bbox 511 3765 574 3819; x_wconf 72' lang='lat' dir='ltr'><strong>in</strong></span> <span class='ocrx_word' id='word_1_222' title='bbox 607 3780 774 3835; x_wconf 74' lang='lat' dir='ltr'><strong>mary.</strong></span> <span class='ocrx_word' id='word_1_223' title='bbox 820 3769 948 3819; x_wconf 80' lang='lat' dir='ltr'><strong>m.2</strong></span> <span class='ocrx_word' id='word_1_224' title='bbox 983 3771 1037 3819; x_wconf 80' lang='lat' dir='ltr'><strong>ct</strong></span> <span class='ocrx_word' id='word_1_225' title='bbox 1070 3782 1134 3819; x_wconf 84' lang='lat' dir='ltr'><strong>v.-</strong></span> <span class='ocrx_word' id='word_1_226' title='bbox 1178 3781 1286 3819; x_wconf 92' lang='lat' dir='ltr'><strong>non</strong></span> <span class='ocrx_word' id='word_1_227' title='bbox 1331 3766 1556 3818; x_wconf 85' lang='lat' dir='ltr'><strong>aestimo</strong></span> <span class='ocrx_word' id='word_1_228' title='bbox 1764 3764 1799 3817; x_wconf 88' lang='grc'><strong>6</strong></span> <span class='ocrx_word' id='word_1_229' title='bbox 1832 3764 2106 3834; x_wconf 85' lang='lat' dir='ltr'><strong>scientiae]</strong></span> <span class='ocrx_word' id='word_1_230' title='bbox 2155 3764 2451 3819; x_wconf 83' lang='lat' dir='ltr'><strong>sententiae</strong></span> <span class='ocrx_word' id='word_1_231' title='bbox 2484 3764 2549 3817; x_wconf 95' lang='lat' dir='ltr'><strong><em>K</em></strong></span> <span class='ocrx_word' id='word_1_232' title='bbox 2664 3782 2672 3789; x_wconf 91' lang='lat'><em>·</em></span> 
     </span>
     <span class='ocr_line' id='line_1_26' title="bbox 420 3849 2553 3921; baseline -0.001 -16"><span class='ocrx_word' id='word_1_233' title='bbox 420 3851 568 3921; x_wconf 86' lang='lat' dir='ltr'><strong>quid]</strong></span> <span class='ocrx_word' id='word_1_234' title='bbox 607 3852 700 3920; x_wconf 90' lang='lat' dir='ltr'><strong>qui</strong></span> <span class='ocrx_word' id='word_1_235' title='bbox 734 3852 790 3905; x_wconf 92' lang='lat' dir='ltr'><em>Z</em></span> <span class='ocrx_word' id='word_1_236' title='bbox 993 3852 1024 3904; x_wconf 79' lang='lat'>7</span> <span class='ocrx_word' id='word_1_237' title='bbox 1061 3851 1262 3905; x_wconf 91' lang='lat' dir='ltr'><strong>domini</strong></span> <span class='ocrx_word' id='word_1_238' title='bbox 1297 3868 1348 3906; x_wconf 86' lang='lat' dir='ltr'><strong>u.</strong></span> <span class='ocrx_word' id='word_1_239' title='bbox 1386 3852 1503 3921; x_wconf 88' lang='lat' dir='ltr'><strong>geri</strong></span> <span class='ocrx_word' id='word_1_240' title='bbox 1537 3868 1639 3906; x_wconf 87' lang='lat' dir='ltr'><strong>om.</strong></span> <span class='ocrx_word' id='word_1_241' title='bbox 1677 3852 1732 3905; x_wconf 91' lang='lat' dir='ltr'><strong><em>Z</em></strong></span> <span class='ocrx_word' id='word_1_242' title='bbox 1933 3849 2326 3906; x_wconf 80' lang='lat' dir='ltr'><strong>accomodatius</strong></span> <span class='ocrx_word' id='word_1_243' title='bbox 2361 3867 2459 3904; x_wconf 85' lang='lat' dir='ltr'><strong>om.</strong></span> <span class='ocrx_word' id='word_1_244' title='bbox 2498 3850 2553 3903; x_wconf 91' lang='lat' dir='ltr'><strong><em>Z</em></strong></span> 
     </span>
     <span class='ocr_line' id='line_1_27' title="bbox 417 3936 2784 4005; baseline -0.001 -14"><span class='ocrx_word' id='word_1_245' title='bbox 417 3936 613 3991; x_wconf 87' lang='lat' dir='ltr'><strong>officiis</strong></span> <span class='ocrx_word' id='word_1_246' title='bbox 647 3936 860 4005; x_wconf 72' lang='lat' dir='ltr'><strong>scripsi,</strong></span> <span class='ocrx_word' id='word_1_247' title='bbox 900 3936 1069 3992; x_wconf 81' lang='lat' dir='ltr'><strong>officii</strong></span> <span class='ocrx_word' id='word_1_248' title='bbox 1091 3964 1120 3990; x_wconf 58' lang='lat' dir='ltr'><strong>s</strong></span> <span class='ocrx_word' id='word_1_249' title='bbox 1154 3938 1229 4003; x_wconf 88' lang='lat' dir='ltr'><strong>K,</strong></span> <span class='ocrx_word' id='word_1_250' title='bbox 1265 3938 1324 3991; x_wconf 90' lang='lat' dir='ltr'><strong>in</strong></span> <span class='ocrx_word' id='word_1_251' title='bbox 1347 3938 1542 3992; x_wconf 88' lang='lat' dir='ltr'><strong>officiis</strong></span> <span class='ocrx_word' id='word_1_252' title='bbox 1567 3939 1635 4003; x_wconf 91' lang='lat' dir='ltr'><strong>Z,</strong></span> <span class='ocrx_word' id='word_1_253' title='bbox 1672 3937 1933 4003; x_wconf 72' lang='lat' dir='ltr'><strong>officio]v-</strong></span> <span class='ocrx_word' id='word_1_254' title='bbox 2115 3937 2151 3991; x_wconf 87' lang='lat'>8</span> <span class='ocrx_word' id='word_1_255' title='bbox 2185 3936 2570 3990; x_wconf 84' lang='lat' dir='ltr'><strong>dominicorum</strong></span> <span class='ocrx_word' id='word_1_256' title='bbox 2604 3936 2685 4005; x_wconf 88' lang='lat' dir='ltr'><strong>K,</strong></span> <span class='ocrx_word' id='word_1_257' title='bbox 2780 3965 2784 3971; x_wconf 92' lang='lat'><em>-</em></span> 
     </span>
     <span class='ocr_line' id='line_1_28' title="bbox 419 4022 2685 4095; baseline 0 -19"><span class='ocrx_word' id='word_1_258' title='bbox 419 4022 728 4077; x_wconf 84' lang='lat' dir='ltr'><strong>diuinorum</strong></span> <span class='ocrx_word' id='word_1_259' title='bbox 763 4024 849 4078; x_wconf 83' lang='grc' dir='ltr'><strong>Ζυ</strong></span> <span class='ocrx_word' id='word_1_260' title='bbox 985 4046 996 4086; x_wconf 68' lang='lat'><strong>0,</strong></span> <span class='ocrx_word' id='word_1_261' title='bbox 1031 4024 1077 4091; x_wconf 80' lang='grc'><strong>19</strong></span> <span class='ocrx_word' id='word_1_262' title='bbox 1110 4024 1408 4095; x_wconf 86' lang='lat' dir='ltr'><strong>uerborum]</strong></span> <span class='ocrx_word' id='word_1_263' title='bbox 1445 4040 1730 4079; x_wconf 88' lang='lat' dir='ltr'><strong>neruorum</strong></span> <span class='ocrx_word' id='word_1_264' title='bbox 1767 4024 1819 4078; x_wconf 91' lang='lat' dir='ltr'><em>Z</em></span> <span class='ocrx_word' id='word_1_265' title='bbox 2000 4024 2173 4092; x_wconf 89' lang='lat' dir='ltr'><strong>possit</strong></span> <span class='ocrx_word' id='word_1_266' title='bbox 2206 4024 2261 4077; x_wconf 89' lang='lat' dir='ltr'><em>Z</em></span> <span class='ocrx_word' id='word_1_267' title='bbox 2443 4022 2511 4077; x_wconf 90' lang='grc'><strong>10</strong></span> <span class='ocrx_word' id='word_1_268' title='bbox 2545 4024 2685 4077; x_wconf 88' lang='lat' dir='ltr'><strong>certe</strong></span> 
     </span>
     <span class='ocr_line' id='line_1_29' title="bbox 417 4107 2687 4179; baseline -0.001 -16"><span class='ocrx_word' id='word_1_269' title='bbox 417 4123 488 4163; x_wconf 72' lang='lat' dir='ltr'><strong>cx</strong></span> <span class='ocrx_word' id='word_1_270' title='bbox 521 4111 664 4163; x_wconf 84' lang='lat' dir='ltr'><strong>certo</strong></span> <span class='ocrx_word' id='word_1_271' title='bbox 698 4109 773 4174; x_wconf 90' lang='lat' dir='ltr'><strong>K,</strong></span> <span class='ocrx_word' id='word_1_272' title='bbox 811 4124 938 4179; x_wconf 82' lang='lat' dir='ltr'><strong>ergo</strong></span> <span class='ocrx_word' id='word_1_273' title='bbox 974 4110 1167 4178; x_wconf 86' lang='lat' dir='ltr'><strong>pudica</strong></span> <span class='ocrx_word' id='word_1_274' title='bbox 1201 4112 1284 4164; x_wconf 86' lang='lat' dir='ltr'><strong>est</strong></span> <span class='ocrx_word' id='word_1_275' title='bbox 1317 4110 1371 4164; x_wconf 92' lang='lat' dir='ltr'><strong><em>Z</em></strong></span> <span class='ocrx_word' id='word_1_276' title='bbox 1545 4110 1713 4179; x_wconf 53' lang='lat' dir='ltr'><strong>prius</strong></span> <span class='ocrx_word' id='word_1_277' title='bbox 1748 4112 1803 4163; x_wconf 90' lang='lat' dir='ltr'><strong>et</strong></span> <span class='ocrx_word' id='word_1_278' title='bbox 1834 4124 1935 4163; x_wconf 86' lang='lat' dir='ltr'><strong>om.</strong></span> <span class='ocrx_word' id='word_1_279' title='bbox 1973 4110 2025 4162; x_wconf 95' lang='lat' dir='ltr'><em>Z</em></span> <span class='ocrx_word' id='word_1_280' title='bbox 2220 4108 2472 4177; x_wconf 86' lang='lat' dir='ltr'><strong>muneris]</strong></span> <span class='ocrx_word' id='word_1_281' title='bbox 2506 4107 2687 4161; x_wconf 90' lang='lat' dir='ltr'><strong>immi-</strong></span> 
     </span>
     <span class='ocr_line' id='line_1_30' title="bbox 417 4195 2687 4265; baseline 0 -18"><span class='ocrx_word' id='word_1_282' title='bbox 417 4210 549 4248; x_wconf 87' lang='lat' dir='ltr'><strong>nens</strong></span> <span class='ocrx_word' id='word_1_283' title='bbox 586 4196 708 4263; x_wconf 49' lang='lat' dir='ltr'><strong>Zffl</strong></span> <span class='ocrx_word' id='word_1_284' title='bbox 913 4196 981 4250; x_wconf 91' lang='lat'><strong>11</strong></span> <span class='ocrx_word' id='word_1_285' title='bbox 1015 4196 1220 4250; x_wconf 88' lang='lat' dir='ltr'><strong>conitor</strong></span> <span class='ocrx_word' id='word_1_286' title='bbox 1255 4197 1328 4265; x_wconf 86' lang='lat' dir='ltr'><strong>et]</strong></span> <span class='ocrx_word' id='word_1_287' title='bbox 1367 4196 1643 4251; x_wconf 86' lang='lat' dir='ltr'><strong>contineor</strong></span> <span class='ocrx_word' id='word_1_288' title='bbox 1677 4196 1734 4249; x_wconf 87' lang='lat' dir='ltr'><strong>et</strong></span> <span class='ocrx_word' id='word_1_289' title='bbox 1769 4195 1854 4261; x_wconf 90' lang='lat' dir='ltr'><strong>K,</strong></span> <span class='ocrx_word' id='word_1_290' title='bbox 1890 4195 2225 4264; x_wconf 83' lang='lat' dir='ltr'><strong>contingeret</strong></span> <span class='ocrx_word' id='word_1_291' title='bbox 2259 4196 2311 4248; x_wconf 95' lang='lat' dir='ltr'><em>Z</em></span> <span class='ocrx_word' id='word_1_292' title='bbox 2592 4209 2687 4262; x_wconf 83' lang='lat' dir='ltr'><strong>per</strong></span> 
     </span>
     <span class='ocr_line' id='line_1_31' title="bbox 419 4278 2627 4350; baseline -0.001 -16"><span class='ocrx_word' id='word_1_293' title='bbox 419 4278 632 4334; x_wconf 81' lang='lat' dir='ltr'><strong>litteras</strong></span> <span class='ocrx_word' id='word_1_294' title='bbox 667 4282 1027 4350; x_wconf 83' lang='lat' dir='ltr'><strong>praesentiam</strong></span> <span class='ocrx_word' id='word_1_295' title='bbox 1061 4297 1236 4336; x_wconf 86' lang='lat' dir='ltr'><strong>meam</strong></span> <span class='ocrx_word' id='word_1_296' title='bbox 1272 4282 1428 4335; x_wconf 88' lang='lat' dir='ltr'><strong>uobis</strong></span> <span class='ocrx_word' id='word_1_297' title='bbox 1463 4281 1681 4337; x_wconf 88' lang='lat' dir='ltr'><strong>reddere</strong></span> <span class='ocrx_word' id='word_1_298' title='bbox 1714 4298 1748 4335; x_wconf 86' lang='lat' dir='ltr'><strong><em>v</em></strong></span> <span class='ocrx_word' id='word_1_299' title='bbox 1979 4281 2045 4335; x_wconf 80' lang='lat'><strong>12</strong></span> <span class='ocrx_word' id='word_1_300' title='bbox 2080 4281 2257 4350; x_wconf 89' lang='lat' dir='ltr'><strong>conor]</strong></span> <span class='ocrx_word' id='word_1_301' title='bbox 2294 4280 2534 4335; x_wconf 86' lang='lat' dir='ltr'><strong>consolor</strong></span> <span class='ocrx_word' id='word_1_302' title='bbox 2569 4278 2627 4332; x_wconf 90' lang='lat' dir='ltr'><em>Z</em></span> 
     </span>
    </p>
   </div>
   <div class='ocr_carea' id='block_1_9' title="bbox 417 4351 2687 4605">
    <p class='ocr_par' dir='ltr' id='par_1_11' title="bbox 417 4351 2687 4605">
     <span class='ocr_line' id='line_1_32' title="bbox 417 4351 2687 4439; baseline 0 -20"><span class='ocrx_word' id='word_1_303' title='bbox 417 4381 518 4419; x_wconf 72' lang='lat' dir='ltr'><strong>uos</strong></span> <span class='ocrx_word' id='word_1_304' title='bbox 543 4366 724 4435; x_wconf 80' lang='lat' dir='ltr'><strong>solito]</strong></span> <span class='ocrx_word' id='word_1_305' title='bbox 751 4367 987 4422; x_wconf 60' lang='lat' dir='ltr'><strong>sonicite»</strong></span> <span class='ocrx_word' id='word_1_306' title='bbox 1005 4369 1056 4422; x_wconf 99' lang='grc' dir='ltr'><em>Ζ</em></span> <span class='ocrx_word' id='word_1_307' title='bbox 1194 4369 1260 4422; x_wconf 86' lang='lat'><strong>13</strong></span> <span class='ocrx_word' id='word_1_308' title='bbox 1283 4368 1421 4439; x_wconf 76' lang='lat' dir='ltr'><strong>ideo]</strong></span> <span class='ocrx_word' id='word_1_309' title='bbox 1447 4370 1502 4422; x_wconf 74' lang='lat' dir='ltr'><strong>et</strong></span> <span class='ocrx_word' id='word_1_310' title='bbox 1525 4368 1582 4421; x_wconf 76' lang='lat' dir='ltr'><strong>in</strong></span> <span class='ocrx_word' id='word_1_311' title='bbox 1605 4351 1739 4422; x_wconf 70' lang='lat' dir='ltr'><strong>effi</strong></span> <span class='ocrx_word' id='word_1_312' title='bbox 1760 4368 1815 4422; x_wconf 93' lang='grc' dir='ltr'><em>Ζ</em></span> <span class='ocrx_word' id='word_1_313' title='bbox 1957 4368 2039 4436; x_wconf 76' lang='lat' dir='ltr'><strong>ut]</strong></span> <span class='ocrx_word' id='word_1_314' title='bbox 2063 4368 2128 4419; x_wconf 75' lang='lat' dir='ltr'><strong>ut</strong></span> <span class='ocrx_word' id='word_1_315' title='bbox 2150 4366 2209 4420; x_wconf 77' lang='lat' dir='ltr'><strong>in</strong></span> <span class='ocrx_word' id='word_1_316' title='bbox 2242 4366 2300 4420; x_wconf 83' lang='lat' dir='ltr'><em>Z</em></span> <span class='ocrx_word' id='word_1_317' title='bbox 2431 4366 2505 4421; x_wconf 87' lang='lat'><strong>14</strong></span> <span class='ocrx_word' id='word_1_318' title='bbox 2536 4380 2687 4434; x_wconf 72' lang='lat' dir='ltr'><strong>proo-</strong></span> 
     </span>
     <span class='ocr_line' id='line_1_33' title="bbox 417 4445 2687 4522; baseline 0 -17"><span class='ocrx_word' id='word_1_319' title='bbox 417 4450 514 4521; x_wconf 86' lang='lat' dir='ltr'><strong>lia]</strong></span> <span class='ocrx_word' id='word_1_320' title='bbox 551 4445 790 4520; x_wconf 76' lang='lat' dir='ltr'><strong>praemia</strong></span> <span class='ocrx_word' id='word_1_321' title='bbox 821 4452 883 4505; x_wconf 88' lang='lat' dir='ltr'><strong><em>K</em></strong></span> <span class='ocrx_word' id='word_1_322' title='bbox 1025 4453 1253 4508; x_wconf 89' lang='lat' dir='ltr'><strong>firmiter</strong></span> <span class='ocrx_word' id='word_1_323' title='bbox 1288 4453 1561 4509; x_wconf 81' lang='lat' dir='ltr'><strong>stetissem</strong></span> <span class='ocrx_word' id='word_1_324' title='bbox 1594 4469 1689 4522; x_wconf 86' lang='lat' dir='ltr'><strong>per</strong></span> <span class='ocrx_word' id='word_1_325' title='bbox 1724 4468 1873 4507; x_wconf 86' lang='lat' dir='ltr'><strong>arma</strong></span> <span class='ocrx_word' id='word_1_326' title='bbox 1895 4453 1942 4509; x_wconf 91' lang='lat' dir='ltr'><strong>si</strong></span> <span class='ocrx_word' id='word_1_327' title='bbox 1966 4452 2184 4507; x_wconf 86' lang='lat' dir='ltr'><strong>absente</strong></span> <span class='ocrx_word' id='word_1_328' title='bbox 2206 4452 2260 4507; x_wconf 88' lang='lat' dir='ltr'><strong><em>Z</em></strong></span> <span class='ocrx_word' id='word_1_329' title='bbox 2396 4452 2463 4506; x_wconf 84' lang='lat'><strong>15</strong></span> <span class='ocrx_word' id='word_1_330' title='bbox 2484 4452 2687 4521; x_wconf 87' lang='lat' dir='ltr'><strong>tamen}</strong></span> 
     </span>
     <span class='ocr_line' id='line_1_34' title="bbox 419 4537 1749 4605; baseline 0 -13"><span class='ocrx_word' id='word_1_331' title='bbox 419 4537 676 4605; x_wconf 86' lang='lat' dir='ltr'><strong>qnoniam</strong></span> <span class='ocrx_word' id='word_1_332' title='bbox 709 4538 768 4593; x_wconf 89' lang='lat' dir='ltr'><em>Z</em></span> <span class='ocrx_word' id='word_1_333' title='bbox 1746 4540 1749 4543; x_wconf 82' lang='grc'><strong>’</strong></span> 
     </span>
    </p>
   </div>
  </div>
 </body>
</html>
