3217 5150
657 508 746 573 88
1597 498 1968 569 Appendix.

657 664 730 722 et
772 662 1200 737 sanguinem
1241 661 1452 719 Iesus
1497 659 1857 730 ChristuS,
1903 674 2038 717 non
2084 654 2157 716 in
2198 673 2386 731 aqua
2429 659 2731 727 tantum,
2786 658 2919 715 sed

657 765 762 823 in·
790 782 974 839 aqua
1017 768 1087 825 et
1129 764 1502 838 sanguine.
1567 766 1641 822 et
1698 763 2017 837 spiritus
2074 764 2186 821 est
2240 760 2363 835 qui
2406 760 2917 819 testimonium

659 868 1036 943 perhibet,
1097 868 1268 942 quia
1325 867 1643 940 spiritus
1704 869 1815 925 est
1874 864 2191 925 ueritas:
2260 864 2431 937 quia
2486 867 2643 923 tres
2698 864 2915 923 testi-

657 970 961 1031 monium
1041 970 1463 1045 perhibent,
1554 969 1871 1043 spiritus
1937 972 2008 1027 et
2072 985 2255 1042 aqua
2318 971 2391 1027 et
2454 968 2777 1042 sanguis,
2844 971 2917 1027 et

657 1075 793 1135 isti
834 1078 988 1134 tres
1031 1091 1240 1133 unum
1287 1078 1474 1133 sunt.
1519 1076 1585 1131 ut
1628 1089 1697 1131 ex
1740 1072 1860 1131 illis
1903 1069 2241 1147 colligamus
2269 1074 2329 1131 et
2370 1088 2578 1145 aquam
2618 1074 2963 1146 praestares

659 1179 924 1254 spiritum
954 1178 1203 1249 solitum,
1234 1181 1293 1236 et
1315 1176 1649 1251 sanguinem
1670 1175 1963 1249 proprium
1984 1174 2309 1235 hominibus
2331 1176 2625 1249 praestare
2644 1175 2917 1248 spiritum

658 1282 888 1343 solitum
933 1284 991 1341 et
1038 1280 1226 1355 ipsum
1269 1296 1492 1354 quoque
1538 1279 1803 1352 spiritum
1850 1281 2141 1352 praestare
2186 1278 2451 1351 spiritum
2482 1279 2733 1339 solitum.
2778 1296 2915 1338 nam

660 1402 788 1445 cum
835 1384 1160 1445 effundatur
1205 1399 1352 1457 aqua
1397 1381 1566 1441 sicuti
1609 1384 1669 1441 et
1712 1381 1967 1456 sanguiS,
2014 1381 2253 1454 spiritus
2296 1382 2469 1441 etiam
2516 1382 2729 1441 effusus
2772 1382 2855 1441 sit
2880 1401 2919 1441 a

659 1487 898 1548 Domino
940 1504 1112 1560 super
1153 1503 1348 1546 omnes
1391 1484 1491 1559 qui
1520 1484 1912 1544 crediderunt:
1959 1485 2155 1558 utique
2185 1488 2244 1544 et
2272 1503 2422 1559 aqua
2451 1490 2510 1545 et
2537 1485 2917 1545 nihilominus

657 1593 884 1667 proprio
936 1589 1212 1665 sanguine
1233 1635 1248 1661 ‚
1301 1591 1438 1648 tunc
1489 1588 1692 1647 deiude
1743 1593 1801 1647 et
1853 1588 2060 1662 spiritu
2113 1592 2309 1648 sancto
2358 1593 2599 1662 possunt
2650 1590 2915 1649 homines
2936 1604 2991 1642 m

658 1694 956 1768 baptizari.
1003 1694 1085 1752 ait
1128 1692 1278 1751 enim
1307 1692 1548 1750 Petrus:
1597 1692 1719 1749 sed
1760 1691 1891 1750 hoc
1935 1695 2047 1751 est
2090 1693 2273 1765 quod
2316 1692 2591 1751 dictum
2634 1695 2747 1752 est
2790 1710 2918 1766 per

657 1798 1115 1873 prophetam:
1176 1796 1320 1855 erit
1362 1795 1434 1854 iu
1478 1794 1909 1854 nouissimis
1964 1796 2253 1867 diebus,
2316 1795 2503 1856 dicit
2548 1796 2915 1868 Dominus,

657 1902 1032 1961 effundam
1075 1899 1422 1973 spiritum
1465 1914 1685 1958 meum
1727 1916 1942 1973 super
1981 1916 2249 1959 omnem
2290 1916 2597 1971 carnem,
2642 1900 2715 1959 et
2756 1917 2915 1973 pro-

655 2004 1066 2079 phetabunt
1109 2002 1267 2061 filii
1311 2019 1548 2061 eorum
1589 2006 1661 2061 et
1698 2002 1912 2061 filiae
1956 2019 2195 2062 eorum
2236 2006 2307 2061 et
2347 2004 2647 2062 iuuenes
2686 2002 2916 2063 uisio—

655 2124 784 2167 nes
841 2107 1199 2166 uidebunt
1258 2109 1328 2165 et
1371 2105 1702 2165 seniores
1764 2105 2037 2165 somnia
2100 2106 2576 2165 somniabunt.
2644 2109 2721 2165 et
2762 2107 2914 2179 qui·
2938 2120 2991 2160 ιι

659 2212 815 2271 dem
860 2226 1079 2284 super
1123 2226 1377 2268 seruos
1422 2211 1492 2268 et
1536 2226 1754 2283 super
1781 2208 2096 2269 ancillas
2126 2209 2495 2269 effundam
2526 2210 2604 2268 de
2635 2208 2915 2283 spiritu

655 2332 714 2373 m
728 2330 823 2373 eo.
870 2328 1037 2386 quem
1083 2310 1348 2385 spiritum
1396 2310 1456 2369 in
1504 2312 1687 2371 ueteri
1730 2315 2092 2384 testamento,
2137 2330 2251 2373 non
2294 2313 2521 2387 quidem
2565 2312 2782 2387 passim
2809 2329 2919 2371 nec

647 2400 858 2489 effuse,
908 2415 1010 2474 sed
1057 2415 1525 2476 communicatum
1573 2432 1699 2475 cum
1743 2415 1875 2475 aliis
1918 2418 2018 2475 aut
2060 2415 2233 2476 etiam
2278 2420 2478 2489 sponte
2520 2416 2813 2475 insiluisse
2856 2418 2919 2474 in

661 2519 934 2597 quosdam
965 2517 1225 2578 homines
1255 2518 1348 2578 uel
1376 2517 1633 2578 induisse
1664 2534 1759 2579 eos
1790 2519 1883 2580 uel
1906 2518 2085 2580 fuisse
2106 2536 2281 2595 super
2300 2536 2397 2580 eos
2419 2520 2915 2594 deprehendimus

660 2624 832 2684 sicuti
863 2623 1048 2699 Moysi
1077 2623 1146 2682 de
1177 2623 1542 2696 septuaginta
1571 2623 1919 2698 presbyteris
1949 2641 1984 2682 a
2004 2623 2243 2683 Domino
2268 2624 2481 2684 dictum
2506 2641 2633 2684 esse
2654 2624 2915 2685 animad-
2936 2635 2993 2675 20

657 2727 971 2788 uertimus:
1022 2727 1092 2784 et
1139 2725 1458 2784 auferam
1510 2725 1855 2798 spiritum
1904 2726 2028 2800 qui
2079 2743 2297 2801 super
2346 2730 2415 2786 te
2467 2730 2613 2800 est,
2670 2731 2742 2788 et
2792 2729 2915 2789 im·-

658 2846 909 2904 pouam
956 2845 1170 2902 super
1218 2843 1353 2888 eos.
1423 2832 1655 2902 propter
1698 2831 1851 2903 quod
1894 2829 2067 2889 etiam
2108 2831 2416 2890 secundum
2444 2831 2918 2905 pollicitationem

660 2949 821 2992 suam
856 2932 1010 2990 Deus
1041 2931 1114 2990 ab
1145 2930 1256 2990 alio
1289 2947 1358 2989 ex
1387 2932 1596 3005 spiritu
1626 2931 1726 3005 qui
1756 2947 1927 3006 super
1956 2933 2192 3007 Moysen
2223 2933 2412 2993 fuerat
2439 2935 2713 3008 imposuit
2742 2953 2916 3010 super

657 3035 811 3107 illos,
854 3037 913 3094 et
959 3033 1445 3106 prophetauerunt
1475 3033 1535 3092 in
1565 3033 1794 3106 castriS,
1842 3035 1991 3108 quod
2038 3036 2259 3110 Moyses
2307 3039 2371 3095 ut
2419 3038 2583 3097 homo
2628 3038 2916 3112 spiritalis

659 3141 744 3198 ita
773 3137 1078 3210 contigisse
1109 3136 1415 3210 gaudebat,
1446 3137 1583 3196 licet
1613 3137 1685 3196 ab
1707 3138 1839 3198 Iesu
1870 3137 1985 3197 filio
2009 3139 2167 3197 Naue
2190 3140 2255 3197 ut
2278 3139 2411 3198 huic
2431 3141 2515 3199 rei
2536 3139 2917 3202 intercederet
2938 3155 2995 3194 25

656 3241 840 3301 inuito
887 3241 1249 3311 suadebatur,
1303 3243 1362 3299 et
1392 3239 1598 3301 idcirco
1630 3258 1742 3300 non
1792 3241 1971 3301 fuisse
2017 3244 2054 3314 †
2094 3244 2400 3314 permotus.
2432 3260 2601 3316 porro
2631 3247 2825 3304 autem
2856 3245 2921 3303 in

655 3345 804 3405 libro
847 3343 1124 3414 Indicum,
1165 3343 1302 3402 item
1331 3344 1392 3400 in
1421 3343 1745 3417 Regnorum
1770 3343 1934 3403 libris
1966 3344 2469 3404 animaduertimus
2498 3363 2669 3421 super
2698 3346 2919 3422 pleros-

657 3465 766 3523 que
799 3449 899 3506 aut
943 3441 1124 3505 fuisse
1155 3446 1420 3520 spiritum
1449 3445 1680 3505 Domini
1709 3449 1809 3506 aut
1838 3446 2133 3507 insiluisse
2164 3447 2225 3505 in
2256 3465 2371 3522 eos,
2422 3451 2711 3522 tamquam
2742 3467 2918 3523 super

659 3549 957 3610 Gothoniel
1007 3549 1230 3610 Gedeon
1276 3549 1519 3623 Iephthe
1563 3551 1797 3610 Samson
1828 3550 1961 3609 Saul
1991 3549 2179 3609 Dauid
2208 3554 2268 3609 et
2298 3553 2515 3611 ceteros
2546 3552 2709 3611 alios.
2767 3555 2921 3626 quod

657 3668 836 3728 usque
884 3654 1022 3713 adeo
1069 3653 1153 3712 ita
1198 3669 1259 3712 se
1307 3653 1484 3712 habet
1527 3656 1592 3712 ut
1644 3653 1881 3728 spiritus
1934 3653 2119 3714 sancti
2160 3657 2361 3726 sponte
2392 3655 2697 3714 accedendi
2728 3657 2800 3716 ab
2832 3657 2921 3717 eis
2938 3668 3005 3709 ³0

656 3757 983 3817 libertatem
1011 3775 1078 3816 ac
1107 3756 1434 3816 facultatem
1463 3757 1927 3817 manifestissime
1958 3773 2062 3816 nos
2093 3756 2367 3816 Dominus
2398 3757 2653 3817 docuerit
2682 3759 2914 3819 dicens:

659 3859 971 3933 spiritus
1019 3858 1142 3918 ubi
1185 3860 1347 3918 uult
1390 3860 1659 3934 spirat,
1713 3863 1784 3919 et
1824 3877 2065 3919 uocem
2108 3861 2265 3919 eius
2308 3859 2517 3920 audis
2556 3864 2628 3920 et
2667 3863 2917 3922 nescis

655 3962 841 4020 unde
891 3963 1139 4021 ueniat
1189 3966 1313 4022 aut
1364 3981 1494 4038 quo
1545 3965 1782 4023 uadat.
1834 3963 1919 4022 ita
1961 3965 2025 4023 ut
2066 3963 2217 4022 idem
2258 3962 2495 4037 spiritus
2537 3963 2711 4022 etiam
2742 3981 2923 4038 super

797 4164 862 4216 11
897 4163 1015 4218 Act.
1041 4165 1090 4228 2,
1129 4165 1209 4220 17.
1249 4165 1331 4220 18.
1537 4165 1602 4218 21
1640 4164 1801 4218 Num.
1840 4164 1920 4227 11,
1962 4164 2042 4217 17.
2248 4164 2318 4219 32
2354 4165 2432 4218 Io.
2470 4165 2520 4230 3,
2557 4165 2607 4219 8.

795 4354 829 4406 5
863 4353 920 4406 in
957 4369 1118 4409 uuum
1155 4357 1281 4426 Εἰς.
1464 4355 1498 4407 6
1524 4354 1691 4421 prius
1726 4351 1977 4421 spiritum
2012 4367 2115 4406 om.
2152 4353 2269 4408 cod.
2452 4353 2521 4405 23
2558 4353 2625 4408 ab
2660 4353 2787 4422 alio]
2827 4355 2935 4409 ab·

657 4439 770 4493 lato
807 4440 940 4504 fort.
