3217 5150
672 524 795 590 138
1605 518 1972 587 Appendix.

671 682 908 742 anima
951 697 1119 741 mea.
1165 696 1270 739 nec
1315 677 1578 738 inmerito
1624 677 1897 737 Dominus
1944 675 2127 737 odiuit
2154 677 2537 737 caeremonias
2566 680 2813 749 uestras,
2867 677 2929 735 in

672 785 878 859 quibus
932 784 1164 843 unicum
1193 786 1251 841 et
1294 782 1627 856 primarium
1679 780 1863 840 filium
1914 780 2038 840 eius
2082 781 2429 854 peremistis.
2477 798 2509 841 o
2540 780 2689 840 diem
2718 781 2927 840 durum

671 890 732 947 et
761 889 958 947 horam
987 886 1232 946 flebilem
1263 888 1322 945 et
1351 883 1802 945 sollemnitatem
1845 884 2147 957 lugubrem
2174 885 2235 943 et
2279 886 2491 943 terram
2518 883 2838 943 infaustam
2869 887 2929 942 et

672 992 968 1052 ciuitatem
997 989 1294 1064 profanam
1323 990 1382 1047 et
1409 986 1683 1061 populum
1712 986 1941 1045 Domini
1970 1002 2105 1046 nece
2140 989 2468 1046 cruentum:
2514 986 2929 1047 interfecerunt

674 1094 826 1154 enim
876 1092 1176 1151 Dominum
1245 1092 1304 1149 et
1366 1090 1649 1149 latronem
1701 1088 2107 1148 liberauerunt.
2180 1089 2252 1149 ob
2310 1090 2459 1147 banc
2508 1105 2642 1162 ergo
2694 1106 2928 1148 causam
2950 1110 2979 1147 ε,

676 1199 904 1257 coactus
963 1197 1052 1254 est
1109 1193 1386 1254 Dominus
1459 1192 1647 1251 facere
1718 1208 1927 1250 nouum
1986 1194 2393 1250 testamentum
2452 1192 2927 1266 consignantibus

677 1302 896 1374 septem
949 1297 1248 1372 spiritibus
1298 1297 1450 1355 teste
1497 1294 1693 1368 Moyse
1746 1296 1805 1354 et
1852 1293 2023 1353 Helia
2068 1294 2129 1353 in
2160 1298 2370 1367 monte,
2402 1295 2503 1353 ubi
2530 1295 2827 1368 praecepit
2854 1313 2929 1355 ne

675 1402 972 1475 patefieret
1025 1399 1341 1472 scripturae
1395 1399 1829 1469 sacramentum,
1882 1396 1997 1455 nisi
2048 1396 2202 1455 filius
2246 1396 2493 1456 hominis
2522 1398 2929 1457 resurrexisset

677 1506 747 1563 de
795 1503 1058 1564 mortuis,
1121 1502 1222 1561 sed
1272 1518 1403 1560 mox
1455 1500 1705 1561 surrexit
1754 1500 2031 1561 Dominus
2083 1500 2258 1560 tertio
2310 1501 2421 1573 die,
2476 1500 2700 1574 aperuit
2742 1502 2929 1560 testa-

677 1608 930 1666 mentum
982 1622 1209 1675 nouum,
1261 1604 1669 1663 testamentum
1700 1603 1879 1663 uitale
1898 1606 2091 1677 ‘atque
2120 1603 2205 1662 ita
2234 1603 2412 1662 dixit:
2458 1592 2671 1664 ‘uenite
2700 1608 2931 1665 exterae
2952 1628 3011 1667 10

679 1709 901 1782 gentes,
955 1708 1195 1766 heredes
1246 1706 1392 1765 mei:
1439 1707 1623 1767 Israel
1674 1707 1825 1766 enim
1875 1724 1989 1767 non
2041 1706 2371 1767 obaudiuit:
2445 1711 2791 1781 quapropter
2850 1708 2931 1767 ite

680 1810 947 1883 discipuli
975 1810 1036 1868 in
1066 1808 1328 1869 ultimam
1357 1827 1538 1884 usque
1559 1812 1773 1869 terram
1802 1812 1862 1869 et
1890 1809 2217 1883 praedicate
2245 1827 2349 1884 per
2377 1812 2569 1870 orbem
2594 1810 2687 1871 his
2711 1812 2921 1871 uerbis,

682 1914 874 1973 uenite
925 1915 1172 1987 undique
1201 1902 1436 1987 patriae'
1463 1913 1740 1987 gentium,
1784 1913 2017 1972 introite
2068 1914 2129 1972 in
2180 1916 2471 1972 aeternam
2530 1913 2928 1986 hereditatem,

678 2017 863 2076 Israel
895 2016 1046 2076 enim
1077 2015 1285 2075 noluit.
1333 2032 1403 2075 ne
1434 2016 1749 2075 dubitetis:
1794 2017 1955 2076 nulla
1994 2016 2090 2076 hic
2120 2017 2376 2091 exceptio
2409 2020 2499 2076 est
2525 2035 2631 2077 nec
2660 2017 2925 2091 ingenui·

679 2120 822 2179 tatis
873 2136 978 2179 nec
1027 2118 1328 2193 dignitatis
1379 2136 1484 2179 nec
1535 2119 1881 2179 condicionis
1932 2135 2037 2179 nec
2084 2119 2388 2193 positionis
2432 2136 2539 2179 nec
2580 2120 2797 2181 formae
2826 2138 2929 2181 nec
2952 2148 3007 2186 ιι

681 2224 911 2285 aetatis,
966 2222 1106 2281 licet
1159 2222 1440 2297 dignitate
1491 2222 1800 2297 magnifici,
1860 2222 1999 2283 licet
2048 2222 2290 2295 nobiles,
2350 2224 2487 2283 licet
2544 2240 2729 2295 sense,
2794 2224 2931 2283 licet

658 2326 918 2387 ·iuuenes
947 2342 1225 2399 pauperes
1257 2326 1464 2385 diuites
1488 2326 1624 2386 boni
1648 2326 1912 2400 malique,
1939 2326 2152 2386 domini
2174 2329 2345 2400 atque
2368 2326 2523 2385 serui
2544 2325 2932 2385 indifferenter

683 2429 1000 2505 aequaliter
1051 2429 1286 2489 introite
1331 2429 1392 2487 in
1442 2430 1854 2489 hereditatem:
1908 2428 2019 2488 etsi
2047 2430 2288 2503 pedibus
2334 2432 2535 2503 captus
2582 2432 2755 2501 esset,
2808 2446 2931 2488 cor-

681 2552 819 2610 pore
866 2534 1158 2606 deformis,
1211 2533 1322 2592 etsi
1369 2533 1615 2592 maculis
1673 2531 1858 2606 turpis
1900 2535 1965 2593 et
2012 2532 2198 2606 capite
2246 2531 2521 2605 defectus,
2588 2531 2699 2592 etsi
2758 2532 2930 2593 oeulis

681 2640 974 2707 uiduatus‚
1025 2637 1308 2698 uniuersis
1350 2637 1527 2696 libere
1579 2636 1716 2695 lieet
1761 2637 2113 2696 discumbere
2170 2636 2230 2694 in
2288 2635 2549 2696 conuiuio
2602 2637 2663 2695 et
2718 2633 2935 2710 epulari
2956 2660 3017 2700 ,ο

683 2743 914 2815 nuptias
943 2730 1190 2815 sponsi'.

637 2857 674 2916 6
785 2845 870 2905 Ne
902 2845 1183 2904 hominem
1217 2845 1428 2917 pudeat
1456 2861 1560 2903 nec
1592 2843 1801 2903 aetatis
1830 2861 1933 2903 nec
1961 2843 2304 2903 humilitatis
2331 2861 2437 2902 nec
2464 2842 2809 2902 ualetudinis
2838 2859 2939 2902 nec

689 2947 1069 3007 condicionis:
1115 2947 1411 3006 consueuit
1449 2947 1600 3006 enim
1646 2946 1920 3006 Dominus
1963 2947 2286 3006 huiusmodi
2328 2945 2589 3006 homines
2639 2946 2937 3006 sustinere.

825 3234 854 3286 1
892 3232 1019 3286 deus
1054 3248 1086 3287 v
1339 3232 1692 3286 caerimonias
1728 3233 1834 3302 BQ
2096 3233 2131 3286 2
2165 3249 2385 3286 uno-um
2429 3231 2475 3302 Q
2510 3233 2747 3298 (unicum
2783 3230 2872 3295 M)

685 3319 1021 3388 primarium]
1060 3319 1400 3388 unigenitum
1440 3319 1486 3389 Q
1689 3319 1776 3372 die
1812 3319 1865 3373 T
2064 3319 2098 3372 3
2134 3319 2422 3388 lugubrum
2460 3319 2571 3372 BT
2778 3319 2817 3372 4
2848 3317 2937 3371 do-

685 3404 823 3458 mini
859 3421 957 3458 om.
1000 3405 1047 3475 Q
1331 3420 1456 3459 nece
1493 3405 1556 3474 c.]
1595 3409 1968 3460 concruentum
2011 3406 2062 3460 T
2332 3405 2366 3458 6
2402 3419 2600 3458 nouum
2636 3403 2807 3458 faeere
2838 3421 2872 3459 v

687 3490 1059 3560 consignantis
1101 3493 1160 3559 T,
1197 3491 1526 3559 consignatis
1563 3492 1651 3545 Bv
1854 3491 1885 3544 7
1925 3491 2226 3560 spiritibus]
2266 3490 2559 3560 signaculis
2594 3489 2877 3544 Pamelius

687 3581 882 3632 testem
917 3593 1132 3647 moysen
1166 3579 1221 3631 et
1257 3577 1436 3632 helian
1474 3578 1659 3649 BQT5
1696 3579 1767 3645 cf.
1804 3583 1921 3643 136,
1946 3582 1985 3632 8
2154 3580 2392 3631 montem
2429 3577 2541 3632 BT
2718 3577 2755 3631 8
2786 3577 2943 3644 plane

685 3666 838 3720 fieret
874 3667 929 3720 B
1132 3664 1261 3734 nisi]
1298 3666 1358 3718 ni
1391 3665 1468 3720 M
1499 3665 1629 3731 (nisi
1668 3667 1737 3737 Q)
1932 3665 1967 3719 9
2001 3664 2091 3735 de]
2126 3681 2159 3718 a
2192 3681 2227 3719 v
2418 3663 2557 3732 mox]
2594 3678 2713 3716 mox
2746 3664 2811 3715 ut
2844 3679 2878 3716 v

686 3751 773 3806 die
807 3752 971 3806 tertia
1008 3751 1096 3805 Bv
1413 3752 1625 3820 aperuit
1659 3767 1759 3806 om.
1797 3752 1854 3805 B
2171 3751 2239 3804 10
2272 3751 2657 3804 testamentum
2692 3763 2793 3802 mn.
2836 3747 2887 3799 T

687 3840 835 3893 uitae
879 3839 924 3907 Q
959 3855 988 3892 e
1021 3855 1062 3892 s.
1101 3839 1134 3892 l.
1171 3837 1363 3907 (uitale
1397 3837 1516 3904 Μ),
1560 3837 1728 3892 uitale
1777 3838 1975 3891 statuit
2020 3836 2075 3890 B
2394 3837 2463 3889 14
2498 3835 2643 3890 enim
2689 3849 2790 3888 om.
2833 3834 2884 3888 T

689 3925 904 3979 dubites
940 3927 995 3978 et
1033 3923 1095 3995 Q,
1131 3921 1342 3978 dubitet
1375 3923 1487 3978 BT
1622 3924 1929 3992 ingenuitas
1963 3939 2059 3976 nec
2092 3921 2333 3991 dignitas
2370 3921 2535 3992 1301:
2668 3920 2734 3975 16
2768 3919 2945 3989 digni-

688 4014 859 4065 tatem
899 4011 1006 4064 BT
1161 4026 1316 4064 senex
1354 4009 1403 4063 T
1558 4010 1624 4062 17
1661 4009 1791 4064 licet
1826 4025 2077 4078 pauperes
2112 4025 2145 4064 v
2320 4007 2572 4076 malique]
2612 4006 2793 4074 alique
2826 4005 2882 4058 B

687 4096 1054 4151 indifferenter
1088 4111 1188 4150 om.
1224 4111 1257 4150 v
1516 4095 1582 4149 18
1618 4095 1674 4150 in
1710 4095 1783 4164 h.]
1821 4093 2119 4148 hereditate
2160 4095 2211 4148 T
2444 4091 2696 4161 pedibus]
2730 4090 2947 4146 aedibus

692 4182 856 4255 BQT
1057 4184 1215 4253 esset]
1254 4197 1309 4236 es
1345 4184 1401 4235 et
1437 4182 1507 4246 B,
1543 4197 1598 4234 es
1636 4180 1727 4234 sed
1765 4180 1816 4234 T
2036 4181 2102 4234 19
2136 4179 2389 4234 masculis
2424 4178 2480 4231 B
2692 4175 2947 4243 defectus}

689 4268 940 4323 uideatur
972 4268 1101 4324 add.
1138 4285 1172 4322 v
1577 4265 1831 4320 uiduatus
1869 4267 2067 4336 scripsi
2104 4267 2198 4334 (cf.
2235 4270 2356 4330 141,
2390 4265 2464 4335 4),
2510 4265 2741 4318 uideatis
2780 4261 2945 4334 BQT,

690 4355 927 4410 defectus
963 4371 996 4408 v
1287 4353 1358 4408 20
1393 4355 1450 4407 in
1483 4353 1702 4422 nuptias
1738 4371 1771 4407 v
2073 4353 2139 4406 21
2178 4352 2357 4422 sponsi
2392 4351 2476 4420 ne]
2514 4349 2795 4419 sponsione
2836 4349 2887 4403 T

689 4440 758 4494 23
794 4441 1069 4496 consuebit
1110 4443 1162 4496 T
1361 4439 1524 4509 modi]
1561 4439 1748 4493 mundi
1782 4439 1853 4492 M
1856 4439 1905 4493 T
1937 4439 2103 4508 (modi
2143 4439 2211 4509 Q)
2420 4437 2693 4491 hominem
2726 4451 2761 4489 υ
