3217 5150
722 541 943 586 LXXVI

722 676 833 740 liis
877 681 933 740 ot
977 677 1324 758 sumptibus
1368 678 1662 760 mayistri
1703 676 2122 742 Berthozdi
2164 675 2512 742 Rembolt
2555 682 2612 741 et
2643 677 3008 742 Ioannis

722 789 1153 854 vvaterloes
1184 789 1739 873 catcoyraphorum
1760 789 2294 870 peritissimorum
2325 809 2401 854 ac
2434 789 3004 854 mracissimorum

722 901 1049 968 collecta
1078 907 1144 966 et
1174 903 1594 983 impressa:
1624 921 1888 982 quorum
1917 901 2239 964 distinctio
2265 901 2473 984 fronte
2501 901 2789 982 sequenti
2821 907 3010 965 nota·

723 1017 850 1079 tur.
880 1013 971 1079 ibi
1000 1033 1146 1079 uero
1177 1015 1543 1096 opusculum
1583 1012 1973 1079 Cardinalia
2011 1011 2255 1078 Christi
2283 1033 2472 1093 ope-ra
2499 1014 2784 1096 primum
2818 1017 3008 1096 poni-

726 1127 849 1204 tur,
896 1126 1059 1209 quod
1100 1126 1163 1190 in
1196 1125 1465 1193 editione
1495 1147 1533 1191 a
1560 1125 1819 1207 reliquis
1865 1125 2220 1209 separatum
2263 1124 2433 1190 foliis
2484 1125 2763 1190 numeris
2813 1127 3006 1190 nouis

726 1238 1049 1302 instructis
1091 1235 1447 1302 P—XXXV
1491 1239 1878 1319 postremum
1927 1237 2266 1315 exhibetur,
2313 1255 2423 1302 nec
2467 1237 2534 1301 in
2579 1236 2854 1318 reliquis
2905 1238 3008 1302 hic

728 1349 911 1414 index
939 1349 1313 1433 scriptorum
1342 1349 1546 1414 ordini
1575 1350 1924 1431 respondet.
1964 1349 2499 1414 Schoenemannus
2531 1349 2634 1414 cui
2663 1349 3006 1434 integrum

732 1461 1022 1526 editionis
1064 1461 1377 1543 exemplar
1417 1474 1537 1524 non
1577 1463 1822 1542 praesto
1865 1462 2028 1526 esset
2068 1458 2303 1526 errauit
2343 1459 2411 1544 (l.
2457 1479 2509 1525 c.
2552 1481 2610 1543 p.
2661 1459 2848 1546 114).
2907 1463 3009 1526 in-

720 1548 933 1639 ‘dicem
963 1572 1279 1654 excipiunt
1307 1572 1565 1638 Roberti
1588 1572 1920 1638 Fortunati
1951 1573 2256 1656 praefatio
2281 1572 2358 1636 ad
2379 1571 2708 1637 Ruricium
2733 1574 3008 1639 Blesen·

731 1703 863 1749 sem
909 1685 1273 1762 senatorem,
1320 1684 1387 1748 in
1416 1702 1559 1766 qua,
1604 1702 1748 1749 cum
1794 1683 1926 1765 ipse
1969 1683 2153 1748 rebus
2197 1681 2616 1748 familiaribus
2646 1689 3006 1768 occupatus

733 1793 1025 1880 Cypriani
1078 1814 1259 1877 opera
1310 1812 1740 1879 recognoscere
1781 1812 1902 1860 non
1946 1796 2171 1877 posset,
2225 1793 2642 1860 Guilielmum
2687 1795 3006 1860 Potetum

734 1908 1130 1972 Biscutinum
1171 1927 1327 1988 opus
1373 1907 1622 1990 insiyne
1662 1905 1948 1989 releyisse
1977 1905 2356 1970 maculasse
2384 1910 2438 1968 et
2467 1907 3010 1972 annotationibus

736 2018 1109 2100 quibusdam
1179 2039 1307 2081 non
1378 2017 1770 2100 neyliyendis
1838 2018 2224 2097 locorumque
2281 2016 2541 2081 Bibliae
2597 2022 2655 2082 et
2715 2017 3004 2084 aliorum

736 2129 1141 2196 citationibus
1168 2129 1255 2194 ad
1276 2130 1628 2212 maryinem
1648 2129 2022 2210 perpulchre
2049 2128 2360 2208 multoque
2388 2149 2530 2193 cum
2561 2128 2770 2194 labore
2799 2131 3012 2195 dona-

738 2241 905 2305 uisse
950 2244 1180 2322 narrat,
1226 2241 1435 2306 Poteti
1471 2241 1550 2306 ad
1579 2242 1874 2307 lectorem
1918 2261 2185 2319 carmen,
2235 2241 2408 2305 Hier.
2441 2241 2782 2308 Alexandri
2831 2245 3001 2325 prof.

740 2353 938 2418 Paris.
988 2372 1234 2419 carmen
1274 2352 1341 2418 in
1372 2352 1966 2418 commendationem
2009 2351 2769 2434 impressorisRembolti,
2821 2373 3014 2436 prae-

742 2464 897 2530 fatio
944 2465 1231 2529 editionis
1272 2464 1545 2529 Venetae
1590 2484 1648 2530 a.
1695 2463 1878 2542 1483,
1925 2462 2292 2548 Hieronymi
2338 2466 2402 2528 et
2439 2462 2759 2529 Lactantii
2809 2467 3011 2530 testi-

740 2579 963 2655 monia,
1019 2578 1202 2643 index
1256 2596 1479 2642 rerum.
1534 2577 1782 2662 singula
1831 2594 2016 2658 opera
2057 2594 2129 2641 ex
2175 2574 2390 2641 eadem
2442 2574 2713 2643 editione
2755 2576 3014 2643 Veneta

740 2690 1007 2774 repetita
1046 2689 1112 2753 in
1142 2707 1375 2754 nouum
1415 2688 1698 2753 ordinem
1737 2688 1986 2754 redacta
2027 2689 2193 2767 sunt,
2239 2688 2333 2753 ita
2361 2689 2436 2752 ut
2464 2688 2743 2771 primum
2784 2688 3012 2755 locum

742 2802 1065 2868 obtineant
1110 2802 1413 2885 epistulae
1454 2802 1519 2866 in
1562 2802 1855 2882 quattuor
1897 2800 2091 2865 libros
2137 2800 2396 2878 diuisae,
2450 2818 2715 2883 quorum
2759 2802 3020 2882 primus

742 2913 1017 2979 continet
1068 2909 1387 2997 epistulas
1418 2912 1521 2978 60.
1564 2912 1668 2978 57.
1711 2912 1816 2979 59.
1859 2912 1960 2987 67.
2009 2912 2108 2976 13.
2153 2912 2254 2977 69.
2298 2912 2400 2977 65.
2445 2912 2550 2976 43.
2597 2915 2654 2975 1.
2697 2912 2762 2975 2.
2793 2912 2861 2976 4.
2909 2914 3014 2979 70.

740 3026 901 3091 alter
928 3025 1030 3106 72,
1060 3025 1345 3090 libellum
1366 3024 1477 3089 Ad
1497 3024 1843 3104 Donatum,
1875 3024 2171 3108 epistulas
2199 3024 2302 3089 63.
2335 3024 2437 3089 37.
2471 3024 2575 3089 38.
2613 3022 2714 3087 10.
2749 3024 2858 3088 30.
2897 3027 3008 3091 52.

742 3138 848 3201 47.
888 3136 993 3202 45.
1024 3136 1128 3200 44.
1161 3137 1265 3213 51,
1310 3136 1537 3201 tertius
1578 3135 1680 3200 61.
1711 3134 1814 3200 46.
1849 3136 1952 3201 54.
1983 3135 2087 3200 32.
2119 3135 2223 3200 20.
2260 3136 2357 3199 12.
2391 3134 2492 3200 78.
2525 3134 2629 3199 64.
2663 3136 2725 3200 3.
2764 3136 2868 3200 14.
2905 3138 3018 3203 49.

742 3247 847 3314 50.
892 3248 994 3313 es.
1040 3248 1142 3313 53.
1181 3248 1279 3311 16.
1319 3247 1418 3315 15.
1458 3248 1557 3312 17.
1595 3246 1694 3312 18.
1729 3247 1827 3311 19.
1862 3246 1964 3312 26.
1997 3246 2100 3313 25.
2133 3248 2193 3312 9.
2226 3246 2328 3312 29.
2361 3246 2464 3311 66.
2500 3246 2559 3309 7.
2591 3246 2696 3323 76,
2743 3226 3020 3328 quin-tus

744 3360 805 3425 6.
849 3359 952 3427 55.
996 3359 1099 3424 28.
1147 3359 1245 3423 11.
1278 3359 1380 3424 39.
1412 3358 1515 3423 58.
1548 3358 1634 3423 69
1666 3355 2068 3443 (dimidiam),
2113 3356 2217 3423 48.
2250 3357 2354 3423 66.
2385 3356 2522 3433 40.;
2565 3355 2674 3422 fol.
2707 3356 3018 3423 LXIX—

742 3468 953 3535 XCIII
1000 3488 1141 3535 cum
1190 3469 1587 3551 inscriptione
1621 3468 1986 3549 Sequuntur
2027 3467 2207 3531 uarii
2250 3471 2558 3533 tractatus
2601 3456 2818 3534 eiust
2863 3470 3021 3535 diui

752 3582 1069 3663 Cypriani
1120 3583 1363 3647 exstant
1412 3579 1615 3645 libelli
1655 3578 1732 3644 X.
1777 3578 1888 3644 IV.
1933 3574 2000 3643 Π
2053 3578 2156 3665 (de
2205 3578 2516 3643 idolorum
2567 3580 2864 3645 uanitate
2919 3584 3022 3647 in-

746 3692 1065 3778 scriptus),
1124 3694 1451 3757 Aduersus
1502 3690 1772 3756 Iudaeos
1827 3690 1903 3755 de
1949 3690 2260 3755 montibus
2313 3690 2495 3772 Syna
2543 3696 2600 3755 et
2651 3690 2852 3773 syon,
2917 3694 3024 3757 De

744 3804 1127 3869 renotatione
1153 3805 1386 3888 capitis
1413 3804 1465 3869 b.
1500 3803 1814 3868 Iohannis
1841 3803 2163 3884 baptistae,
2205 3803 2313 3869 fol.
2345 3802 3024 3869 XCIIII—CXXVIII

748 3914 1146 3999 inscriptione
1186 3916 1527 4001 praemissa
1557 3916 1924 3997 Sequuntur
1959 3914 2140 3979 uarii
2169 3934 2476 3979 sermones
2505 3914 2650 3978 diui
2686 3914 3026 3997 Cypriani

747 4026 953 4092 libelli
974 4026 1086 4093 XI.
1110 4027 1289 4094 XIII.
1312 4027 1458 4093 XII.
1486 4028 1666 4093 Vm.
1691 4028 1800 4093 VI.
1825 4027 1970 4107 VII,
2003 4028 2110 4094 fol.
2144 4024 2470 4091 CXXVIII
2501 4047 2634 4110 sqq.
2669 4026 3026 4109 Expositio

749 4138 893 4203 diui
928 4138 1245 4221 Cypriani
1287 4142 1364 4204 in
1394 4140 1752 4222 Symbolum
1795 4138 2234 4221 apostolorum,
2281 4137 2535 4204 libellus
2567 4138 2680 4217 IX,
2727 4136 2833 4203 De
2883 4140 3030 4205 sin-

746 4250 1091 4333 yularitate
1119 4251 1499 4331 clericorum,
1530 4250 1738 4316 libelli
1767 4250 1868 4315 ΙΠ
1899 4251 2019 4314 duo
2049 4249 2199 4314 libri
2232 4248 2366 4335 (fol.
2392 4246 2708 4313 CLXXIX
2739 4249 2810 4315 in
2841 4252 3028 4317 calce

750 4359 1013 4445 legitur:
1070 4361 1265 4427 Finis
1309 4362 1569 4428 secundi
1613 4366 1670 4425 et
1711 4360 1925 4425 ultimi
1971 4360 2122 4425 libri
2152 4358 2320 4424 Diui
2355 4356 2724 4450 Cypriani),
2781 4360 3030 4427 Passio

754 4470 978 4538 Sancti
1001 4473 1316 4555 Cypriani
1328 4494 1450 4555 per
1467 4473 1860 4539 Pontianum
1873 4471 2010 4565 eius
2025 4470 2362 4536 diaconum
2376 4470 2548 4535 edita
2562 4494 2577 4548 ;
2598 4470 2706 4535 fol.
2725 4469 3026 4538 CLXXX
