3217 5150
806 537 895 591 De
931 536 1434 606 singularitate
1468 536 1869 591 clericorum
1905 554 1947 591 c.
1982 538 2134 593 8-9.
2460 540 2582 607 183

329 697 742 772 grauitate,
817 697 888 756 in
929 696 1150 757 uerbo
1214 710 1388 755 sano
1433 698 1659 769 atque
1721 695 2437 771 inreprehensibili,
2502 700 2585 757 ut

329 801 814 860 aduersarius
855 801 1328 871 reuereatur,
1387 794 1584 856 nihil
1630 798 1911 859 habens
1952 800 2033 859 de
2077 800 2293 861 nobie
2334 799 2584 860 dicere

331 904 528 964 mali.
575 906 636 965 et
663 902 1283 977 iterum,omnibus,
1328 899 1536 975 inquit,
1583 898 1809 963 fidem
1851 902 2109 962 bonam
2151 902 2473 976 ostende,
2504 904 2585 961 ut

331 1006 587 1066 bonam
632 1006 1056 1067 doctrinam
1099 1003 1518 1064 saluatoris
1547 1004 1839 1065 Domini
1880 1004 2127 1064 nostri
2156 1005 2587 1079 praeferant

287 1109 406 1169 sin
449 1110 803 1170 omnibus.
865 1110 950 1168 sic
998 1111 1062 1168 et
1108 1102 1572 1169 ad'Pimotheum
1603 1106 1809 1167 scribit
1860 1106 2085 1167 dicensz
2132 1106 2362 1168 forma
2424 1110 2584 1169 esto

327 1212 694 1273 fidelibus
735 1214 810 1271 in
875 1226 1233 1283 sermone,
1299 1210 1378 1269 in
1419 1208 2027 1284 conuersatione,
2094 1210 2171 1269 in
2222 1210 2582 1281 caritate,

327 1316 408 1375 iu
449 1316 636 1389 fide,
679 1316 752 1375 in
795 1314 1167 1375 castitate.
1227 1314 1377 1388 qued
1427 1316 1492 1373 et
1537 1314 1747 1373 Petrus
1796 1314 2087 1389 apostolus
2128 1313 2307 1373 satiat
2350 1313 2576 1374 dicens:

329 1419 842 1492 conuersatio,
888 1417 1112 1493 inquit,
1157 1398 1413 1477 uestra
1453 1417 1527 1475 in
1569 1416 1925 1491 gentibus
1969 1418 2155 1497 bona
2196 1417 2331 1490 sit,
2392 1420 2471 1477 ut
2510 1417 2585 1477 in

333 1520 515 1581 eoin
557 1538 703 1596 quo
731 1520 1142 1581 detrahunt
1167 1520 1248 1581 de
1291 1518 1504 1580 uobis
1547 1520 1765 1594 quasi
1804 1520 1885 1579 de
1926 1519 2589 1579 malefacientibus

259 1615 414 1683 10d'e
479 1624 693 1684 bonis
759 1622 1112 1699 operibus
1177 1622 1460 1683 uestris
1533 1621 1988 1696 glorificent
2054 1621 2451 1683 Dominum.
2526 1625 2585 1682 et

329 1726 571 1799 iterum,
631 1726 968 1800 quoniam
1013 1726 1122 1786 sic
1147 1727 1294 1798 est,
1355 1724 1574 1799 inquit,
1632 1725 1985 1785 uoluntas
2034 1725 2199 1798 Dei,
2256 1729 2335 1785 ut
2374 1726 2587 1786 bene-

329 1827 704 1890 facientes
771 1829 1290 1908 obmutescere
1357 1826 1677 1888 iaciatis
1752 1826 2151 1887 stultorum
2222 1828 2587 1888 hominum

333 1931 868 2005 ignorantiam.

419 2034 544 2095 Nec
572 2035 874 2109 quisquam
903 2033 1018 2093 sibi
1037 2036 1320 2108 proponat
1337 2036 1396 2093 et
1418 2032 1602 2095 dicat:
1653 2035 1865 2095 habere
1904 2035 2033 2095 uolo
2057 2036 2209 2109 quod
2234 2036 2483 2095 uincam.
2510 2035 2586 2095 ho
2608 2049 2649 2107 9

261 2152 312 2191 ιε.
337 2140 432 2197 est
458 2136 610 2197 enim
641 2136 826 2198 dicere
855 2135 1050 2197 uiuere
1080 2136 1340 2199 desidero
1369 2137 1476 2197 sub
1527 2137 1715 2197 ruina.
1776 2138 1905 2212 quis
1946 2140 2067 2197 tam
2113 2137 2331 2199 stultu
2358 2138 2457 2211 qui
2487 2154 2581 2197 ar·

333 2240 450 2300 tari
487 2240 686 2315 cupiat
734 2241 810 2300 ad
840 2240 1090 2300 laborem
1108 2284 1123 2313 ,
1184 2240 1277 2300 cui
1335 2240 1570 2302 offertur
1628 2240 1929 2301 delicatius
1956 2241 2311 2315 triumphare
2325 2245 2353 2301 ’ἓ
2400 2258 2583 2316 neque

331 2342 486 2404 enim
513 2342 727 2417 duplex
755 2343 1086 2417 triumphus
1110 2345 1204 2403 est
1245 2343 1353 2403 sub
1381 2342 1627 2403 feminae
1670 2344 1999 2417 praesentia
2034 2344 2267 2418 probari
2308 2344 2583 2405 uictorem

333 2462 504 2520 quam
535 2445 660 2521 [est]
683 2444 743 2505 in
763 2445 1166 2520 singularitate
1196 2462 1424 2506 seruare
1452 2448 1811 2520 sponsionem
1840 2447 2123 2521 integram
2154 2446 2581 2507 sanctimoniae.

333 2551 394 2610 et
423 2565 550 2610 cum
579 2549 662 2610 sit
688 2566 836 2610 unus
865 2548 1074 2610 titulus
1105 2548 1418 2624 gloriarum
1433 2594 1450 2620 ,
1495 2548 1604 2608 hoc
1633 2549 1755 2610 loco
1784 2566 1967 2610 uanus
1996 2548 2165 2610 fortis
2192 2550 2281 2609 est
2308 2547 2409 2623 qui
2436 2547 2587 2609 satis

261 2669 318 2712 so
335 2651 562 2714 laborat
590 2655 652 2713 et
679 2669 808 2712 cum
836 2652 958 2724 illo,
991 2651 1090 2727 qui
1118 2669 1319 2726 parum
1341 2653 1649 2713 laborando
1690 2653 1897 2713 uicerit
1912 2697 1929 2726 ,
1990 2652 2209 2727 pariter
2236 2653 2585 2712 muneratur.

327 2756 470 2830 quid
497 2757 648 2830 quod
675 2755 774 2816 ille
805 2755 944 2830 quin
967 2755 1138 2815 immo
1167 2759 1598 2818 consummatus
1620 2756 1984 2828 adscribitur,
2017 2755 2117 2830 qui
2146 2771 2211 2816 se
2240 2755 2393 2816 omni
2420 2759 2590 2830 parte

327 2859 594 2919 femineis
614 2858 912 2920 affectibus
944 2859 1198 2920 ostentat
1225 2859 1509 2921 abscisum
1522 2864 1550 2921 ἰ’
1583 2861 1719 2936 quia
1746 2877 1875 2920 eum
1902 2858 2179 2918 Dominus
2198 2858 2261 2917 in
2288 2859 2593 2934 euangelio

329 2961 654 3036 perfectum
683 2965 852 3022 necat
911 2961 1013 3036 qui
1066 2963 1252 3022 totum
1309 2963 1431 3024 suis
1489 2965 1693 3025 usibus
1748 2961 2131 3036 amputauerit
2158 2961 2583 3035 patrimonium.

325 3065 482 3124 certe
501 3063 676 3124 etiam
697 3064 808 3124 soli
827 3063 1158 3140 cuicumque
1179 3065 1450 3128 cotidiani
1479 3066 1761 3140 triumphi
1786 3083 1889 3140 pro
1922 3065 2193 3126 castitate
2214 3081 2329 3126 non
2358 3066 2586 3138 desunt,

257 3181 308 3226 2³
332 3167 468 3240 quia
495 3183 802 3241 numquam
831 3166 1130 3227 desideriis
1188 3169 1516 3230 carnalibus
1565 3169 1831 3244 spiritum
1860 3170 2053 3230 cessat
2078 3167 2355 3228 infestare
2380 3185 2590 3242 eorpus

323 3270 639 3329 humanum
655 3315 670 3342 ,
734 3271 886 3343 quod
933 3270 1228 3344 apostolus
1277 3273 1542 3333 adfirmat
1595 3273 1821 3334 dicens:
1882 3290 2003 3334 car
2016 3289 2049 3332 o
2070 3315 2085 3344 ,
2150 3271 2371 3346 inquit,
2430 3288 2592 3332 cen-

323 3372 652 3446 cupiscit
707 3375 1068 3434 aduersus
1125 3373 1475 3448 spiritum
1527 3378 1598 3435 et
1650 3376 1976 3450 spiritus
2032 3375 2389 3435 aduersus
2440 3391 2590 3434 car-

321 3491 510 3534 nem:
590 3476 770 3536 haec
849 3477 1038 3537 enim
1093 3476 1406 3537 inuicem
1475 3479 1976 3540 aduersantur
2074 3478 2223 3538 sibi
2289 3480 2376 3537 ut
2448 3495 2590 3538 non.

461 3674 496 3728 3
531 3675 638 3729 Tit.
676 3675 725 3740 2,
766 3676 848 3730 10.
1231 3677 1266 3730 5
1301 3676 1329 3730 Ι
1365 3674 1502 3730 Tim.
1539 3679 1592 3742 4,
1630 3678 1712 3732 12.
2091 3677 2126 3732 8
2161 3677 2189 3731 Ι
2227 3676 2369 3731 Petr.
2408 3677 2459 3743 2,
2497 3677 2590 3731 12..

325 3760 394 3813 11
432 3758 461 3813 Ῑ
496 3759 641 3814 Petr.
680 3761 730 3826 2,
769 3761 852 3818 15.
1062 3761 1129 3816 26
1164 3761 1282 3817 Gal.
1320 3763 1368 3828 5,
1412 3762 1492 3815 17.

458 3947 492 4002 3
525 3947 892 4002 ostendentem
929 3947 996 4003 0¹
1079 3949 1084 3953 ’
1326 3947 1359 4001 7
1396 3947 1567 4002 saciat
1609 3949 1704 4013 0¹,
1740 3947 1988 4002 hortatur
2031 3948 2165 4016 G²v;
2210 3949 2280 4014 cf.
2326 3948 2490 4020 ΟΨ.
2522 3965 2591 4018 p..

319 4034 442 4098 755,
477 4036 546 4087 15
692 4034 727 4087 8
762 4036 825 4087 ut
860 4048 930 4088 σω
965 4033 1020 4086 ct
1054 4033 1100 4088 G
1241 4035 1276 4088 9
1311 4033 1369 4087 in
1405 4049 1507 4103 quo
1545 4033 1603 4100 0,
1642 4033 1781 4104 quod
1814 4051 1849 4090 v
2009 4034 2073 4088 de
2108 4050 2208 4090 om.
2252 4034 2299 4090 G
2431 4036 2587 4105 quasi

319 4118 380 4182 0,
414 4121 696 4188 tamquam
729 4136 762 4174 v
917 4119 1382 4174 malefacientibus
1426 4119 1482 4184 C',
1519 4119 1954 4175 malefactoribus
1988 4137 2025 4175 υ
2193 4120 2266 4174 10
2296 4120 2452 4176 deum
2484 4136 2519 4176 v

317 4205 393 4258 15
419 4205 632 4258 ruinam
679 4205 746 4260 Ο·
901 4205 995 4274 qui
1038 4205 1086 4260 G
1116 4221 1253 4259 corr.
1430 4207 1498 4260 16
1533 4205 1815 4260 delicatius
1848 4205 2183 4276 triumphare
2225 4207 2285 4271 0,
2320 4205 2585 4261 delicatus

313 4291 626 4360 triumphus
659 4307 692 4345 v
865 4293 932 4346 18
965 4292 1236 4360 integram
1273 4292 1608 4362 sponsionem
1644 4310 1679 4348 v
1834 4293 1900 4348 19
1935 4307 2105 4346 uanus
2140 4293 2199 4359 0,
2238 4309 2374 4348 unus
2410 4293 2585 4348 Eme-

312 4391 436 4432 mus
571 4377 646 4431 20
677 4378 1023 4432 munerantur
1061 4379 1128 4432 0¹
1281 4378 1350 4430 21
1385 4379 1538 4446 parte
1580 4379 1640 4443 Ο,
1677 4380 1915 4448 tempore
1950 4377 2221 4434 Erasmus
2386 4379 2456 4432 22
2492 4379 2593 4433 ab»

313 4463 538 4518 scissum
574 4480 608 4518 v
809 4463 877 4517 27
914 4465 970 4517 et
1003 4463 1226 4533 spiritus
1269 4464 1329 4528 0,
1364 4465 1587 4533 spiritus
1624 4469 1803 4520 autem
1842 4483 1875 4522 v
