3217 5150
751 532 842 584 De
878 530 1390 600 singularitate
1425 530 1829 584 clericorum
1866 544 1909 581 c.
1946 529 2168 584 32—33.
2454 536 2581 599 209

321 709 448 751 cum
499 691 590 751 illi
642 709 747 752 sua
801 708 1020 765 quoque
1071 690 1467 750 incunctanter
1517 688 1859 748 abscidant?
1920 690 1983 748 hi
2025 690 2383 750 confirmatos
2426 690 2489 751 in
2518 708 2579 751 se
2611 711 2626 726 ·

318 800 480 855 artus
511 796 784 867 abiciunt,
817 797 877 855 et
919 795 1008 853 illi
1037 794 1386 853 aduersariis
1415 795 1653 853 artubus
1683 792 2063 867 glutinantur.
2109 794 2171 852 hi
2201 811 2303 868 pro
2330 794 2579 869 integri-

316 902 441 959 tate
471 898 720 973 spiritali
751 916 878 958 cum
907 900 1188 957 tormento
1219 915 1332 956 non
1352 897 1564 971 integri
1586 897 1839 970 corporis
1862 896 2132 957 dimicare
2154 914 2268 957 non
2291 898 2576 971 dubitant,

319 1005 378 1063 et
409 1002 500 1061 illi
531 1002 654 1061 sine
685 1004 970 1061 tormento
1020 1001 1232 1075 integri
1277 1018 1402 1061 esse
1433 1001 1557 1060 sine
1581 1000 1921 1061 feminarum
1966 1000 2319 1061 dimidietate
2349 1002 2574 1062 detrac-

273 1126 297 1164 ⁵
317 1109 464 1166 tant.
526 1108 623 1166 sed
656 1106 930 1165 aduersus
959 1104 1091 1164 illos
1135 1103 1482 1177 comparatio
1513 1103 1675 1162 nulla
1718 1106 1807 1163 est
1849 1103 2111 1163 facienda
2139 1106 2209 1163 de
2238 1105 2471 1177 nostris,
2501 1122 2573 1165 ne

312 1209 678 1270 consolentur
708 1208 923 1268 addicti
975 1208 1424 1282 quibuscumque
1474 1207 1702 1268 iudiciis
1744 1207 2105 1267 Christianis.
2166 1208 2386 1280 peiores
2436 1210 2575 1267 sunt

312 1315 374 1373 et
403 1312 586 1386 aliqui
613 1312 982 1383 memorandi,
1013 1314 1078 1371 ut
1105 1312 1287 1371 maior
1319 1328 1501 1386 poena
1531 1312 1611 1370 sit
1640 1330 1675 1371 a
1705 1312 1969 1371 damnato
2014 1311 2290 1371 damnari.
2334 1312 2574 1371 Iudaeos

309 1416 672 1477 considerent
699 1432 878 1490 usque
901 1415 1078 1515 Jiodie
1107 1433 1210 1490 pro
1233 1414 1380 1490 legis
1409 1416 1647 1489 imperio
1678 1416 1865 1475 carnis
1909 1432 2047 1476 suae
2074 1418 2297 1491 partem
2326 1416 2571 1476 circum-

306 1520 542 1580 cisionis
572 1519 950 1580 cruoiamento
997 1522 1262 1578 truncare
1286 1522 1343 1579 et
1386 1520 1572 1579 sciant
1595 1520 1733 1593 quid
1754 1523 2097 1592 mereantur,
2144 1521 2243 1594 qui
2274 1517 2571 1593 euangelio

237 1640 290 1680 1⁰
307 1624 542 1683 iubente
572 1622 934 1681 dissimulant
965 1623 1280 1682 circumcisi
1333 1621 1636 1683 mulierum
1664 1624 1991 1697 praesentia
2042 1639 2316 1697 peragere
2346 1623 2572 1687 Domini

309 1725 686 1797 uoluntatem,
711 1742 823 1784 non
844 1724 1250 1798 intellegentes
1277 1727 1427 1799 quod
1455 1724 1578 1799 ipse
1601 1725 1878 1785 Dominus
1890 1726 2128 1786 dixerit:
2166 1725 2316 1785 nisi
2351 1726 2569 1786 abun·

307 1829 605 1889 dauerit
634 1827 942 1887 iustitia
983 1832 1243 1888 uestra
1284 1830 1458 1903 plus
1503 1847 1709 1905 quam
1753 1829 2160 1891 scribarum
2200 1832 2272 1889 et
2315 1829 2568 1889 Phari-

307 1950 673 2005 saeorum,
705 1950 843 1992 non
901 1932 1298 1993 intrabitis
1329 1934 1402 1991 in
1447 1949 1752 2006 regnum
1795 1933 2178 1994 caelorum.
2224 1936 2363 2008 puto
2394 1931 2569 1993 etiam

311 2036 384 2096 de
415 2034 594 2095 Gallis
626 2036 747 2095 suis
768 2022 949 2095 nobis*
965 2036 1299 2096 idololatrae
1331 2037 1739 2119 exprobranter
1769 2037 2051 2097 insultent
2066 2084 2081 2111 ,
2138 2038 2237 2112 qui
2267 2037 2566 2097 absciden-

232 2160 283 2199 ιε
303 2142 393 2199 tes
425 2142 604 2199 semet
634 2140 787 2213 ipsos
815 2139 1065 2200 libenter
1115 2140 1460 2213 excruciant,
1487 2142 1622 2200 dum
1650 2143 1815 2202 modo
1845 2158 1973 2201 cum
2004 2143 2206 2202 damno
2236 2144 2425 2200 status
2476 2140 2568 2199 sui

309 2243 740 2303 simulacrorum
770 2242 1321 2303 dissimulationibus
1363 2246 1621 2318 pareant.
1667 2245 1861 2305 clerici
1910 2248 2103 2306 autem
2144 2246 2329 2305 nostri
2358 2246 2433 2305 ad
2472 2245 2565 2305 lu-

309 2362 468 2405 crum
499 2347 684 2420 magis
715 2346 965 2419 corporis
1010 2347 1229 2420 proprii
1265 2348 1530 2408 damnum
1562 2348 1765 2409 uolunt
1818 2350 2119 2410 mulierum
2172 2367 2361 2411 secum
2414 2367 2565 2410 com-

309 2448 653 2509 morantium
696 2450 998 2521 sustinere‚
1061 2468 1206 2524 quas
1257 2452 1432 2511 etiam
1484 2452 1554 2511 de
1605 2451 1932 2512 substantia
1982 2454 2212 2528 propria
2263 2454 2564 2528 oportebat

305 2553 554 2615 euellere
583 2599 597 2626 ,
647 2555 697 2614 si
738 2572 862 2615 cum
898 2554 1018 2614 illis
1049 2556 1208 2616 nasci
1239 2556 1626 2631 contingeret,
1680 2574 1752 2617 ne
1804 2558 2115 2632 comparati
2157 2557 2476 2619 idololatris
2506 2559 2567 2618 et

231 2674 288 2716 ιο
313 2657 613 2732 sacrilegis
647 2658 1064 2719 erubescerent.
1123 2661 1191 2718 de
1225 2659 1432 2734 quibus
1485 2663 1546 2719 et
1572 2660 1849 2720 Dominus
1900 2664 2319 2736 contemptores
2372 2663 2563 2737 arguit

302 2762 537 2822 dicens:
599 2761 1136 2836 prudentiores
1210 2765 1386 2823 sunt
1457 2763 1616 2822 filii
1689 2764 1968 2825 saeculi
2056 2766 2277 2826 huius
2357 2765 2563 2827 filiis

297 2863 376 2923 lu
394 2863 520 2923 cis.
586 2882 720 2938 ergo
765 2866 979 2926 nostris
1009 2867 1229 2927 clericis
1260 2867 1466 2927 talium
1495 2869 1737 2942 profana
1766 2869 1990 2930 deuotio
2022 2873 2113 2930 est
2143 2871 2559 2945 praeponenda,

305 2967 514 3042 quibus
546 2986 672 3030 cum
705 2970 886 3029 tantis
918 2969 1111 3030 exitiis
1144 2971 1413 3031 amabilia
1443 2975 1578 3033 sunt
1606 2975 1801 3048 turpia
1830 2975 2165 3036 sacerdotia.
2200 2975 2393 3036 clerici
2420 2991 2558 3036 uero

299 3087 406 3145 pro
438 3071 720 3145 dignitate
751 3074 1056 3134 sacerdotii
1089 3075 1356 3135 caelestis
1379 3094 1491 3136 non
1517 3079 1851 3152 sanguinem
1878 3079 2145 3152 fundunt,
2176 3097 2289 3140 non
2310 3079 2560 3140 tolerant

213 3190 268 3230 25
295 3172 531 3245 sermm,
593 3191 707 3234 non
767 3179 857 3235 est
917 3177 1144 3251 aliquod
1214 3177 1443 3250 uulnus,
1503 3197 1618 3239 non
1676 3183 1767 3240 est
1824 3181 2031 3257 aliquis
2090 3183 2396 3257 cruciatu8‚
2456 3183 2559 3242 sed

293 3276 454 3336 solus
472 3293 568 3336 eos
586 3281 785 3337 contra
805 3278 1106 3339 Dominum
1127 3281 1371 3340 feminae
1395 3284 1574 3342 torret
1592 3287 1877 3358 aspectus.
1912 3285 1994 3346 sic
2014 3286 2076 3345 in
2097 3286 2342 3346 feminas
2362 3288 2556 3359 ruunt,

293 3378 382 3440 sic
411 3379 654 3440 feminas
707 3385 917 3454 amant,
970 3385 1037 3441 ut
1064 3399 1179 3442 non
1210 3385 1440 3458 sperent
1483 3387 1841 3448 manifestari
1871 3389 2193 3450 dilectionis
2224 3407 2361 3449 suae
2391 3407 2556 3464 posse

288 3484 628 3559 quandoque
651 3503 794 3559 pura
815 3487 1111 3568 mysteria,
1144 3488 1295 3548 sicut
1315 3506 1418 3563 per
1441 3491 1764 3552 consimiles
1789 3511 1980 3553 eorum
2001 3493 2245 3567 turpiter
2260 3493 2557 3567 publicata

427 3666 494 3722 11
531 3667 729 3723 Matth.
765 3669 815 3734 5,
852 3670 936 3724 20.
1144 3673 1210 3726 21
1249 3671 1372 3727 Luc.
1411 3675 1495 3740 16,
1529 3675 1581 3729 8.

427 3855 457 3908 1
494 3855 814 3912 abscindant
847 3875 881 3913 v
1089 3861 1124 3914 2
1161 3863 1534 3931 gluttinantur
1577 3865 1625 3921 0
1844 3865 1879 3920 3
1913 3881 2021 3920 non
2066 3867 2112 3921 O
2142 3883 2183 3920 s.
2221 3866 2259 3921 1.
2468 3865 2553 3921 in-

281 3941 458 4010 tegri*
503 3941 550 3997 Ο
751 3944 787 3998 4
825 3943 1125 4000 detrectant
1159 3964 1192 4002 v
1399 3951 1433 4004 6
1469 3949 1817 4005 consulentur
1853 3951 1923 4006 0¹
2133 3952 2164 4006 7
2200 3953 2453 4007 damnato
2491 3953 2551 4019 0,

281 4025 598 4082 detruncato
633 4046 667 4084 v
895 4033 932 4087 8
970 4033 1091 4086 circ.
1129 4035 1487 4090 cruciamento
1531 4037 1602 4104 0,
1639 4038 2034 4092 circumcisione
2067 4055 2102 4095 v
2332 4039 2401 4093 14
2434 4038 2547 4094 ido-

279 4112 454 4168 latrae
491 4113 536 4168 0
567 4116 686 4169 trae
721 4131 768 4170 ε.
800 4115 835 4172 l.
1021 4119 1291 4174 insultant
1327 4121 1396 4175 0ι
1593 4123 1967 4179 abscindentes
2000 4140 2035 4180 v
2218 4125 2285 4180 19
2322 4126 2549 4180 euellere

279 4199 568 4268 oportebat
601 4216 634 4254 v
829 4205 1123 4272 comparati
1157 4221 1257 4259 om.
1295 4207 1343 4262 0
1545 4208 1795 4264 idolatris
1840 4211 1889 4266 0
2078 4212 2149 4266 22
2184 4227 2310 4282 ergo
2346 4213 2545 4266 nostris

287 4287 338 4343 0
369 4288 434 4342 in
471 4304 581 4342 ras.
617 4305 687 4343 m.
724 4293 762 4346 2
1002 4293 1070 4345 26
1105 4309 1195 4347 eos
1231 4310 1331 4350 om.
1367 4313 1402 4352 v
1632 4299 1806 4352 torret
1840 4300 2055 4368 scripsi,
2092 4303 2258 4354 terret
2299 4301 2360 4365 0,
2394 4302 2549 4354 tenet

277 4375 421 4430 coni.
462 4375 748 4430 Pamelius
908 4377 976 4432 27
1012 4379 1242 4434 feminas
1278 4380 1325 4437 Ο
1357 4397 1392 4436 a
1422 4383 1488 4440 in
1522 4399 1635 4440 ras.
1798 4385 1869 4441 28
1902 4385 2219 4457 quandoque
2252 4401 2411 4456 posse
2442 4403 2477 4442 υ

271 4475 413 4529 pura
447 4461 508 4526 C,
545 4459 756 4530 impura
791 4465 934 4518 coni.
973 4465 1258 4522 Pamelius

483 4569 642 4617 A111
2052 4571 2129 4629 14
