3217 5150
1330 507 1508 586 Vita,
2462 527 2552 598 Ovs

284 665 471 748 quasi
513 664 755 730 scilicet
799 665 1231 750 ignorantibus
1276 665 1615 730 tacebatur.
1662 649 1812 731 sane
1849 666 2007 732 etin
2049 666 2375 748 scripturis
2419 666 2547 731 tale

286 767 532 850 aliquid
573 768 841 834 inuenio.
889 787 1035 833 nam
1065 767 1391 834 Zacharias
1422 769 1704 834 sacerdos
1733 769 2036 851 promisso
2057 770 2190 863 sibi
2217 789 2328 854 per
2358 788 2547 855 ange-

286 873 424 938 lum
467 871 600 936 filio
654 872 826 954 quia.
841 890 962 936 non
1006 863 1351 937 crediderat
1390 873 1727 956 obmutuit,
1781 872 1874 938 ita
1913 873 1987 936 ut
2025 873 2100 937 de
2139 872 2258 938 filii
2298 875 2548 939 nomine

284 975 631 1057 scripturus
659 974 866 1057 potius
899 994 1085 1057 quam
1115 975 1429 1041 relaturus
1458 976 1618 1041 nutu
1647 975 1898 1042 tabulas
1921 976 2286 1058 postularet.
2319 978 2545 1042 merito

237 1100 265 1138 s
286 1078 500 1156 ethic,
556 1077 665 1142 ubi
694 1078 812 1142 Dei
863 1078 1123 1144 nuntius
1167 1080 1517 1161 passionem
1562 1079 1866 1144 antistitis
1911 1079 2341 1145 imminentem
2383 1081 2548 1146 nutu

283 1181 493 1264 potius
524 1182 844 1264 expressit,
876 1183 941 1246 et
967 1182 1158 1246 fidem
1186 1173 1509 1247 admonuit
1539 1183 1602 1247 et
1633 1183 2016 1248 sacerdotem
2042 1182 2335 1248 muniuit.
2382 1183 2546 1248 dila-

282 1286 477 1352 tionis
518 1289 733 1352 autem
773 1287 1076 1369 petendae
1104 1287 1266 1352 ratio
1298 1286 1373 1351 de
1402 1286 1785 1352 ordinatione
1815 1305 2021 1352 rerum
2053 1289 2116 1352 et
2147 1287 2223 1352 de
2251 1286 2547 1352 uolunta-‘-

281 1390 369 1454 tis
414 1389 815 1471 dispositione
849 1389 1166 1454 ueniebat.
1223 1409 1378 1472 quae
1423 1407 1567 1455 uero
1611 1409 1710 1455 res
1754 1389 1852 1454 illi
1897 1391 2008 1455 aut
2053 1409 2207 1472 quae
2252 1390 2548 1454 uoluntas

282 1493 622 1559 ordinanda
649 1494 771 1560 nisi
802 1493 1204 1560 ecclesiastici
1234 1495 1479 1559 status?
1522 1511 1768 1558 summa
1797 1494 2048 1576 accepta
2078 1493 2295 1558 dilatio
2325 1494 2440 1572 est,
2471 1496 2546 1559 ut

208 1620 265 1658 ιο
284 1596 587 1678 quidquid
618 1596 783 1662 circa
811 1616 1154 1681 pauperum
1183 1597 1589 1662 fouendorum
1633 1615 1924 1680 suprema
1952 1597 2184 1661 iudicia
2213 1596 2544 1680 disponen-

283 1701 435 1765 dum
491 1701 693 1765 fuerat
751 1701 1153 1766 ordinaretur.
1228 1702 1292 1766 et
1349 1702 1499 1783 puto
1555 1703 1804 1783 propter
1860 1701 2022 1766 nihil
2082 1700 2274 1778 aliud,
2345 1702 2542 1768 immo

282 1821 429 1869 uero
459 1805 711 1887 propter
738 1805 855 1870 hoc
882 1806 1135 1870 tantum
1166 1805 1356 1870 etiam
1386 1805 1786 1888 indulgentia
1814 1806 1891 1870 ab
1916 1805 2070 1886 ipsis
2099 1805 2208 1887 qui
2233 1804 2541 1870 eiecerant

280 1910 347 1973 et
377 1909 483 1990 qui
527 1908 789 1974 occisuri
832 1908 1025 1986 erant,
1069 1909 1263 1974 missa
1294 1911 1408 1986 est,
1452 1927 1640 1990 quam
1671 1911 1744 1974 ut
1773 1928 2061 1991 praesens
2093 1910 2157 1974 et
2186 1908 2540 1992 praesentes

279 2029 579 2093 pauperes
618 2011 991 2078 nouissimae
1032 2011 1509 2095 dispensationis
1551 2013 1844 2077 extremis
1875 2013 1938 2076 et
1976 2014 2050 2077 ut
2078 2012 2323 2094 plenius
2366 2012 2540 2077 dixe-

208 2133 261 2173 ιε
281 2114 409 2178 rim
448 2113 601 2179 totis
646 2114 1002 2197 sumptibus
1045 2114 1449 2180 ministraret.
1504 2114 1802 2181 ordinatis
1848 2132 1992 2198 ergo
2035 2116 2170 2180 tam
2212 2115 2314 2200 pie
2358 2115 2540 2180 rebus

280 2217 345 2281 et
374 2217 465 2282 sic
492 2218 817 2282 uoluntate
847 2219 1149 2300 disposita
1177 2219 1569 2300 proximabat
1602 2219 1734 2284 dies
1763 2220 2088 2284 crastinus.

366 2321 503 2386 Iam
555 2323 631 2386 de
682 2320 865 2387 Xisto
914 2321 1069 2387 bono
1121 2323 1185 2386 et
1227 2321 1480 2404 pacifico
1533 2323 1846 2388 sacerdote
1897 2341 1969 2387 ac
2019 2325 2343 2406 propterea
2390 2322 2640 2393 bea-14

280 2423 523 2490 tissimo
553 2427 830 2507 martyre
860 2424 938 2490 ab
970 2425 1120 2490 urbe
1149 2426 1405 2490 nuntius
1434 2426 1708 2490 uenerat.
1741 2425 2104 2508 sperabatur
2131 2427 2258 2491 iam
2287 2427 2536 2508 iamque

280 2529 552 2594 carnifex
603 2528 874 2613 1181118118,
929 2529 1037 2612 qui
1090 2528 1314 2595 deuota
1366 2529 1792 2595 sanctissimae
1845 2529 2141 2595 uictimae
2185 2529 2346 2596 colla
2390 2549 2534 2613 per-

203 2653 264 2694 20
282 2632 549 2696 cuteret:
612 2632 677 2697 et
726 2631 818 2695 sic
869 2633 1045 2697 eraut
1102 2651 1312 2698 omnes
1364 2632 1495 2697 dies
1546 2633 1647 2697 illi
1700 2632 2058 2715 quotidiana
2117 2633 2537 2716 expectatione

283 2736 605 2814 moriendi,
636 2735 711 2800 ut
734 2754 953 2801 corona
976 2737 1244 2821 singulis
1266 2738 1473 2818 posset
1496 2737 1780 2802 adscribi.
1816 2736 2262 2803 conueniebant
2282 2737 2542 2803 interim

283 2838 493 2921 plures
538 2839 772 2923 egregii
813 2840 877 2905 et
918 2840 1249 2905 clarissimi
1291 2840 1524 2907 ordinis
1568 2843 1632 2906 et
1674 2841 2014 2925 sanguinis,
2059 2842 2268 2907 sed'et
2309 2841 2542 2907 saeculi

286 2944 613 3012 nobilitate
637 2944 933 3029 generosi,
966 2945 1074 3027 qui
1097 2945 1346 3027 propter
1368 2945 1713 3011 amicitiam
1737 2945 1870 3011 eius
1891 2945 2214 3027 antiquam
2233 2964 2542 3012 secessum

283 3047 936 3131 subinde‘suaderent:
968 3050 1031 3113 et
1052 3068 1130 3113 ne
1158 3068 1381 3131 parum
1410 3050 1575 3113 esset
1602 3048 1770 3113 nuda
1800 3048 2069 3128 suadela,
2101 3050 2293 3115 etiam
2317 3050 2454 3116 loca
2473 3050 2541 3116 in

396 3269 425 3322 1
453 3269 659 3323 scilicet
683 3284 786 3325 om.
810 3287 860 3332 v,
882 3269 1013 3323 licet
1038 3270 1090 3323 T
1348 3270 1383 3324 2
1405 3286 1531 3324 nam
1556 3272 1613 3323 et
1635 3286 1700 3335 w,
1724 3286 1850 3325 nam
1872 3295 1952 3326 m
1981 3273 2031 3324 T
2291 3272 2544 3342 angelum

288 3372 431 3411 corr.
456 3357 521 3409 in
545 3356 884 3425 euangelium
915 3356 967 3409 T
986 3356 1127 3424 (non
1151 3358 1199 3419 t)
1403 3356 1438 3410 3
1460 3356 1525 3409 118
1550 3356 1651 3409 filii
1676 3357 1888 3411 nomine
1918 3358 1979 3421 Τ,
2007 3357 2112 3411 filii
2135 3374 2326 3412 nomen
2347 3375 2474 3428 ωμυ

289 3444 325 3496 4
351 3443 614 3511 scripture
638 3458 687 3496 w
928 3442 1215 3513 relaturus]
1244 3441 1529 3496 relicturus
1560 3443 1613 3496 T
1846 3444 1882 3498 5
1904 3444 1983 3497 ibi
2014 3446 2066 3499 T
2299 3444 2544 3514 nuntius]

293 3529 533 3583 nutritus
558 3550 597 3598 μ
816 3528 1103 3583 antestites
1138 3532 1198 3594 T,
1223 3529 1498 3583 antistites
1522 3534 1546 3584 t
1769 3530 1802 3583 6
1825 3530 2062 3584 muniuit
2085 3545 2183 3585 om.
2217 3531 2370 3600 Τωμ,
2393 3546 2547 3585 111011·

293 3614 495 3669 strauit
516 3615 703 3669 malim
969 3614 999 3668 7
1025 3617 1081 3668 et
1105 3613 1188 3684 de]
1215 3616 1271 3668 et
1300 3615 1352 3670 T
1608 3616 1644 3669 8
1669 3615 2074 3685 dispositionem
2099 3616 2150 3670 T
2404 3616 2546 3685 uere]

293 3718 399 3756 non
422 3718 472 3755 w
736 3701 771 3755 9
794 3702 1023 3771 summa]
1052 3716 1299 3770 suprema
1324 3702 1513 3756 iccirco
1536 3719 1570 3756 v
1834 3701 2025 3756 dilatio
2050 3702 2150 3771 est]
2174 3702 2434 3757 dilatione
2455 3708 2480 3756 t

297 3790 365 3842 10
381 3788 539 3858 circa]
566 3790 741 3842 cetera
764 3804 813 3842 w
1017 3787 1381 3857 fouendorum]
1408 3802 1589 3841 curam
1615 3786 1744 3842 add.
1769 3804 1820 3853 v,
1842 3786 2250 3857 dispositionem
2275 3788 2403 3843 add.
2430 3804 2481 3841 w

296 3891 543 3944 supremo
569 3873 771 3929 iudicio
794 3891 920 3945 ωμυ
1140 3875 1207 3928 12
1230 3890 1353 3929 uere
1384 3874 1471 3943 Τμ
1569 3892 1573 3900 ·
1690 3873 1858 3928 etiam
1880 3876 2096 3928 tautum
2119 3892 2168 3928 w
2372 3873 2552 3927 indul·

296 3962 450 4030 genti
477 3962 529 4015 T
626 3961 834 4015 eiecant
863 3962 914 4016 T
934 3962 1076 4031 (non
1099 3962 1147 4030 t)
1268 3960 1333 4014 13
1356 3963 1411 4015 et
1435 3960 1528 4029 qui
1550 3960 1779 4015 occisuri
1802 3964 1956 4015 erant
1979 3977 2080 4015 om.
2112 3962 2176 4026 T,
2201 3962 2258 4015 et
2278 3960 2373 4029 qui
2397 3962 2553 4015 erant

294 4047 501 4101 occursi
524 4063 615 4115 ωμ
776 4046 1013 4102 admissa
1036 4065 1069 4103 v
1231 4062 1390 4115 quam
1414 4063 1515 4101 om.
1540 4063 1574 4100 v
1735 4050 1790 4101 et
1814 4063 1916 4103 om.
1942 4063 2032 4116 ωμ
2204 4047 2272 4102 15
2293 4046 2440 4101 notis
2463 4053 2484 4102 t

296 4133 607 4188 ministrare
631 4133 694 4199 T,
718 4133 985 4188 releuaret
1006 4152 1039 4190 v
1191 4132 1257 4187 16
1282 4136 1337 4189 et
1359 4148 1457 4187 om.
1484 4149 1575 4201 ωμ
1727 4149 1822 4202 pro
1845 4132 2128 4187 uoluntate
2151 4132 2430 4202 dispositis
2453 4148 2486 4187 v

299 4220 366 4274 17
391 4223 543 4289 xysto
567 4238 657 4292 μω,
682 4222 810 4276 noto
832 4237 881 4275 w
1020 4222 1087 4276 18
1110 4220 1179 4275 ab
1204 4220 1333 4274 urbe
1358 4235 1459 4275 om.
1484 4235 1534 4273 w
1671 4220 2007 4290 sperabatur]
2034 4219 2414 4289 expectabatur
2437 4234 2487 4273 w

300 4308 411 4362 iam
434 4323 535 4363 om.
560 4325 652 4376 ωμ
824 4308 891 4362 19
914 4307 1245 4361 sanctissimi
1270 4323 1361 4376 ωμ
1522 4306 1778 4360 uictimae
1802 4322 1901 4361 om.
1934 4307 2072 4374 Tum
2227 4304 2297 4359 21
2322 4305 2556 4374 singulis

300 4392 479 4460 possit
502 4393 563 4459 T,
591 4396 773 4463 posset
796 4392 1030 4463 siugulis
1054 4408 1088 4449 v
1254 4392 1323 4447 22
1345 4393 1609 4447 carissimi
1633 4412 1673 4461 μ
1833 4392 1927 4447 8811
1950 4392 2026 4462 et]
2054 4391 2147 4446 sed
2172 4396 2212 4455 t,
2237 4390 2329 4445 sed
2354 4392 2418 4444 ut
2439 4406 2489 4445 w

300 4479 522 4549 saeculi]
548 4480 833 4535 saecularis
863 4481 915 4536 T
1132 4479 1201 4533 23
1224 4478 1509 4533 nouilitate
1535 4478 1587 4533 T
1812 4478 1883 4533 24
1904 4480 1959 4532 et
1983 4494 2048 4532 ue
2073 4492 2262 4547 parum
2287 4477 2448 4546 esset]
2473 4492 2558 4532 me

302 4566 569 4634 paruisset
598 4566 650 4619 T
851 4565 1090 4621 suadella
1116 4570 1196 4636 μ’,
1223 4564 1522 4620 suadebant
1552 4566 1603 4620 T
1805 4569 1863 4619 et
1885 4565 2052 4620 etiam
2075 4586 2112 4634 μ
