3217 5150
783 523 874 577 De
909 521 1256 575 montibus
1293 520 1454 575 Sina
1489 523 1555 575 ct
1591 520 1751 575 Sion
1799 537 1843 575 c.
1880 522 2068 577 9-10,
2436 525 2559 592 115

299 680 565 741 manibus
621 682 741 741 suis
791 697 920 741 eum
970 680 1032 739 in
1060 681 1276 740 harena
1325 680 1609 740 obruerit:
1667 680 1931 741 Christus
1973 682 2164 741 autem
2206 681 2266 740 in
2310 685 2563 743 montem

300 786 565 843 sanctum
593 784 850 844 ascendit
873 784 1096 857 lignum
1123 784 1286 857 regni
1317 784 1424 859 sni,
1454 786 1522 843 ut
1541 786 1857 843 moreretur
1880 801 1917 843 a
1936 782 2184 857 Indaeis,
2217 800 2387 858 quam
2410 788 2561 859 quod

303 886 428 963 ipse
471 871 721 961 aliquem
764 887 1054 947 hominum
1097 886 1499 961 mortiferaret‚
1546 887 1663 946 nisi
1706 886 1891 947 solum
1934 887 2224 947 diabolum
2266 888 2561 949 inimicum
2666 870 2673 877 ⁵

303 990 504 1065 generi
555 990 820 1049 humano.
866 988 1068 1049 exinde
1120 991 1430 1049 ascendens
1469 990 1532 1049 in
1579 992 1832 1049 montem
1884 990 2152 1051 innocens
2202 994 2263 1050 et
2312 993 2559 1051 mundns

261 1093 498 1165 werde,
551 1094 612 1151 et
651 1092 776 1151 ideo
821 1094 1102 1167 propheta
1129 1091 1298 1151 dicit:
1345 1092 1516 1165 quis
1559 1094 1915 1152 ascendet
1956 1094 2029 1153 in
2074 1097 2383 1155 montem
2428 1094 2559 1155 Do-

301 1195 480 1254 mini
523 1198 594 1253 et
638 1195 806 1269 quis
849 1194 1090 1255 stabit
1131 1194 1204 1253 in
1247 1195 1404 1255 loce
1448 1197 1707 1255 sancte
1752 1196 1957 1255 eius?
2003 1196 2361 1257 innocens
2418 1215 2557 1257 ma-

301 1298 523 1358 nibus
566 1300 627 1359 et
677 1301 884 1371 cetera,
939 1300 998 1357 et
1027 1299 1343 1359 declarauit
1395 1302 1646 1359 montem
1696 1299 1831 1359 Sion
1869 1303 2131 1359 sanctum
2172 1316 2301 1360 esse
2333 1316 2560 1361 crucem

301 1404 562 1460 sanctam
611 1401 834 1461 dicente
887 1416 1064 1475 aeque
1113 1403 1426 1476 propheta:
1495 1404 1576 1462 de
1621 1402 1791 1462 Sion
1834 1403 2031 1462 exiet
2074 1403 2227 1477 lex,
2286 1406 2355 1464 et
2398 1420 2557 1465 uer-

299 1506 464 1563 bum
533 1504 821 1565 Domini
887 1505 971 1563 ab
1045 1504 1530 1565 Hierusalem.
1605 1507 1701 1565 lex
1770 1506 2211 1567 christianorum
2269 1520 2409 1567 crux
2464 1508 2559 1567 est

223 1626 280 1667 ιο
301 1608 507 1667 sancta
559 1606 776 1667 Christi
829 1608 934 1667 filii
987 1608 1092 1668 Dei
1143 1609 1266 1669 uiui
1318 1610 1540 1669 dicente
1590 1624 1769 1683 aeque
1798 1610 2110 1683 propheta:
2156 1610 2271 1668 lex
2314 1613 2441 1669 tua
2482 1608 2557 1668 in

295 1710 531 1770 medio
575 1711 865 1771 uentris
908 1711 1062 1771 mei.
1108 1728 1414 1785 percussus
1465 1712 1526 1770 in
1555 1713 1755 1771 lateris
1796 1714 2031 1772 uentre:
2085 1713 2154 1771 de
2196 1713 2374 1773 latere
2418 1728 2554 1771 san-

295 1814 428 1887 gnis
457 1816 517 1872 et
546 1830 695 1888 aqna
735 1814 949 1873 mixtus
978 1814 1242 1889 profusus
1295 1816 1564 1888 affluebat,
1607 1817 1757 1874 unde
1801 1815 1913 1874 sibi
1958 1815 2258 1875 ecclesiam
2298 1818 2555 1877 sanctam

299 1916 628 1989 fabricauit,
671 1918 732 1976 in
773 1934 944 1992 qnam
988 1918 1173 1993 legem
1217 1919 1504 1993 passionis
1547 1936 1685 1979 suae
1726 1919 2091 1979 consecrabat
2130 1919 2351 1979 dicente
2397 1921 2553 1993 ipso:
2660 1989 2667 1997 ι

297 2020 424 2094 qui
465 2020 658 2093 sitit,
703 2022 962 2081 ueniat
1006 2025 1076 2081 et
1119 2024 1346 2083 bibat.
1391 2023 1514 2096 qui
1544 2022 1787 2082 credit
1830 2022 1905 2081 in
1948 2040 2070 2093 me,
2116 2022 2431 2082 flumina
2472 2022 2555 2084 de

221 2127 556 2184 15uentre
620 2124 780 2184 eius
845 2124 1194 2185 fluebnnt
1259 2142 1486 2199 aquae
1552 2127 1787 2185 uiuae.
1853 2126 1992 2184 item
2034 2126 2096 2185 in
2154 2126 2419 2201 psalmis:
2481 2131 2555 2187 et

293 2227 450 2286 erit
492 2228 699 2287 uelut
742 2228 1022 2302 lignum
1079 2231 1264 2304 quod
1307 2229 1727 2303 plantatum
1772 2233 1887 2288 est
1942 2246 2155 2288 secus
2198 2230 2553 2290 decursus

294 2347 673 2410 aquarum,
745 2334 931 2405 quod
998 2332 1318 2392 fructum
1385 2350 1586 2392 suum
1652 2333 1858 2391 dabit
1914 2330 1987 2390 in
2031 2334 2355 2405 tempore
2401 2350 2549 2393 suo,

295 2450 428 2493 ecce
458 2436 694 2494 uerbum
724 2435 1116 2509 propheticum
1149 2437 1398 2497 fructum
1429 2436 1861 2497 resurrectionis
1892 2434 1985 2494 die
2012 2435 2183 2494 tertio
2208 2435 2551 2509 spiritaliter
2658 2478 2663 2484 -

295 2535 745 2612 intellegendum
801 2540 1078 2599 dicentis:
1142 2541 1224 2600 de
1270 2539 1440 2600 Sion
1484 2539 1673 2600 enim
1715 2539 1914 2600 exiet
1956 2539 2105 2612 lex,
2168 2538 2277 2600 hoc
2333 2541 2422 2598 est
2478 2541 2549 2600 de

213 2639 452 2716 noligno
510 2642 724 2716 regali,
791 2645 864 2702 et
925 2645 1228 2703 uerbum
1269 2643 1554 2704 Domini
1597 2645 1683 2703 ab
1729 2643 2211 2719 Hierusalem,
2256 2653 2403 2717 quae
2460 2645 2552 2702 est
2632 2705 2645 2712 ,

293 2743 552 2804 ecclesia.

381 2847 524 2907 Caro
553 2849 711 2922 ligno
741 2849 958 2908 confixa
987 2849 1176 2909 emisit
1205 2851 1443 2909 uerbum
1473 2849 1816 2909 dominicum
1858 2850 2079 2910 dicens:
2126 2849 2315 2922 Heli,
2362 2850 2446 2908 he
2464 2849 2539 2908 li.
2566 2857 2649 2916 10

293 2954 354 3010 et
413 2951 766 3024 adinpletum
826 2955 913 3012 est
971 2953 1364 3028 propheticum
1423 2952 1685 3027 spiritale
1743 2956 1877 3012 ante
1936 2953 2183 3012 dictum:
2242 2953 2323 3012 de
2382 2953 2549 3011 Sion

433 3152 468 3205 8
507 3152 592 3204 Es.
629 3153 682 3218 2,
716 3153 764 3206 3.
804 3153 986 3218 (Mich.
1023 3154 1074 3212 4,
1109 3153 1180 3220 2.)
1429 3154 1496 3208 14
1530 3154 1604 3208 Io.
1642 3154 1689 3216 7,
1727 3153 1811 3207 37.
1848 3155 1931 3208 38.
2180 3154 2249 3207 15
2282 3152 2370 3207 Ps.
2412 3153 2459 3215 1,
2495 3153 2547 3205 3.

289 3239 364 3293 22
397 3239 596 3292 Matth.
635 3241 718 3302 27,
752 3240 839 3294 46.

430 3410 465 3462 2
499 3426 660 3478 quam
695 3411 838 3479 quod
874 3412 1012 3474 MT,
1048 3413 1228 3480 potius
1265 3427 1426 3480 quam
1461 3411 1601 3480 quod
1640 3432 1695 3480 μ,
1732 3427 2055 3479 quamquam
2089 3429 2123 3467 υ
2304 3411 2340 3464 3
2374 3411 2549 3465 homi-

289 3511 414 3550 ncrn
452 3517 492 3564 μ
767 3498 1126 3552 mortiferaret
1159 3499 1234 3552 M
1236 3500 1336 3567 Τμ,
1375 3514 1480 3552 non
1517 3498 1925 3552 mortificauerit
1961 3515 1993 3551 v
2267 3498 2303 3550 4
2338 3497 2549 3566 generis

289 3582 516 3635 hnmani
553 3583 654 3636 Mv
915 3584 973 3637 in
1009 3587 1247 3637 montem
1283 3584 1525 3638 ascendit
1557 3602 1590 3638 v
1855 3583 2051 3638 mundo
2088 3584 2161 3636 M
2416 3583 2451 3638 5
2490 3585 2549 3637 et

283 3669 448 3723 corde
484 3669 534 3722 T
805 3669 1044 3724 ascendit
1077 3670 1205 3724 MT
1463 3672 1498 3724 6
1532 3669 1781 3724 manibus
1818 3672 1873 3722 et
1908 3669 2104 3722 mundo
2142 3667 2295 3722 corde
2329 3671 2404 3724 Μ
2404 3687 2477 3738 μυ

289 3756 320 3809 7
358 3757 414 3808 et
449 3757 624 3808 cetera
658 3771 757 3810 om.
783 3773 816 3811 v
955 3771 1160 3810 crucem
1195 3772 1400 3810 sacram
1425 3777 1480 3826 μ,
1518 3760 1763 3810 sanctam
1798 3771 2004 3809 crucem
2028 3773 2063 3811 v
2198 3756 2233 3808 8
2270 3756 2402 3808 exiit
2430 3755 2481 3808 T

283 3844 320 3896 9
359 3841 446 3912 ab]
484 3840 548 3894 dc
591 3843 642 3896 T
864 3843 932 3896 10
966 3843 1168 3896 christo
1204 3843 1320 3896 filio
1355 3860 1390 3898 v
1630 3843 1919 3910 prophetae
1956 3841 2009 3894 T
2232 3842 2299 3895 11
2333 3857 2547 3909 percus-

283 3941 408 3980 sum
445 3927 516 3981 M
717 3927 882 3982 latere
905 3928 1035 3992 MT,
1071 3929 1255 3982 lancea
1290 3943 1362 3997 μυ
1555 3929 1831 3997 sanguinis
1858 3928 1918 3978 Μ
2112 3928 2181 3980 12
2214 3929 2269 3980 et
2304 3943 2407 3981 om.
2434 3947 2475 3996 μ

281 4027 482 4081 aquam
521 4014 645 4067 MT
903 4013 1160 4083 proflusns
1195 4017 1260 4084 μ’
1514 4014 1773 4068 affluebat
1807 4035 1863 4083 μ,
1898 4013 2099 4068 fluebat
2134 4032 2167 4069 υ
2394 4029 2547 4068 sanc-

281 4102 403 4153 tam
438 4115 538 4153 om.
575 4120 614 4168 μ
793 4169 800 4176 ·
912 4103 980 4156 13
1015 4117 1120 4169 qua
1156 4119 1190 4156 v
1499 4103 1837 4154 consecratus
1876 4101 2005 4170 Τμ1,
2040 4101 2371 4154 consecrauit
2407 4107 2474 4170 μ’

284 4185 362 4242 14
397 4185 541 4239 bibit
576 4187 646 4240 Τ*
851 4187 1093 4258 flumina]
1133 4188 1272 4242 sicut
1307 4187 1570 4256 scriptum
1607 4189 1691 4240 est
1726 4186 1949 4240 flumina
1985 4187 2087 4242 Mv
2311 4187 2379 4240 15
2412 4186 2545 4240 flue-

281 4271 428 4324 bunt
465 4271 594 4339 121¹,
633 4273 800 4327 fluent
834 4273 1002 4342 Myflv
1230 4289 1400 4341 aquae
1425 4311 1439 4326 .
1467 4312 1479 4326 .
1508 4313 1520 4326 .
1545 4273 1769 4341 psalmis
1805 4289 1905 4327 om.
1946 4273 2057 4342 Τμι
2290 4272 2356 4326 16
2391 4287 2549 4326 secus

278 4357 554 4427 decursus]
593 4360 743 4413 iuxta
776 4361 982 4414 tractus
1017 4379 1056 4430 μ,
1324 4359 1388 4412 17
1425 4359 1663 4412 fructum
1698 4373 1799 4413 om.
1838 4359 1889 4412 T
2137 4359 2205 4413 18
2238 4357 2405 4412 tertia.
2438 4373 2471 4412 v

279 4445 354 4498 19
390 4443 534 4497 enim
569 4461 666 4499 om.
703 4446 806 4502 Mv
1011 4447 1141 4500 exiit
1177 4446 1229 4499 T
1435 4445 1502 4499 23
1539 4445 1841 4514 spiritalem
1876 4445 1951 4499 Μ
1950 4446 2025 4500 ¹T

1829 4564 1842 4579 .
2026 4536 2064 4595 8
2095 4531 2130 4570 *
