3217 5150
963 523 1056 577 De
1101 521 1621 592 Rebaptismate
1666 537 1711 577 c.
1751 521 1905 577 1-2.
2474 525 2545 591 ’ῃ

310 681 528 742 seruari
579 681 883 741 manifeste
913 698 980 742 ac
1029 681 1258 742 fortiter
1311 681 1663 753 ostendatur,
1712 681 1797 742 ite.
1835 682 1903 740 ut
1948 680 2061 740 etsi
2099 679 2334 755 paribus
2386 697 2553 756 argu-

307 783 518 845 mentis
565 800 636 844 ex
675 785 916 859 utraque
956 786 1120 859 parte
1161 783 1651 858 congrederemur,
1690 785 1883 844 tamen
1928 783 2065 859 quia
2102 801 2217 844 non
2242 787 2467 858 poterat
2495 784 2555 842 id

310 887 468 961 quod,
512 887 889 948 innouabatur
939 887 1062 946 sine
1115 885 1464 946 dissensione
1517 884 1763 946 fratrum
1814 888 1873 946 et
1913 887 2120 946 damno
2172 885 2555 946 ecclesiastico

308 988 640 1061 consistere,
689 989 886 1063 utique
934 1006 1048 1049 non
1105 989 1308 1048 debeat
1358 989 1554 1048 contra
1581 987 1671 1048 fas
1703 989 1853 1062 quod
1904 988 2067 1050 aiunt
2096 989 2155 1048 et
2182 987 2345 1048 nefas
2374 987 2437 1048 id
2464 991 2557 1048 est

257 1115 290 1156 .⁵
309 1095 510 1153 contra
536 1091 746 1152 bonum
775 1093 834 1150 et
861 1107 1106 1165 aequum
1135 1089 1408 1152 ecclesiae
1437 1089 1608 1150 matri
1650 1089 1817 1164 quasi
1858 1090 2082 1151 macula
2108 1092 2321 1150 temere
2350 1089 2551 1164 infligi,

306 1194 502 1269 eisque
533 1191 632 1268 qui
659 1193 768 1252 hoc
795 1193 1160 1253 adtentarent
1188 1191 1456 1253 audaciae
1497 1193 1669 1252 huius
1698 1194 1871 1266 atque
1900 1192 2213 1266 impietatis
2241 1193 2555 1268 ignominia

306 1296 510 1356 merito
549 1296 782 1356 deberet
821 1294 1087 1355 adscribi.
1141 1295 1240 1355 sed
1282 1293 1546 1369 quoniam
1590 1311 1703 1354 non
1743 1296 1835 1354 est
1861 1294 1923 1354 in
1951 1296 2147 1354 nostra
2173 1297 2457 1368 potestate
2487 1297 2555 1382 ut

225 1435 227 1437 ·
310 1399 620 1459 secundum
661 1400 1024 1473 praeceptum
1064 1397 1308 1472 apostoli
1348 1397 1411 1456 id
1451 1397 1637 1472 ipsum
1668 1396 1919 1458 dicamus
1949 1412 2143 1458 omnes
2172 1413 2315 1458 neue
2346 1398 2464 1457 sint
2491 1398 2551 1458 in

309 1502 477 1562 nobis
525 1501 855 1574 schismata,
897 1503 1094 1562 tamen
1123 1499 1185 1560 in
1215 1501 1490 1575 quantum
1531 1516 1838 1575 possumus
1866 1500 2167 1561 conitimur
2194 1500 2367 1560 huius
2396 1502 2549 1561 trac-

187 1637 198 1646 ·
237 1627 290 1666 10
315 1606 475 1664 tatus
507 1605 723 1664 statum
751 1604 1138 1664 demonstrare
1167 1605 1228 1662 et
1255 1603 1606 1664 turbulentis
1637 1603 1961 1664 hominibus
1990 1605 2056 1662 ut
2085 1603 2178 1663 uel
2206 1619 2356 1662 nunc
2384 1620 2551 1664 suum

315 1706 606 1781 negotium
655 1722 829 1781 agere
867 1706 1142 1781 incipiant
1182 1706 1539 1781 persuadere,
1594 1705 1983 1768 consecuturis
2024 1706 2331 1782 plurimum
2378 1705 2553 1766 etiam

305 1808 490 1882 nobie,
547 1808 598 1868 si
637 1809 745 1869 hoc
796 1823 1020 1883 quoque
1072 1807 1310 1869 consilio
1361 1825 1498 1868 sano
1547 1809 1783 1868 tandem
1832 1808 2119 1869 noluerint
2166 1808 2549 1882 adquiescere.

306 1913 366 1973 et
403 1912 530 1972 ideo
577 1927 963 1986 quaecumque
1004 1913 1332 1972 sanctarum
1373 1910 1786 1986 scripturarum
1828 1913 1903 1970 ad
1943 1911 2091 1971 hanc
2118 1913 2341 1986 partem
2368 1910 2549 1985 perti-

309 2015 508 2100 nentia
535 2016 672 2074 sunt
699 2013 949 2088 capitula
975 2014 1296 2074 necessario
1325 2012 1390 2074 in
1417 2031 1592 2074 unum
1616 2029 2001 2089 congeremus,
2031 2016 2090 2074 et
2118 2031 2263 2088 quae
2284 2013 2551 2075 uidentur

231 2141 283 2182 ιι
304 2131 430 2177 esse
471 2116 699 2178 diuersa
737 2120 839 2177 aut
879 2116 1044 2176 uaria
1084 2119 1361 2190 quantum
1404 2116 1619 2190 poterit
1661 2116 1962 2177 manifeste
1990 2116 2142 2178 inter
2172 2133 2234 2177 se
2264 2117 2547 2192 congluti-

301 2219 566 2280 nabimus
617 2222 676 2280 et
724 2219 1037 2280 utilitatem
1079 2235 1146 2280 ac
1195 2220 1542 2280 commodum
1595 2219 1956 2294 singulorum
2004 2237 2108 2294 pro
2158 2219 2547 2280 mediocritate

301 2326 500 2383 nostra
529 2321 976 2382 examinabimus
991 2367 1006 2395 ,
1036 2325 1104 2381 ut
1135 2322 1340 2397 agendi
1369 2321 1431 2380 in
1459 2322 1701 2383 ecclesia
1728 2323 1967 2382 formam
1998 2326 2057 2382 et
2084 2322 2549 2384 consuetudinem

299 2426 733 2486 saluberrimam
761 2428 932 2499 atque
961 2423 1256 2498 pacificam
1283 2425 1566 2485 uniuersis
1608 2425 1886 2486 fratribus
1915 2425 2285 2487 insinuemus.

379 2527 568 2603 Igitur
617 2527 1082 2603 adgredientibus
1113 2528 1422 2589 tractatum
1463 2528 1733 2589 salutaris
1763 2532 1821 2589 et
1850 2528 1987 2589 noui
2013 2530 2121 2590 hoc
2148 2531 2240 2589 est
2268 2527 2546 2605 spiritalis
2564 2525 2607 2589 2

221 2654 278 2694 20
296 2632 356 2690 et
385 2632 700 2706 euangelici
729 2632 1092 2707 baptismatis
1119 2631 1184 2691 in
1210 2631 1416 2707 primis
1444 2633 1691 2693 occurrit
1718 2633 2018 2693 notissima
2047 2632 2305 2693 omnibus
2324 2632 2544 2707 praedi-

293 2733 442 2796 catio
473 2734 760 2795 celebrata
787 2738 957 2809 atque
986 2736 1184 2810 coepta
1213 2735 1285 2795 ab
1307 2735 1517 2795 Ioanne
1533 2734 1819 2809 baptista,
1852 2735 1952 2809 qui
1980 2735 2335 2810 aliquantum
2364 2736 2546 2796 desci-

294 2852 456 2898 scens
484 2856 520 2897 a
549 2838 675 2912 lege
720 2838 782 2897 id
825 2840 916 2899 est
943 2837 1128 2913 Moysi
1171 2836 1566 2912 antiquissimo
1609 2838 1955 2911 baptismate
1983 2840 2041 2899 et
2082 2824 2237 2899 uiam
2276 2854 2459 2899 nouae
2488 2840 2547 2898 et

257 2956 460 3001 uerae
517 2941 737 3015 gratiae
787 2943 1188 3015 praesternens
1235 2941 1326 3017 [et]
1373 2940 1719 3015 baptismate
1768 2942 1920 3015 quod
1970 2942 2199 3001 interim
2248 2943 2548 3002 exercebat

291 3060 474 3117 aquae
502 3045 562 3103 et
589 3043 974 3117 paenitentiae
1015 3044 1226 3103 sensim
1266 3060 1430 3105 aures
1470 3043 1808 3105 Iudaeorum
1847 3044 2251 3118 praeueniebat
2291 3046 2351 3104 et
2378 3062 2543 3105 occu-

213 3168 269 3209 25
285 3146 465 3221 pabat
517 3145 794 3221 spiritalis
844 3146 1210 3221 baptismatis
1258 3146 1438 3207 futuri
1478 3148 1937 3222 annuntiatione,
1988 3148 2298 3210 adhortans
2350 3164 2446 3208 eos
2487 3149 2547 3206 et

289 3247 516 3309 dicens:
563 3248 687 3322 qui
735 3251 900 3322 post
941 3266 1042 3309 me
1081 3249 1291 3309 uenit
1340 3250 1608 3309 fortior
1646 3268 1749 3311 me
1788 3253 1919 3323 est,
1972 3250 2181 3311 cuius
2230 3265 2357 3324 ego
2409 3266 2545 3309 non
2601 3250 2605 3255 ’

285 3367 438 3410 sum
501 3352 765 3426 dignus
828 3352 1220 3427 corrigiam
1283 3351 1759 3413 calciamenti
1818 3352 2125 3415 soluere.
2203 3352 2361 3428 ipse
2418 3368 2543 3411 uos

283 3453 707 3527 baptizabit
757 3453 832 3513 in
883 3454 1164 3529 spiritu
1223 3459 1478 3516 sancto
1531 3458 1605 3515 et
1637 3455 1839 3531 igni.
1896 3459 2128 3531 propter
2179 3457 2329 3530 quod
2377 3454 2543 3515 nobis

289 3572 516 3630 quoque
559 3556 733 3617 huius
774 3558 1050 3620 sermonis
1089 3575 1253 3618 orsus
1284 3559 1419 3619 hinc
1447 3559 1697 3633 incipere
1728 3560 1979 3621 debebit.
2021 3578 2154 3619 nam
2182 3563 2241 3619 et
2270 3560 2544 3619 Dominus

205 3680 264 3721 eo
287 3658 440 3718 hanc
499 3660 734 3719 eandem
791 3676 986 3721 uocem
1041 3660 1272 3722 Ioannis
1329 3664 1462 3736 post
1533 3679 1695 3723 suam
1751 3647 2222 3725 resurrectionem
2280 3661 2341 3720 in
2398 3662 2544 3721 actis

416 3978 484 4033 26
519 3978 718 4071 Mattb.
755 3979 807 4045 3,
845 3980 926 4035 11.
963 3980 1128 4036 Marc.
1167 3983 1214 4046 1,
1253 3982 1301 4036 7.
1338 3981 1464 4039 Luc.
1501 3989 1552 4048 3,
1590 3984 1675 4039 16.
1712 3984 1790 4039 10.
1830 3987 1877 4049 1,
1912 3986 1995 4039 27.

409 4251 444 4304 ¹1
475 4250 668 4306 debeat
691 4252 810 4325 Εἰς.
956 4256 1024 4309 15
1045 4256 1278 4326 poterit,·
1303 4256 1374 4323 cf.
1401 4256 1604 4313 Front.
1631 4275 1690 4327 p.
1718 4263 1800 4327 48,
1825 4262 1897 4313 21
1925 4260 2114 4330 (Nab.)
2258 4262 2321 4315 17
2346 4261 2539 4331 agendi

267 4337 488 4405 scr-ipsi,
526 4338 740 4393 accendi
774 4340 912 4409 cod„
960 4342 1172 4399 tacendi
1217 4346 1355 4399 coni.
1403 4344 1703 4415 Rigaltiua
1742 4346 2012 4401 accedenti
2048 4348 2187 4401 coni.
2224 4347 2419 4416 Oxou„
2457 4350 2539 4401 at·

273 4422 427 4477 tendi
451 4425 599 4479 coni.
627 4424 904 4482 Baluzius
1042 4428 1113 4483 22
1145 4446 1326 4499 moyse
1350 4430 1467 4486 cod.
1496 4436 1548 4485 et
1571 4448 1621 4497 v,
1662 4432 1862 4502 moysis
1886 4432 2048 4500 Baz.;
2086 4432 2155 4498 cf.
2184 4435 2337 4503 epist.
2364 4438 2481 4501 791,
2506 4438 2543 4491 6
