3217 5150
697 534 788 587 De
821 531 1336 601 singularitate
1371 532 1779 587 clericorum
1825 548 1869 586 c.
1908 532 2126 587 15-16.
2410 536 2525 601 191

277 694 532 752 rectae
574 694 744 751 sunt
785 691 1096 752 semitae
1160 709 1410 753 eorum
1454 690 1576 766 qui
1620 690 1691 749 in
1734 674 1935 750 terra
1978 694 2183 765 sunt,
2228 693 2297 771 et
2355 706 2533 766 quae

276 795 426 855 tibi
487 796 786 870 placent
852 794 1270 855 didicerint
1333 794 1690 867 homines,
1758 796 1828 853 et
1890 810 2023 867 per
2081 794 2529 868 sapientiam

281 898 536 958 sanati
583 898 772 957 sunt.
819 897 1175 959 ambulantes
1225 899 1288 957 in
1315 895 1829 979 tenebrisvsibimet
1857 895 2001 984 ipsis
2032 896 2225 957 lumen
2248 914 2364 957 non
2393 913 2529 971 pos-

281 1003 420 1061 sunt
448 1000 764 1076 ostendere,
793 1000 909 1060 nisi
938 999 1261 1060 ultroneum
1289 1018 1350 1063 se
1373 999 1562 1075 ipsum
1590 1017 1704 1060 non
1732 998 2063 1059 uidentibus
2092 1000 2294 1060 offerat
2319 999 2531 1061 lumen.

237 1128 262 1167 5
281 1107 370 1166 ita
398 1107 651 1167 hnmana-
675 1106 922 1166 caecitas
951 1106 1026 1166 ad
1053 1106 1236 1166 Deum
1265 1123 1380 1167 non
1407 1104 1610 1181 dirigit
1651 1105 1803 1165 uiam
1832 1104 1949 1164 nisi
1976 1104 2101 1178 ipse
2128 1105 2419 1165 lucernam
2448 1105 2531 1165 lo-

277 1210 374 1284 gis
403 1210 686 1281 ostendat.
729 1210 880 1269 unde
909 1209 1094 1269 Dauid
1123 1209 1208 1269 sic
1237 1208 1493 1283 loquitur
1522 1208 1738 1268 dicens.
1782 1208 2087 1267 lucerna
2128 1208 2277 1281 est,
2322 1207 2533 1281 inquit,

277 1312 592 1387 pedibus
633 1314 814 1373 meis
853 1314 1154 1372 uerbum
1195 1314 1394 1371 tuum
1437 1313 1508 1371 et
1547 1311 1673 1371 lux
1716 1310 2006 1371 semitis
2048 1309 2243 1369 meis,
2313 1313 2372 1369 et
2422 1310 2535 1370 ite-

278 1432 438 1477 rum:
484 1416 954 1490 praeceptum
997 1414 1288 1477 Domini
1352 1413 1674 1474 lucidum
1738 1412 2195 1472 inluminans
2262 1412 2532 1472 oculos,

277 1520 388 1579 hoc
417 1520 512 1578 est
537 1534 674 1592 ergo
703 1518 1000 1578 luciferum
1030 1519 1420 1593 quodcumque
1469 1534 1506 1577 a
1535 1516 1653 1577 Deo
1705 1516 1880 1577 fuerit
1920 1516 2273 1585 intimatum:
2320 1516 2380 1575 et
2428 1516 2535 1575 hoc

209 1642 262 1681 ιο
281 1622 404 1682 Deo
458 1622 694 1696 dignum
747 1620 898 1695 quod
947 1620 1072 1695 ipse
1101 1620 1256 1681 Deus
1307 1619 1594 1680 uoluntati
1646 1635 1781 1679 suae
1835 1619 2052 1678 fatetur
2094 1620 2388 1693 acceptum
2403 1664 2418 1691 ,
2466 1621 2535 1679 ut

279 1727 479 1785 exerat
527 1740 630 1799 per
679 1724 871 1783 omnia
899 1723 1268 1784 dominatum.
1329 1723 1582 1797 alioquin
1621 1738 1727 1781 noc
1755 1738 1861 1781 nos
1904 1722 2057 1781 serui
2084 1721 2534 1782 adscriberemur

279 1844 388 1889 nec
415 1828 540 1903 ipse
569 1829 844 1888 Dominus
873 1828 1183 1889 haberetur
1199 1874 1214 1901 ‚
1269 1828 1322 1888 si
1373 1827 1681 1887 secundum
1732 1827 2089 1887 uoluntatem
2116 1829 2373 1886 nostram
2402 1842 2531 1901 per-

278 1932 636 1992 mitteremur
657 1931 964 2006 inpendere
995 1932 1331 1991 soruitutem
1354 1934 1416 1992 et
1435 1929 1677 1990 arbitrio
1703 1932 1897 1990 nostro
1928 1946 2043 1989 non
2064 1928 2173 1987 Dei
2194 1928 2534 2002 eligeremus

279 2035 734 2095 exercitamenta.
757 2034 1035 2096 iustitiae.
1065 2034 1214 2095 tales
1237 2034 1451 2094 Paulus
1475 2033 1769 2109 apostolus
1788 2032 2061 2093 uaniflcat
2090 2031 2303 2104 dicens,
2334 2032 2533 2106 igno·-

209 2140 567 2210 1srantes,
612 2138 828 2211 inquit,
874 2137 1002 2197 Dei
1045 2138 1422 2198 iustitiam
1467 2138 1537 2195 et
1579 2154 1777 2197 suam
1807 2136 2147 2197 uolentes
2176 2137 2531 2207 statuere,

279 2240 632 2300 institiae
681 2240 810 2301 Dei
868 2258 1022 2302 non.
1047 2243 1218 2301 sunt
1261 2241 1601 2301 subiecti.
1647 2240 1924 2299 tollantur
1952 2257 2102 2299 nunc
2131 2255 2163 2297 e
2193 2238 2376 2299 medio
2408 2256 2533 2298 am-

279 2346 457 2417 bages
510 2343 658 2404 istae
686 2346 806 2403 tam
847 2360 1032 2403 uanae
1063 2346 1123 2403 et
1153 2343 1536 2417 querimoniae
1565 2339 1820 2403 inaniter
1850 2342 2249 2403 calumniosae.
2310 2342 2382 2401 ad
2412 2341 2531 2415 spi-

281 2447 488 2507 ritales
521 2448 684 2507 actus
715 2464 844 2507 cum
871 2447 1102 2507 feminis
1131 2446 1252 2507 Deo
1281 2448 1517 2507 iuuante
1544 2464 1659 2506 non
1686 2446 1993 2506 metuimus
2020 2444 2275 2517 adunari,
2307 2444 2407 2519 qui
2436 2460 2537 2517 per

281 2548 390 2610 Dei
439 2549 750 2612 iussionem
779 2548 1063 2611 iustitiam
1113 2567 1218 2611 nos
1271 2549 1552 2611 credimus
1581 2550 1807 2624 operari
1822 2595 1837 2622 ‚
1889 2564 1959 2608 ex
1987 2565 2098 2623 qua
2126 2547 2289 2608 nobis
2320 2546 2531 2607 scimus

208 2678 262 2718 20
281 2653 633 2714 munimenta
663 2655 924 2730 supponi.
967 2655 1236 2729 priuatim
1265 2670 1400 2714 uero
1431 2652 1852 2715 continentibus
1883 2669 2052 2725 quam
2080 2651 2389 2725 plurimum
2416 2650 2533 2710 cle-

275 2756 416 2816 ricis
445 2759 504 2815 et
544 2756 868 2831 uirginibus
896 2756 1148 2831 hospitia
1175 2758 1495 2832 separanda
1521 2759 1675 2832 sunt,
1707 2755 1845 2831 quia
1894 2755 2043 2830 quod
2072 2754 2224 2814 Deus
2276 2754 2533 2828 iniquum

279 2859 499 2919 iudicat
525 2858 742 2919 iustum
772 2876 897 2921 esse
923 2876 1038 2919 non
1064 2862 1274 2934 potest.
1307 2860 1739 2920 contubernium
1767 2861 1963 2918 tamen
1989 2857 2103 2918 etsi
2131 2857 2293 2916 nulla
2322 2857 2531 2930 inipso

285 2962 657 3024 contubernio
687 2963 878 3038 turpis
905 2963 1252 3022 consuetudo
1283 2964 1552 3024 noscatur
1565 3008 1580 3037 ,
1605 2960 1885 3035 accendit,
1914 2960 2053 3034 quia
2081 2959 2417 3034 inpossibile
2446 2961 2535 3052 est

277 3067 670 3140 integritatem
698 3066 773 3126 ad
799 3066 1074 3126 uictorias
1121 3065 1420 3140 peruenire
1463 3081 1606 3141 quae
1660 3064 1951 3126 contendit
1992 3066 2192 3126 contra
2236 3063 2342 3125 Dei
2370 3065 2529 3124 iussa

207 3191 260 3231 25
278 3185 558 3242 pugnare.
613 3170 886 3242 quantum
929 3169 1079 3228 enim
1110 3169 1204 3228 lex
1233 3168 1662 3230 oboedientibus
1692 3167 1951 3243 suggerit
1980 3167 2321 3228 adiutorium
2335 3211 2350 3241 ,
2402 3169 2533 3227 tan-

277 3275 404 3330 tum
454 3270 950 3331 inobaudientibus
1001 3271 1206 3331 incitat
1235 3270 1374 3344 quin
1403 3271 1575 3330 immo
1629 3271 1923 3345 peccatum
1977 3270 2199 3330 dicente
2242 3270 2529 3344 apostolo:

277 3375 560 3448 uirtus,
604 3375 809 3449 inquit,
859 3375 976 3434 lex
1018 3376 1331 3450 peccati.
1377 3375 1475 3450 qui
1503 3392 1607 3435 nos
1638 3391 1773 3449 ergo
1817 3373 1989 3434 iussit
2014 3375 2173 3434 utin
2204 3375 2382 3434 sacris
2412 3375 2533 3434 suis

277 3494 408 3536 cum
439 3476 668 3538 feminis
696 3477 1128 3553 triumphemus,
1160 3479 1284 3553 ipse
1313 3495 1416 3538 nos
1445 3478 1604 3538 iubet
1631 3480 1698 3538 ut
1719 3477 1991 3552 priuatim
2010 3494 2233 3552 pugnas
2256 3477 2532 3538 femineas

274 3596 600 3642 caueamus.

413 3815 449 3870 6
478 3814 570 3870 Ps.
610 3815 726 3883 118,
767 3815 882 3871 105.
1059 3829 1062 3832 ’
1293 3817 1328 3872 8
1361 3815 1448 3870 Ps.
1488 3815 1570 3881 18,
1606 3815 1656 3870 9.
2062 3817 2131 3871 14
2167 3817 2318 3871 Rom.
2355 3815 2438 3881 10,
2475 3816 2525 3870 3.

271 3900 344 3954 27
378 3899 409 3954 1
445 3901 561 3956 Cor.
601 3902 684 3966 15,
721 3902 806 3958 56.

413 4115 450 4169 2
489 4114 792 4169 didicerunt
834 4115 901 4171 0¹
1234 4117 1265 4169 '1
1305 4116 1542 4171 semittis
1583 4119 1631 4171 0
1953 4118 1987 4172 9
2020 4116 2191 4171 fuerit
2224 4134 2258 4171 a
2293 4117 2391 4172 deo
2426 4133 2459 4171 v

275 4203 346 4257 11
383 4203 566 4255 exerat
609 4202 670 4267 0,
707 4203 946 4256 exerceat
977 4219 1012 4258 v
1151 4203 1218 4256 12
1255 4203 1617 4273 uoluntatem]
1653 4203 2041 4272 aequalitatem
2072 4204 2118 4260 0
2250 4203 2321 4258 20
2356 4203 2527 4256 moni-

272 4289 462 4343 menta
505 4287 573 4344 0¹
801 4289 870 4342 22
904 4288 1030 4359 etsi]
1069 4288 1120 4342 si
1155 4289 1202 4343 G
1423 4290 1492 4344 23
1524 4293 1777 4344 nascatur
1810 4291 2087 4345 Erasmus
2317 4287 2533 4344 accedat
2562 4314 2569 4322 -

273 4391 350 4430 ex
385 4373 581 4428 accidit
624 4375 668 4430 Ο
699 4391 769 4428 m.
806 4377 846 4429 2
1106 4373 1178 4429 24
1211 4375 1496 4430 uictoriam
1528 4392 1564 4431 >v
1816 4376 1885 4430 26
1922 4375 2053 4446 quin
2087 4375 2253 4429 immo
2290 4391 2394 4430 om.
2432 4392 2465 4431 v

272 4461 347 4515 27
383 4461 588 4530 peccati
621 4460 706 4514 lex
738 4477 772 4517 v
981 4462 1050 4516 28
1082 4477 1180 4515 nos
1217 4477 1316 4516 om.
1352 4477 1386 4516 v
