3217 5150
699 555 754 603 11

701 690 976 772 alioquin
997 688 1072 754 de
1090 687 1368 753 codicum
1393 686 1781 771 singulorum
1800 684 2183 767 praestantia
2200 703 2274 750 ac
2289 683 2654 770 cognatione
2677 684 2979 768 quaestio

699 800 940 865 facilior
979 799 1090 865 fiat
1129 801 1316 881 atque
1357 798 1728 864 mendorum
1767 796 2435 880 interpolationumque
2478 796 2641 862 nube
2682 794 2979 860 discussa

701 911 1048 977 certissima
1088 910 1194 976 uia
1237 910 1555 992 scriptoris
1595 908 1865 994 uestigia
1893 909 1957 973 et
1986 924 2347 991 cognoscere
2386 906 2699 989 possimus
2728 908 2793 971 et
2820 926 2977 988 per-

699 1026 892 1108 sequi.
945 1025 1041 1090 est
1085 1040 1230 1089 uero
1277 1022 1480 1087 minor
1531 1040 1787 1104 operum
1839 1039 2001 1103 pars,
2058 1019 2263 1085 libelli
2312 1018 2440 1084 fere
2493 1036 2705 1085 omnes
2756 1019 2973 1101 priore

699 1136 997 1202 fasciculo
1030 1135 1202 1215 editi,
1247 1135 1355 1217 qui
1384 1133 1833 1199 uetustissimis
1862 1133 1995 1197 illis
2024 1131 2340 1197 codicibus
2370 1130 2759 1197 exhibentur.
2804 1148 2969 1212 quos

698 1247 789 1314 ibi
819 1266 962 1313 cum
993 1247 1177 1313 duces
1207 1246 1562 1325 habeamus,
1595 1244 1711 1309 hoc
1741 1246 1990 1330 negotio
2022 1243 2422 1327 supersedere
2450 1243 2581 1309 iam
2612 1260 2965 1325 possumus»,

699 1361 773 1425 ut
801 1360 1182 1443 reliquorum
1235 1357 1536 1437 codicum,
1593 1358 1775 1441 prout
1826 1357 1936 1422 aut
1987 1356 2341 1440 conspirant
2390 1355 2553 1420 inter
2582 1374 2647 1420 se
2676 1356 2788 1419 aut
2834 1354 2973 1419 dis-

699 1473 968 1552 crepant,
1026 1469 1300 1535 familias
1350 1468 1807 1546 describamus;
1859 1488 2006 1534 nam
2050 1468 2118 1533 in
2159 1468 2240 1533 iis
2284 1467 2459 1547 locis,
2514 1467 2728 1550 quales
2777 1466 2967 1550 pauci

699 1584 864 1661 sunt,
906 1582 1015 1648 ubi
1047 1582 1424 1664 optimorum
1453 1581 1719 1647 testium
1748 1580 1979 1646 auxilio
2012 1580 2306 1645 destituti
2334 1599 2406 1645 ex
2434 1579 2694 1663 reliquis
2726 1578 2963 1645 codici-

697 1692 814 1759 bus
855 1693 1045 1759 uerba
1075 1693 1526 1759 constituamus
1556 1710 1801 1757 necesse
1831 1692 1945 1771 est,
1990 1690 2202 1757 nullus
2234 1711 2393 1757 unus
2424 1691 2614 1756 codex
2644 1691 2756 1757 aut
2784 1690 2969 1756 nulla

697 1824 820 1871 una
872 1806 1152 1871 codicum
1202 1803 1447 1869 familia
1496 1804 1585 1870 sic
1629 1823 1775 1885 prae
1827 1803 2047 1869 ceteris
2099 1803 2368 1885 excellit,
2424 1804 2497 1867 ut
2544 1804 2608 1869 in
2658 1802 2969 1887 eligendis

696 1916 1043 1999 scripturis,
1077 1936 1342 1999 quarum
1371 1916 1546 1981 nulla
1574 1933 1697 1980 non
1719 1934 1827 1998 per
1850 1934 1915 1980 se
1940 1915 2095 1981 satis
2125 1914 2466 1998 probabilis
2497 1913 2711 1979 haberi
2741 1915 2963 1998 possit,

695 2043 769 2089 ea
813 2028 1180 2093 auctoritate
1230 2028 1534 2093 iudicium
1584 2028 1855 2111 regatur.
1908 2027 2217 2109 epistulae
2268 2028 2479 2091 autem
2530 2046 2675 2091 cum
2726 2046 2965 2110 paucae

695 2137 942 2203 tantum
983 2139 1049 2203 in
1089 2138 1402 2204 codicibus
1442 2138 1575 2221 pari
1617 2140 1930 2204 uetustate
1978 2139 2401 2204 conmendatis
2442 2139 2702 2217 exstent,
2754 2140 2967 2221 prius-

697 2267 882 2330 quam
915 2250 1252 2329 tententur,
1283 2251 1522 2317 codices
1553 2252 1662 2333 qui
1694 2270 1727 2316 e
1750 2250 1974 2333 quibus
2006 2250 2358 2335 archetypis
2387 2270 2497 2333 per
2526 2270 2679 2334 quas
2712 2252 2965 2316 uicissi-

695 2360 944 2426 tudines
1003 2363 1176 2428 ducti
1234 2363 1361 2429 sint
1418 2364 1707 2428 accurate
1763 2362 1993 2427 debent
2048 2363 2443 2446 circumspici
2495 2364 2559 2427 et
2609 2363 2961 2447 ponderari.

695 2472 1126 2556 progredimur
1186 2474 1381 2558 igitur
1431 2473 1510 2538 ad
1561 2473 1835 2556 primum
1882 2473 2069 2539 huius
2120 2474 2559 2557 disputationis
2616 2476 2820 2556 caput,
2884 2474 2961 2537 ut

695 2585 1008 2667 explorata
1037 2586 1426 2670 singulorum
1458 2587 1740 2652 codicum
1770 2588 2006 2652 natura·
2026 2605 2147 2669 qua
2176 2588 2416 2652 ratione
2440 2588 2519 2652 ad
2544 2586 2959 2653 emendandos

691 2695 940 2762 libellos
982 2715 1133 2779 quos
1165 2697 1504 2781 Cyprianus
1550 2698 1735 2763 uocat
1778 2699 2083 2764 tractatus
2126 2698 2317 2783 uulgo
2360 2697 2701 2781 appellatos
2748 2699 2837 2764 eis
2870 2699 2959 2764 sit

694 2809 994 2874 utendum
1025 2827 1414 2892 quaeramus.

1444 3116 1735 3237 caput
1792 3117 2213 3236 primum.

625 3433 638 3446 ,
777 3367 986 3450 Atque
1045 3369 1209 3432 inter
1265 3387 1476 3434 omnes
1527 3367 1767 3433 codices
1822 3370 2095 3450 primum
2148 3368 2355 3432 locum
2410 3369 2473 3432 et
2526 3369 2844 3433 uetustate
2900 3369 2965 3433 et

691 3480 1053 3564 integritate
1082 3479 1322 3545 obtinet
1353 3481 1538 3545 codex
1563 3479 2021 3564 SeguierianuS,
2054 3499 2218 3545 nunc
2249 3479 2620 3544 Parisiensis
2650 3501 2710 3544 n.
2750 3479 2963 3546 10592

695 3590 804 3678 (=
849 3589 1061 3675 Suppl.
1107 3593 1244 3657 Lat.
1296 3593 1448 3676 712)
1493 3619 1573 3649 =
1618 3591 1677 3656 S.
1730 3592 1896 3657 hunc
1948 3592 2185 3658 librum
2239 3611 2382 3656 cum
2433 3591 2537 3656 hic
2586 3591 2721 3658 illic
2765 3593 2963 3658 inter-

689 3703 1224 3785 polatissimorum
1266 3706 1341 3768 ut
1382 3706 1516 3768 erat
1567 3705 1807 3768 amator
1855 3704 2161 3769 librorum
2204 3703 2499 3768 Baluzius
2552 3703 2961 3782 adhibuisset,

691 3814 769 3878 ad
818 3813 1063 3879 libellos
1106 3813 1216 3879 IV.
1263 3813 1340 3878 V.
1387 3814 1497 3879 VI.
1547 3813 1690 3880 VH.
1748 3815 2163 3897 discrepantes
2216 3815 2348 3880 eius
2400 3815 2735 3897 scripturas
2788 3817 2967 3881 tanta

691 3926 1086 4010 neglegentia
1125 3925 1456 4009 adscripsit
1485 3926 1841 4012 Krabinger
1884 3929 2115 4009 quanta
2156 3945 2256 3992 eas
2298 3927 2629 4010 diligentia
2658 3947 2731 3992 ex
2760 3927 2967 3992 codice

693 4035 1016 4101 Woelfflin
1058 4037 1485 4120 descripserat,
1541 4040 1716 4104 cuius
1758 4040 1848 4105 rei
1890 4040 1956 4104 in
1986 4041 2189 4106 multa
2230 4038 2421 4104 incidi
2466 4041 2767 4123 exempla,
2821 4059 2965 4105 cum

690 4148 1086 4245 collationem
1107 4150 1288 4215 illam
1311 4171 1498 4234 quam
1520 4153 1687 4217 inter
1707 4151 2082 4237 Krabingeri
2112 4171 2301 4216 manu
2332 4151 2563 4234 scripta
2592 4151 2967 4217 bibliotheca

691 4260 1079 4326 Monacensis
1130 4264 1408 4327 asseruat
1458 4263 1843 4346 inspicerem.
1902 4263 2033 4346 ipse
2078 4283 2132 4328 a.
2182 4263 2351 4344 1866
2395 4264 2460 4328 et
2508 4262 2673 4328 1868
2704 4263 2965 4328 Parisiis

693 4374 1111 4437 commoratus
1156 4393 1298 4439 cum
1345 4375 1578 4440 ceteros
1609 4373 1989 4441 Parisienses
2036 4375 2275 4441 codices
2320 4375 2458 4440 tum
2490 4372 2965 4459 Seguierianum

693 4463 942 4549 sumina
971 4503 1093 4566 qua
1115 4486 1210 4551 est
1232 4486 1460 4571 dignus
1491 4504 1640 4552 cura
1670 4489 1927 4553 excussi.
1962 4487 2138 4553 cuius
2167 4485 2315 4553 libri
2346 4486 2580 4552 litteris
2612 4479 2963 4553 uncialibus
