3217 5150
1322 517 1652 572 Carmina.
2095 493 2104 504 ι
2467 517 2595 584 297

741 675 1017 736 Gentibus
1044 675 1291 750 iniustis,
1324 675 1493 736 corda
1521 676 1583 734 in
1610 676 1743 749 quis
1773 675 1918 736 dura
1943 676 2202 736 timorem

577 778 699 839 165
741 780 1049 839 Deseruere
1076 779 1202 852 Dei,
1247 779 1517 839 caelestia
1544 778 1674 838 iura
1701 777 1890 838 uereri

740 883 919 957 Inque
948 899 1118 942 unum
1147 897 1336 941 rerum
1364 881 1666 941 Dominum
1695 897 1922 956 sperare
1951 881 2254 941 docebunt.

1286 1109 1692 1120 w

1226 1439 1336 1498 111.
1392 1437 1491 1497 DE
1537 1439 1747 1498 IONA.

744 1659 891 1742 Post
919 1680 1217 1741 Sodomam
1245 1683 1305 1739 et
1334 1681 1630 1743 Gomorum
1660 1681 1916 1740 uiuentis
1943 1681 2142 1740 funera
2169 1682 2230 1741 in
2258 1699 2479 1755 aeuum,

744 1783 821 1842 Et
851 1784 1101 1844 cinerum
1132 1784 1286 1844 senio
1318 1785 1549 1858 signata
1578 1784 1842 1844 incendia
1871 1801 2103 1859 poenae,

743 1887 819 1946 Et
848 1886 1065 1946 frustra
1092 1886 1233 1947 solis
1263 1886 1441 1946 oculis
1468 1888 1764 1948 nascentia
1791 1903 1972 1962 poma,

744 1990 821 2050 Et
848 1991 1065 2066 pariter
1094 1990 1233 2050 facti
1276 1993 1514 2050 mortem
1546 1991 1723 2051 maris
1754 1995 1813 2051 et
1834 1991 1975 2051 salis
2005 1991 2148 2066 illic,

657 2094 695 2153 5
740 2093 801 2152 Si
828 2093 965 2169 quid
993 2094 1159 2153 homo
1188 2095 1278 2154 est
1304 2111 1542 2168 poenam
1571 2097 1789 2154 mutato
1822 2111 2050 2169 corpore
2080 2081 2333 2167 seruatis,

644 2205 649 2210 “
744 2198 933 2258 Paene
964 2197 1110 2256 alios
1138 2197 1294 2272 ignis
1322 2197 1511 2270 superi
1542 2197 1866 2258 decusserat
1895 2196 2092 2257 imbris

745 2301 897 2362 Vrbe
926 2300 1093 2376 aequi
1121 2300 1371 2375 iustique
1400 2300 1554 2360 uiam
1580 2303 1940 2375 transgressa
1969 2300 2198 2360 Niniue.

750 2403 897 2463 Nam
920 2405 1048 2478 quis
1078 2405 1379 2464 subuersae
1409 2402 1587 2462 menti
1622 2405 1850 2462 metus?
1883 2403 2068 2462 omnia
2097 2405 2273 2478 uulgo

747 2506 1063 2567 Poenarum
1095 2507 1428 2566 documenta
1456 2509 1661 2564 uacant
1691 2506 1786 2564 ubi
1817 2505 2068 2581 possidet
2094 2523 2269 2566 error.

628 2611 707 2668 10
748 2610 829 2669 At
856 2610 1036 2669 bonus
1066 2611 1123 2669 et
1153 2610 1334 2670 nostri
1362 2610 1587 2683 patiens
1618 2612 1676 2667 et
1703 2609 1951 2683 plectere
1979 2626 2144 2669 serus

742 2712 1111 2789 Omnipotens
1142 2713 1417 2773 Dominus
1446 2712 1663 2772 nullam
1695 2711 2034 2798 iaculabitur
2063 2712 2228 2785 iram,

739 2814 819 2874 Ni
843 2815 1003 2890 prius
1032 2817 1329 2875 admoneat
1358 2817 1670 2891 durataque
1703 2818 1930 2889 pectora
1959 2816 2168 2891 pulset,

738 2920 1054 2993 Praesagos
1084 2919 1310 2992 agitans
1342 2922 1586 2993 augusta
1629 2924 1814 2979 mente
1845 2920 2176 2992 prophetas.

501 3225 604 3278 164
638 3222 794 3277 corda
837 3224 893 3277 in
932 3224 1053 3293 quis
1088 3225 1159 3285 A,
1195 3224 1315 3291 quis
1350 3222 1507 3277 corda
1542 3224 1653 3290 Hv,
1699 3224 1818 3293 quis
1865 3239 2079 3293 corpora
2113 3224 2184 3289 R,
2231 3224 2350 3293 quis
2386 3225 2598 3295 pectora

362 3311 507 3364 coni.
552 3310 824 3365 Cauchius
1062 3308 1265 3363 obdura
1300 3310 1395 3365 Hv
1611 3310 1712 3363 165
1747 3326 1788 3364 c.
1835 3310 1955 3363 iura
1989 3310 2162 3363 uereri
2193 3310 2324 3375 ΔΗ,
2363 3308 2428 3363 de
2462 3310 2608 3365 caelo

366 3396 511 3449 iurat
542 3397 715 3449 uereri
746 3396 817 3461 R,
854 3396 1105 3450 caelestia
1142 3398 1259 3450 iura
1292 3396 1433 3450 tueri
1469 3410 1501 3450 v
1693 3396 1794 3451 166
1829 3396 2057 3466 sperare]
2095 3412 2274 3449 curare
2297 3396 2425 3459 AR,
2461 3410 2606 3465 spec-

363 3466 559 3537 tare⁸v.
601 3492 661 3522 -·-
700 3482 779 3535 De
814 3480 1053 3535 Sodomis
1088 3481 1397 3549 explicitum
1424 3480 1491 3545 A,
1527 3480 1764 3549 Explicit
1801 3479 1864 3536 de
1899 3482 2126 3535 Sodoma
2161 3468 2254 3535 ue'i·
2281 3480 2498 3536 CLXVI
2520 3480 2600 3547 H,

364 3568 670 3639 Expliciunt
704 3582 886 3621 uersus
921 3567 1173 3637 Cypriani
1208 3566 1273 3622 de
1310 3566 1535 3621 Sodoma
1575 3567 1646 3622 R.
1686 3597 1754 3607 —
1875 3560 1888 3569 ⁶

498 3662 760 3717 De.Iona
794 3662 967 3749 ‘1⁶9²
1014 3662 1310 3717 Vossianus
1354 3663 1449 3716 lat.
1482 3665 1585 3729 86,-
1637 3663 1706 3727 cf:
1755 3662 1822 3715 L.
1861 3662 2070 3740 Mn-‘iller
2117 3662 2272 3716 Mus.
2319 3660 2497 3718 Rhea.
2539 3664 2614 3717 22

356 3765 419 3818 p.
462 3752 602 3815 340),
639 3749 779 3803 Item
824 3752 851 3801 t
874 3747 1072 3803 tuliani
1136 3748 1324 3801 deiona
1359 3748 1618 3817 propheta
1665 3753 1715 3801 Δ
1763 3750 1850 3815 (=
1895 3748 2010 3802 cod.
2068 3748 2496 3845 Vindpbommis
2544 3754 2616 3803 16

362 3852 501 3891 saec.
541 3836 679 3905 IX),
726 3836 948 3892 Carmen
992 3836 1057 3890 de
1102 3836 1235 3890 Iona
1280 3837 1337 3890 et
1368 3835 1571 3889 Niniue
1620 3835 1845 3889 Itu-etue
1879 3836 2159 3903 inscripsit
2193 3836 2290 3905 qui
2325 3851 2392 3890 ex
2427 3835 2608 3890 codice

366 3922 435 3977 P.
488 3922 707 3977 Pithoei
748 3922 969 3991 primus
1020 3922 1118 3977 hoc
1171 3939 1389 3976 carmen
1446 3921 1622 3977 edidit
1677 3922 1828 3989 (bibl.
1875 3927 2025 3990 patr.
2085 3927 2206 3977 tom.
2273 3920 2485 3990 VIII).
2542 3952 2614 3962 —
2709 3966 2714 3980 .

367 4008 398 4061 1
431 4024 737 4078 gomorram
775 4014 825 4062 Δ
1044 4009 1079 4061 2
1116 4009 1345 4062 cinerem
1385 4008 1440 4061 A
1655 4008 1691 4061 4
1724 4006 1860 4061 tacti
1895 4008 2002 4060 ΑΛ
2218 4008 2254 4062 5
2285 4024 2455 4078 poena
2487 4007 2546 4064 A

364 4096 565 4149 mutati
610 4094 811 4151 Oehler
1025 4096 1059 4149 6
1092 4110 1257 4164 poene
1292 4095 1347 4148 A
1551 4094 1706 4163 ignes
1741 4110 1775 4149 v
1990 4094 2022 4149 7
2057 4094 2204 4148 uiam
2237 4095 2359 4162 ΔΛ,
2396 4094 2614 4149 fuerant

364 4179 481 4234 cod.
508 4180 742 4247 Pithoei,
778 4180 957 4236 forum
978 4181 1071 4236 uel
1104 4181 1236 4234 fines
1259 4182 1400 4235 coni.
1426 4181 1692 4237 Pithoeus
1895 4181 2085 4234 nineue
2108 4182 2216 4236 ΔΛ
2419 4182 2455 4235 8
2489 4181 2612 4250 quis

368 4271 434 4329 A,
470 4267 563 4333 qui
596 4269 650 4321 A
900 4269 935 4323 9
968 4270 1163 4322 uacant
1199 4273 1265 4332 A,
1300 4270 1493 4322 uocant
1528 4267 1584 4321 A
1828 4282 1943 4321 erro
1975 4267 2030 4321 A
2286 4266 2356 4321 10
2389 4266 2458 4321 ad
2490 4267 2547 4321 A

366 4354 423 4405 et
452 4352 681 4420 plectere
714 4372 759 4411 s.
794 4372 843 4409 o.
879 4355 1125 4410 dominus
1160 4371 1260 4409 om.
1298 4355 1353 4409 A
1622 4355 1687 4409 13
1721 4355 1952 4423 angusta
1987 4354 2212 4409 Iuratus
2485 4368 2610 4423 pro·

366 4438 585 4507 phetam
617 4442 732 4497 cod.
768 4442 917 4497 Pith.
