3217 5150
819 510 910 564 De
943 506 1289 562 montibus
1325 508 1488 562 Sina
1524 510 1590 563 et
1626 507 1789 561 Sion
1837 524 1881 562 c.
1920 510 2069 565 7-9.
2443 515 2564 577 113

307 668 526 729 factum
568 684 692 728 esse
747 672 936 727 terrae
977 670 1190 728 motum
1241 670 1298 727 et
1340 667 1484 728 caeli
1529 668 1813 743 fragorem
1841 669 2117 742 prostrati
2145 668 2291 729 facie
2318 668 2381 727 in
2410 672 2567 731 terra

313 774 664 854 plangentes
685 772 748 830 in
767 772 984 831 luctum
1005 771 1265 832 conuersi
1287 773 1440 843 sunt,
1469 773 1529 831 et
1550 772 1614 830 in
1632 772 1817 846 ipsam
1838 788 2001 831 suam
2026 773 2347 846 passionem
2376 773 2564 847 inple-

321 876 414 935 uit
439 875 834 951 propheticum
865 874 1114 935 dictum:
1160 877 1232 933 et
1273 878 1690 935 conuertam
1732 874 1889 935 dies
1932 874 2167 936 festos
2209 893 2449 936 eorum
2492 877 2567 935 in

314 979 594 1040 luctum
639 981 710 1039 et
767 979 1060 1039 cantica
1121 996 1361 1040 eorum
1418 978 1492 1037 in
1533 978 2155 1041 lamentationem.
2224 981 2357 1039 ante
2417 980 2566 1040 enim

265 1102 291 1141 s
324 1099 458 1143 cum
501 1082 716 1157 captiui
759 1083 978 1143 detenti
1019 1084 1212 1143 essent
1261 1099 1296 1141 a
1339 1078 1681 1157 BabyloneS,
1726 1081 1991 1141 <licebant
2032 1081 2155 1141 illis
2204 1082 2562 1157 Babylonos:

313 1188 612 1247 cantate
657 1184 876 1246 nobis
920 1185 1212 1246 cantica
1253 1187 1333 1245 de
1377 1185 1701 1246 canticis
1745 1185 1942 1258 Sion,
1999 1188 2059 1245 et
2107 1185 2305 1245 Iudaei
2348 1186 2566 1245 lamen-

321 1290 524 1349 tantes
573 1289 964 1364 captiuitatem
1007 1306 1171 1349 snam
1213 1289 1476 1349 dicebant
1517 1290 1592 1347 ad
1630 1288 1952 1364 Babylonos
1978 1291 2045 1349 ut
2074 1287 2317 1347 diximus
2348 1288 2565 1349 lamen-

315 1394 515 1452 tantes
593 1410 686 1453 se:
764 1392 1104 1465 quomodo
1179 1392 1645 1452 cantabimus
1716 1391 2079 1452 canticum
2140 1392 2429 1453 Domini
2493 1392 2567 1451 in

309 1496 520 1554 terra
561 1495 824 1556 aliena.

239 1620 296 1660 ιο
413 1597 560 1657 Ecce
615 1578 894 1672 quatenus
944 1599 1206 1673 conpleta
1255 1600 1346 1659 est
1395 1599 1789 1673 interpretatio
1836 1598 2045 1659 montis
2074 1599 2209 1659 Sion
2242 1587 2567 1673 ‘temptatio
2588 1607 2626 1665 9

323 1701 778 1761 exacerbationis
807 1706 866 1761 et
895 1691 1212 1776 speculatio’
1229 1747 1242 1761 .
1289 1702 1437 1763 unde
1465 1702 1833 1763 manifestum
1862 1706 1951 1763 est
1980 1701 2115 1763 Sion
2143 1705 2393 1763 montem
2421 1701 2569 1777 ligni

323 1802 480 1863 sacri
521 1820 761 1879 regnum
807 1820 932 1863 esse
959 1804 1022 1863 in
1049 1805 1354 1865 sanctitate
1383 1805 1749 1865 iustificatum
1778 1805 2003 1865 dicente
2036 1805 2253 1865 Dauid:
2300 1806 2437 1865 adn
2450 1822 2568 1863 un-

311 1906 508 1965 tiate
554 1924 854 1983 regnum
894 1908 1026 1968 Dei
1068 1908 1141 1967 in
1185 1908 1564 1983 gentibus,
1622 1908 1795 1983 quia
1836 1908 2178 1969 Dominus
2219 1906 2569 1982 regnauit

319 2011 406 2071 de
448 2010 652 2086 ligno
697 2013 769 2071 et
811 2010 1180 2071 transiuit
1223 2012 1296 2070 in
1337 2012 1701 2086 gentibue.
1733 2013 1803 2072 de
1832 2028 1942 2087 quo
1972 2029 2147 2086 regno
2177 2011 2325 2085 ligni
2354 2009 2569 2085 regalis

241 2133 294 2173 ιε
327 2114 486 2175 idem
544 2116 822 2190 propheta
881 2114 1050 2175 dicit:
1110 2132 1240 2190 ego
1299 2118 1536 2175 autem
1592 2114 1753 2175 dico
1808 2114 2049 2175 uobis:
2113 2114 2570 2174 constitutus

319 2235 478 2278 snm
547 2236 669 2279 rex
713 2220 798 2279 ab
841 2236 917 2279 eo
961 2234 1176 2292 super
1219 2218 1387 2277 Sion
1451 2220 1759 2279 montem
1824 2220 2152 2278 sanctum
2210 2218 2397 2290 eius,
2454 2218 2569 2277 ad-

313 2323 674 2383 nuntians
719 2323 1102 2399 imperium
1145 2322 1327 2383 eius.
1373 2341 1541 2397 quem
1569 2323 1781 2383 dictum
1824 2323 2087 2399 propheti
2132 2339 2259 2382 cum
2288 2338 2391 2397 per
2418 2322 2570 2381 Pon-

317 2426 406 2485 tio
457 2426 648 2487 Pilato
679 2427 738 2485 in
789 2444 948 2487 suam
998 2426 1318 2500 passionem
1371 2425 1625 2501 pendens
1663 2425 1726 2483 in
1776 2425 1936 2499 ligno
1977 2424 2283 2501 conpleuit,
2330 2424 2570 2485 Pontius

329 2528 560 2591 Pilatus
603 2529 869 2606 impulita
909 2532 1096 2591 monte
1125 2547 1160 2590 a
1189 2530 1308 2590 Deo
1353 2529 1572 2604 accepit
1618 2529 1875 2590 tabulam
1900 2532 1959 2590 et
1987 2528 2221 2590 titulum
2250 2531 2310 2588 et
2338 2528 2574 2604 scripsit

237 2635 512 2695 ‚otribus
560 2634 776 2708 linguis
817 2635 1078 2695 hebreice
1122 2650 1322 2709 graece
1363 2636 1422 2693 et
1461 2632 1671 2694 latine:
1714 2647 1923 2694 msvs.
1962 2647 2383 2694 anmnvs.
2414 2647 2570 2694 m.

321 2752 742 2801 IVDAEORVM
783 2741 846 2798 et
887 2739 948 2798 in
991 2737 1177 2812 capite
1236 2736 1383 2811 ligni
1435 2736 1618 2797 clauis
1674 2736 1929 2796 tabulam
1989 2733 2116 2796 cum
2168 2752 2374 2796 nomen
2415 2735 2572 2810 regis

323 2842 668 2902 Iudaeorum
698 2841 932 2902 confixit
959 2845 1018 2901 et
1046 2839 1440 2902 manifestauit
1467 2841 1859 2917 propheticum
1882 2840 2096 2900 dictum
2124 2855 2189 2900 eo
2219 2839 2369 2916 quod
2398 2838 2573 2913 spiri-

453 3128 489 3182 3
521 3127 701 3183 Amos.
741 3127 791 3194 8,
831 3128 914 3183 10.
1279 3127 1314 3180 6
1347 3126 1435 3180 Ρε.
1476 3127 1592 3191 136,
1634 3125 1684 3180 3.
1718 3126 1772 3179 4.
2136 3126 2205 3179 12
2238 3125 2328 3181 Ps.
2365 3123 2450 3200 96,
2488 3122 2568 3177 10.

309 3214 386 3268 15
419 3213 506 3268 Ps.
543 3214 594 3280 2,
627 3215 677 3268 6.
715 3215 766 3272 7.

462 3491 495 3543 1
531 3489 744 3559 fragore
781 3489 868 3559 Τμ
1107 3487 1262 3557 facie]
1299 3490 1358 3541 in
1394 3488 1582 3542 faciem
1619 3505 1653 3542 v
1890 3489 2087 3541 terram
2124 3485 2201 3540 M
2446 3484 2482 3540 2
2515 3484 2573 3538 in

323 3593 434 3632 om.
480 3578 530 3630 T
752 3575 872 3645 ipsa
907 3593 981 3645 μυ
1204 3591 1300 3629 sua
1332 3592 1423 3645 μυ,
1457 3590 1560 3630 om.
1595 3575 1671 3629 M
1870 3573 2117 3642 passione
2149 3587 2224 3640 μυ
2430 3585 2573 3624 com·

319 3663 504 3734 pleuit
536 3663 680 3732 Μμυ
884 3661 920 3716 3
955 3664 1012 3716 et
1044 3677 1143 3716 om.
1187 3663 1274 3731 Τμ
1489 3662 1525 3716 5
1560 3661 1610 3730 a]
1649 3661 1705 3714 in
1741 3677 1775 3716 v
1978 3657 2269 3727 babylones
2310 3658 2373 3721 T,
2407 3655 2574 3725 baby-

311 3753 448 3807 lone
481 3751 625 3820 Μμυ
915 3748 1164 3804 dicebant
1199 3748 1313 3802 illis
1349 3746 1625 3816 babylonii
1659 3761 1759 3802 om.
1796 3746 1867 3800 M
2161 3741 2438 3812 babylonii
2471 3758 2506 3796 υ

329 3839 372 3893 6
407 3837 676 3891 canticum
710 3856 750 3906 μ
993 3837 1024 3892 7
1060 3835 1129 3890 ad
1162 3834 1234 3904 b.]
1271 3833 1572 3904 babyloniis
1605 3850 1642 3889 v
1868 3832 2226 3885 lamentantes
2260 3830 2335 3899 se]
2372 3829 2575 3882 lamen-

311 3927 467 3978 tasse
506 3924 558 3976 T
814 3923 849 3977 8
883 3922 1167 3990 quomodo]
1205 3907 1309 3990 qub
1345 3941 1384 3989 μ
1650 3919 1987 3973 cantauimus
2021 3919 2106 3981 M,
2152 3917 2431 3971 cantamus
2466 3934 2506 3984 μ

325 4011 401 4065 11
435 4011 671 4064 montem
708 4010 826 4064 sion
859 4026 895 4064 v
1123 4008 1189 4062 12
1224 4023 1337 4062 esse
1371 4023 1472 4062 om.
1509 4006 1618 4075 Μμ
1835 4005 1902 4059 14
1936 4003 2018 4073 de]
2055 4019 2089 4057 a
2122 4020 2195 4073 μυ
2398 4004 2575 4055 trans·

313 4094 432 4152 ibit
453 4117 494 4166 μ
713 4096 915 4166 regales
937 4096 1010 4149 M
1016 4098 1050 4161 ¹,
1089 4095 1296 4163 relegas
1322 4094 1372 4148 T
1607 4094 1677 4146 15
1707 4091 1877 4146 isdem
1910 4093 1962 4144 T
2170 4087 2306 4144 dicit
2339 4104 2441 4144 om.
2466 4108 2507 4156 μ

318 4183 450 4238 dico
485 4182 638 4238 uobis
673 4198 778 4238 om.
813 4199 848 4237 v
1033 4182 1100 4238 16
1135 4180 1424 4236 adnuntias
1462 4180 1513 4234 T
1705 4179 1769 4232 17
1806 4194 1963 4247 quem
1996 4177 2201 4246 MTp),
2237 4175 2376 4244 quod
2410 4175 2509 4243 μύ

315 4269 572 4339 pontium
606 4267 842 4338 pilatum
875 4268 1046 4337 Μ’μυ
1377 4266 1444 4320 18
1477 4282 1575 4319 sua
1607 4264 1855 4334 passione
1888 4263 2061 4332 Μ’μυ
2372 4259 2439 4314 19
2473 4259 2574 4314 im-

317 4355 509 4428 pulita
545 4355 722 4422 ΜΤμ,
757 4353 992 4424 impulsa
1022 4371 1057 4410 v
1268 4352 1513 4407 tabulum
1554 4351 1605 4406 T
1814 4353 1871 4405 et
1904 4349 2142 4418 scripsit]
2179 4347 2397 4417 scripsit
2430 4363 2505 4416 μυ

303 4443 384 4499 21
423 4441 638 4496 nomine
673 4441 845 4511 M'uv
1049 4439 1118 4494 22
1153 4439 1408 4494 confinxit
1446 4438 1533 4507 Τμ
1738 4437 1811 4506 et]
1847 4440 1904 4490 et
1936 4439 2067 4490 tunc
2102 4437 2204 4492 Mv

519 4547 603 4594 111
638 4547 686 4593 Δ
2122 4529 2160 4586 8
