3217 5150
685 531 768 594 52
1621 530 1983 599 Appendix.

683 686 876 746 oculos
917 689 977 747 et
1016 689 1306 761 aspectum
1351 686 1602 747 diuinum
1644 687 1787 748 illud
1830 689 1973 748 mihi
2016 692 2073 749 et
2110 691 2335 765 insigne
2379 695 2691 752 concurrit:
2740 693 2947 753 uideor

685 791 916 864 inquam
957 789 1098 850 mihi
1137 789 1252 848 iam
1303 805 1530 850 cernere
1557 794 1624 850 ut
1652 790 1751 850 ille
1800 809 1968 852 uerus
2018 793 2227 852 nobilis
2278 811 2543 855 numerus
2586 795 2804 854 Christi
2847 797 2943 856 sui

685 893 925 968 gloriam
967 892 1184 967 iterque
1223 893 1540 953 comitetur.
1585 894 1693 952 ibit
1734 897 1866 955 ante
1912 913 2011 956 ora
2050 896 2174 955 eius
2224 895 2364 956 felix
2393 900 2623 957 caterua
2652 899 2939 958 uictorum

683 999 742 1056 et
771 1013 832 1055 se
863 996 1232 1057 densantibus
1261 998 1466 1058 turmis
1497 998 1655 1057 uelut
1684 997 1823 1058 solis
1854 1001 2052 1059 exortu
2080 1003 2263 1060 totum
2294 1001 2694 1060 inluminatum
2726 1018 2939 1075 agmen

683 1099 892 1160 inferet
930 1103 1290 1174 potestatem.
1335 1104 1394 1160 et
1433 1101 1653 1160 utinam
1692 1101 2014 1174 perabiecto
2044 1102 2347 1176 aliquando
2378 1103 2534 1163 istud
2564 1103 2706 1162 mihi
2734 1103 2939 1164 uidere
2958 1119 2985 1156 ⁵

684 1199 1010 1276 contingat:
1057 1205 1158 1264 sed
1211 1206 1318 1265 hoc
1358 1203 1633 1264 Dominus
1662 1205 1887 1278 'poterit
1940 1204 2164 1265 efficere
2208 1207 2357 1279 quod
2398 1207 2562 1267 uobis
2602 1207 2941 1280 petentibus

683 1305 931 1367 creditur
959 1324 1072 1366 non
1102 1324 1328 1381 negare.

1614 1497 1991 1510 Ἥ

1177 1822 1366 1920 IIII.
1444 1823 1593 1920 AD
1668 1821 2435 1923 NOVATIANVM.

625 2182 657 2239 1
767 2151 1064 2246 Cogitanti
1105 2171 1247 2231 mihi
1288 2175 1348 2231 et
1397 2171 1835 2233 intolerabiliter
1872 2173 2057 2232 animo
2110 2175 2393 2234 aestuanti
2437 2175 2705 2249 quidnam
2759 2191 2940 2262 agere-

681 2277 938 2336 deberem
979 2275 1048 2335 de
1101 2275 1435 2334 miserandis
1477 2275 1750 2334 fratribus
1792 2275 1889 2350 qui
1920 2276 2204 2337 uulnerati
2232 2296 2346 2338 non
2376 2279 2601 2352 propria
2632 2278 2933 2338 uoluntate
2954 2299 3009 2337 ιο

678 2380 777 2440 sed
807 2379 1020 2439 diaboli
1055 2377 1361 2438 saeuientis
1385 2377 1703 2452 inruptione
1727 2379 1910 2438 adhuc
1934 2397 2109 2454 usque
2140 2381 2246 2441 hoc
2276 2384 2363 2440 est
2391 2399 2491 2456 per
2521 2381 2749 2456 longam
2782 2385 2931 2440 tem-

676 2501 874 2559 porum
923 2483 1127 2542 seriem
1178 2482 1413 2556 agentes
1459 2499 1670 2557 poenas
1722 2483 1939 2554 darent,
1994 2499 2119 2541 ecce
2173 2501 2239 2543 ex
2292 2484 2528 2544 aduerso
2576 2484 2813 2544 obortus
2842 2486 2951 2543 est.

678 2588 824 2648 alius
852 2588 1037 2647 hostis
1067 2590 1124 2646 et
1147 2584 1328 2660 ipsius
1356 2588 1626 2660 paternae
1653 2585 1883 2658 pietatis
1913 2586 2272 2645 aduersarius
2299 2586 2615 2647 haereticus
2646 2586 2931 2647 Nouatia-

676 2712 813 2752 nus:
861 2691 958 2765 qui
988 2707 1100 2749 non
1139 2692 1362 2748 tantum
1377 2734 1391 2760 ,
1434 2690 1499 2747 ut
1540 2690 1596 2746 in
1629 2688 1921 2762 euangelio
1970 2688 2350 2763 significatum
2394 2692 2523 2761 est,
2556 2688 2707 2749 sicut
2736 2707 2932 2750 sacer-

678 2796 779 2854 dos
831 2792 923 2853 uel
975 2792 1205 2851 Leuites
1255 2792 1532 2851 iacentem
1584 2790 1944 2850 uulneratum
1984 2792 2338 2864 praeteriret,
2392 2791 2493 2851 sed
2533 2792 2831 2866 ingeniosa
2860 2811 2931 2853 ac
2950 2815 3003 2853 ιε

673 2914 823 2957 nona
872 2896 1212 2957 crudelitate
1257 2895 1570 2954 sauciatum
1622 2894 1811 2967 potius
1864 2894 2139 2954 occideret
2180 2896 2475 2954 adimendo
2506 2912 2664 2969 spem
2694 2896 2929 2967 salutis,

677 3000 1006 3077 denegando
1062 2996 1504 3057 misericordiam
1561 2997 1783 3071 patrie,
1856 2997 2169 3071 respuendo
2239 2998 2647 3073 paenitentiam
2706 2998 2929 3060 fratris,

673 3105 878 3164 mirum
934 3105 1070 3177 quot
1121 3101 1344 3172 acerba,
1394 3104 1532 3175 quot
1583 3118 1805 3174 aspera,
1860 3104 2001 3175 quot
2050 3118 2319 3173 peruersa
2366 3104 2519 3160 sunt.
2566 3102 2668 3160 sed
2698 3101 2933 3161 facilius

675 3208 802 3282 quis
853 3207 914 3265 in
965 3206 1151 3266 alieno
1203 3204 1362 3265 oculo
1415 3203 1693 3264 festucam
1744 3204 2050 3278 prospiciet
2092 3222 2259 3279 quam
2300 3204 2359 3261 in
2404 3221 2505 3264 suo
2535 3204 2775 3264 trabem.
2824 3221 2933 3263 nos

812 3426 842 3479 1
881 3426 1097 3492 aspectu
1134 3423 1306 3477 diuini
1342 3422 1478 3492 (diui
1521 3422 1589 3489 Τ)
1627 3423 1753 3478 ΜΤ
2016 3422 2153 3477 illud
2189 3422 2431 3475 diuinum
2468 3422 2520 3475 L
2795 3422 2927 3475 insi-

674 3527 832 3582 gnem
868 3513 995 3566 MT
1263 3512 1298 3563 2
1333 3510 1389 3563 in
1425 3524 1531 3577 qua
1572 3510 1624 3564 Τ
1889 3526 2042 3563 uerus
2078 3526 2178 3563 om.
2217 3508 2291 3577 N,
2326 3508 2470 3563 uiros
2511 3509 2571 3571 Τ,
2610 3522 2736 3561 uere
2776 3506 2862 3561 Lv

672 3598 709 3652 4
745 3596 1110 3664 densantibus]
1148 3596 1212 3650 de
1249 3596 1447 3649 sanctis
1487 3596 1542 3661 S,
1578 3596 1644 3650 de
1678 3594 1957 3650 sanatibus
1996 3595 2123 3649 MT
2406 3594 2631 3647 exhorta
2668 3594 2745 3659 N,
2784 3609 2929 3647 exor-

673 3687 791 3738 tum
829 3683 895 3738 S¹
1102 3684 1281 3737 totum
1319 3698 1419 3735 om.
1461 3682 1506 3737 S
1704 3682 1738 3735 5
1774 3680 2014 3735 inferant
2055 3682 2107 3737 Τ
2306 3682 2633 3749 potestatum
2660 3678 2737 3745 N,
2775 3682 2926 3748 pote-

675 3770 806 3824 stati
845 3770 892 3824 s
931 3752 940 3763 ’
1159 3768 1443 3837 anquando
1479 3784 1578 3822 om.
1618 3766 1883 3822 LMNTv
2162 3766 2299 3820 mihi
2333 3764 2481 3819 istud
2517 3763 2751 3829 LMNv,
2788 3764 2925 3819 mihi

675 3856 860 3911 studui
901 3856 952 3910 Τ
1219 3855 1252 3908 6
1286 3856 1604 3924 contingant
1644 3855 1695 3909 T
1963 3851 2293 3923 petentibus]
2330 3850 2732 3922 poenitentibus
2777 3850 2830 3905 Τ
2862 3880 2923 3889 -

673 3942 752 3996 De
807 3940 1027 4008 (Caecili
1073 3940 1328 4009 Cypriani
1371 3939 1436 3994 de
1473 3940 1536 4008 S)
1591 3938 1750 3993 laude
1804 3938 2049 4007 martyrii
2102 3938 2319 4006 explicit
2371 3936 2625 4005 (feliciter
2678 3936 2811 3991 add.
2861 3934 2927 4004 S)

674 4026 1012 4183 LMIIanziqpit
1046 4111 1113 4166 ad
1147 4112 1514 4167 Nouatianum
1550 4113 1616 4167 K
1641 4112 1740 4178 fol.
1776 4114 1857 4175 76,
1894 4109 1977 4165 Ad
2014 4108 2381 4163 Nouatianum
2416 4108 2746 4162 haereticum
2784 4106 2927 4176 quod

673 4200 839 4271 lapsis
875 4216 992 4269 spes
1038 4200 1222 4254 ueniae
1272 4216 1378 4254 non
1413 4202 1496 4253 est
1530 4196 1837 4269 deneganda
1890 4196 2163 4250 Eraswms
2195 4196 2294 4265 qui
2314 4212 2363 4249 a.
2390 4198 2529 4249 1519
2560 4194 2778 4261 primus
2816 4192 2929 4247 edi-

674 4288 756 4343 ait
791 4286 1043 4341 libellum.
1083 4316 1148 4326 —
1184 4285 1251 4339 12
1287 4286 1508 4341 oborsus
1545 4285 1611 4338 K
1794 4282 1861 4335 13
1896 4281 1968 4350 et]
2004 4281 2063 4335 in
2100 4281 2166 4335 K
2359 4280 2426 4333 15
2462 4280 2732 4332 tacentem
2770 4278 2859 4332 Κι

671 4373 947 4442 ingeniose
981 4372 1046 4426 K
1177 4372 1244 4425 18
1283 4370 1434 4440 quot]
1471 4369 1601 4439 quid
1639 4369 1705 4422 K
1732 4374 1819 4421 ter
1955 4382 2143 4420 acerna
2178 4366 2244 4420 K
2383 4364 2450 4418 19
2486 4362 2628 4432 quis]
2665 4364 2762 4432 qui
2798 4364 2865 4418 K

671 4458 926 4529 perspicit
955 4472 990 4513 v
