3217 5150
673 525 797 593 116
1613 518 1981 589 Appendix.

670 680 868 741 exiet
908 681 1056 754 101,
1119 683 1191 741 ot
1232 680 1527 740 uerbum
1571 677 1861 739 Domini
1904 679 1991 739 ab
2032 678 2517 740 Hierusalem.
2572 679 2724 741 aicit
2774 657 2947 739 Ηεεέ

667 784 936 842 malem
987 783 1056 842 de
1107 784 1264 845 eaelo
1313 784 1746 844 descendentem
1794 798 2003 841 nouam
2054 781 2368 855 ciuitatem,
2440 782 2775 857 quadratam
2828 801 2933 858 per

670 889 938 961 quattuor
989 886 1289 961 euangelia
1313 930 1328 959 ,
1385 886 1602 947 habens
1662 885 1957 945 duodecim
2006 885 2377 947 fundamenta
2430 886 2725 947 duodecim
2794 904 2932 961 pro·-

667 992 972 1065 phetarum
1022 994 1083 1049 et
1124 988 1420 1049 duodecim
1471 992 1669 1063 portas
1720 988 2015 1049 duodecim
2067 989 2486 1063 apostolorum:
2546 1006 2650 1065 per
2688 1007 2931 1065 quorum

667 1092 1156 1153 adnuntiationem
1198 1092 1498 1153 christiani
1541 1090 1604 1149 in
1646 1092 1795 1151 hano
1849 1091 2140 1153 ciuitatem
2192 1094 2449 1152 sanctam
2486 1096 2549 1153 et
2585 1110 2793 1153 nouam
2832 1093 2929 1153 in-
2948 1114 2977 1153 ⁵

666 1196 965 1269 troierunt,
998 1212 1143 1269 quae
1175 1195 1464 1269 spiritalis
1493 1196 1582 1254 est
1611 1192 1869 1255 eeclesia.

569 1302 600 1359 1
613 1300 644 1357 1
753 1298 900 1359 Ecoe
946 1298 1314 1373 probauimus
1357 1314 1458 1372 per
1487 1297 1737 1357 omnium
1778 1298 2187 1373 seripturarum
2233 1297 2559 1359 deificarum
2601 1297 2773 1359 fldem
2814 1298 2929 1359 duo

665 1404 888 1463 montes
923 1401 1060 1461 Sina
1101 1402 1162 1461 in
1207 1403 1363 1461 terra
1390 1403 1451 1459 et
1479 1398 1616 1461 Sion
1646 1399 1708 1459 in
1736 1399 1895 1461 caelo
1924 1400 2163 1461 duorum
2192 1402 2663 1463 testamentorum
2692 1405 2925 1476 portare

663 1505 924 1581 figuram,
955 1505 1167 1565 ueteris
1199 1504 1335 1564 Sina
1363 1507 1424 1563 et
1451 1502 1586 1563 noui
1616 1502 1784 1565 Sion:
1814 1520 1887 1563 ex
1915 1503 2121 1579 quibus
2151 1504 2373 1564 duobus
2402 1504 2708 1578 montibus,
2758 1505 2929 1565 uide-

665 1608 802 1669 lieet
832 1607 1053 1668 duobus
1081 1606 1444 1667 testamentis
1473 1606 1775 1680 posteriori
1804 1608 2055 1681 tempore
2084 1607 2508 1669 demonstratos
2536 1610 2597 1666 et
2626 1606 2927 1681 depalatos
2948 1623 3007 1663 ιο

663 1713 804 1771 duos
834 1710 1093 1785 populos,
1147 1712 1396 1771 ueterem
1425 1712 1486 1769 et
1525 1711 1772 1783 priorem
1802 1708 2139 1771 Iudaeorum
2194 1712 2255 1768 et
2305 1727 2515 1770 nouum
2543 1712 2604 1769 et
2642 1710 2929 1785 posterio-

663 1830 782 1875 rem
841 1812 1112 1889 populum
1173 1812 1641 1873 christianorum:
1716 1812 1957 1873 Iudaeos
2008 1816 2264 1873 terrenos
2315 1812 2523 1888 quibus
2574 1815 2729 1872 terra
2790 1831 2929 1887 pro-

663 1918 840 1977 missa
868 1934 904 1977 a
956 1917 1074 1977 Deo
1127 1912 1492 1996 (aooeperunt
1543 1914 1830 1993 carnales)
1884 1918 1944 1976 et
1994 1916 2339 1976 christianos
2389 1916 2665 1977 caelestes
2716 1916 2929 1991 quibus

664 2036 844 2095 regua
894 2019 1182 2081 caelorum
1211 2038 1247 2079 a
1274 2020 1392 2081 Deo
1445 2020 1731 2094 promissa
1782 2019 2094 2095 (accepturi
2148 2022 2285 2079 sunt
2328 2019 2391 2079 in
2420 2019 2611 2080 futuro
2640 2015 2923 2102 saeculo).

665 2141 795 2184 oaro
826 2123 976 2183 enim
1007 2123 1444 2184 christianorum
1469 2123 1751 2198 spiritalis
1780 2126 1839 2183 et
1868 2122 2188 2183 inmortalis
2216 2123 2347 2182 erit.
2942 2146 2999 2183 ιε

563 2224 642 2281 12
753 2226 944 2287 Aliam
965 2226 1358 2301 probationem
1377 2226 1646 2288 ueritatis
1670 2226 1969 2301 seripturis
1990 2224 2283 2301 positam
2295 2243 2366 2286 ex
2386 2240 2457 2285 ea
2466 2226 2769 2287 ueritatem
2792 2243 2925 2287 cae-

665 2329 868 2390 lestem
911 2327 1250 2402 spiritalem.
1297 2328 1537 2389 facimus
1567 2329 1874 2403 figuratam
1904 2328 2379 2403 comparationem
2408 2328 2479 2388 de
2520 2328 2695 2389 huius
2724 2330 2925 2389 mundi

667 2448 964 2494 conuersa.
1013 2432 1257 2493 diximus
1297 2432 1450 2493 enim
1477 2432 1689 2493 montis
1719 2432 1905 2492 saneti
1934 2432 2066 2492 Sion
2095 2431 2247 2506 quod
2275 2430 2499 2506 lignum
2555 2432 2813 2512 regalem
2864 2435 2925 2493 et

666 2552 886 2598 sacrum
936 2536 1148 2598 habere
1177 2534 1704 2611 interpretationem
1744 2536 1815 2596 de
1865 2534 2143 2598 Hebreioo
2174 2534 2235 2594 in
2264 2534 2473 2596 Graeco
2502 2533 2596 2596 uel
2624 2534 2687 2595 in
2714 2535 2923 2596 Latino

657 2632 984 2716 ‘temptatio
1013 2639 1464 2702 exacerbationis
1491 2643 1552 2700 et
1581 2626 1930 2715 speculatio:
1958 2655 2024 2700 eo
2046 2640 2197 2714 quod
2224 2639 2295 2699 de
2322 2637 2479 2714 ligno
2513 2636 2922 2714 speculabatur
2936 2661 3003 2704 no

665 2747 798 2804 ante
831 2760 892 2802 se
921 2746 1145 2803 stantes
1174 2743 1352 2802 bonos
1381 2746 1442 2802 et
1469 2741 1670 2803 malos.

566 2854 646 2913 13
753 2847 846 2906 Ita
875 2845 1195 2906 inuenimus
1225 2845 1412 2920 ipsum
1443 2846 1785 2908 saluatorem
1828 2863 1931 2922 per
1962 2847 2315 2908 Salomonem
2346 2845 2635 2921 speculum
2664 2846 2921 2906 inmaeu-

662 2949 846 3009 latum
876 2949 1060 3023 patris
1087 2965 1214 3010 esse
1243 2949 1478 3024 dietum,
1520 2967 1586 3010 eo
1616 2951 1767 3025 quod
1796 2953 2027 3011 sanetus
2058 2951 2296 3026 spiritns
2326 2951 2431 3011 Dei
2477 2949 2629 3010 filius
2659 2951 2923 3024 gemina-

798 3186 834 3238 4
869 3184 935 3238 cf.
973 3186 1137 3254 Apoo.
1175 3185 1262 3249 21,
1297 3184 1348 3237 2.

802 3409 832 3461 1
869 3409 1000 3462 exiit
1025 3408 1075 3462 T
1210 3407 1347 3462 dicit
1381 3407 1703 3463 hierusalem
1726 3410 1938 3478 cer-pei,
1972 3409 2295 3464 hierusalem
2328 3411 2467 3466 dicit
2487 3427 2536 3477 v,
2561 3426 2665 3466 σω.
2690 3411 2767 3466 Μ
2766 3414 2855 3483 Τμ.

662 3493 698 3548 3
731 3493 1017 3548 habentem
1050 3511 1084 3549 v
1335 3494 1371 3548 4
1404 3496 1462 3548 et
1495 3509 1596 3548 om.
1632 3510 1665 3549 v
1910 3494 1947 3548 5
1979 3493 2391 3551 adnuntiatione
2428 3497 2479 3550 T
2726 3496 2923 3552 christi

662 3579 823 3648 ΜΤμ,
1029 3581 1269 3634 sanctam
1303 3594 1402 3634 om.
1444 3579 1496 3633 T
1697 3579 1729 3634 ‘1
1763 3579 1897 3636 duos
1931 3597 2006 3650 μυ
2190 3583 2225 3636 9
2258 3581 2433 3651 figura
2467 3581 2593 3636 ΜΤ
2775 3583 2925 3638 nide-

662 3665 792 3721 lioet
825 3686 884 3736 μ,
917 3665 1042 3720 uide
1080 3665 1142 3730 T,
1180 3663 1333 3720 uidet
1367 3665 1441 3720 Μ
1689 3667 1758 3722 10
1790 3666 1898 3722 duo
1935 3668 2260 3722 testamenta
2294 3668 2369 3722 M
2608 3669 2925 3738 posterioris

665 3752 729 3818 T,
763 3751 852 3806 his
886 3751 1194 3821 posterioris
1231 3751 1307 3806 Μ
1622 3752 1905 3822 depalatos
1940 3752 2145 3823 ΜΤἿι,
2180 3753 2460 3824 depalatus
2499 3755 2587 3820 T¹,
2621 3753 2925 3810 declaratos

661 3837 922 3892 habemus
958 3855 991 3894 v
1196 3838 1266 3892 12
1301 3839 1394 3908 qui
1430 3840 1633 3893 terram
1666 3839 1987 3908 promissam
2021 3855 2097 3909 μυ
2301 3839 2369 3893 13
2402 3840 2620 3912 quibus]
2658 3841 2753 3910 qni
2780 3857 2855 3910 μυ

664 3922 732 3977 16
766 3923 878 3977 alia
910 3923 1221 3992 probatione
1255 3941 1290 3978 v
1465 3925 1523 3978 in
1557 3924 1839 3994 scripturis
1873 3941 1950 3993 μυ
2154 3925 2335 3994 posita
2367 3941 2402 3980 v
2576 3941 2693 3980 eam
2728 3925 2857 3981 ΜΤ

664 4011 895 4064 ueritate
929 4025 1004 4079 μυ
1391 4011 1609 4066 caelesti
1648 4028 1699 4076 v,
1746 4011 2029 4066 caelestem
2062 4015 2120 4067 et
2153 4013 2292 4080 Μμ,’
2682 4014 2749 4068 17
2786 4014 2924 4084 fign-

663 4109 846 4148 rarum
880 4113 930 4159 υ,
963 4095 1138 4165 figure
1173 4102 1240 4165 μι
1418 4111 1707 4152 conuersus
1741 4095 1817 4150 Μ
1816 4096 1903 4165 Ty,
1920 4097 1947 4161 ¹,
1983 4099 2251 4152 conuersis
2274 4099 2360 4168 μ’,
2398 4100 2800 4154 oonuersatione
2822 4115 2855 4154 v

665 4180 734 4234 18
767 4181 941 4235 monti
979 4181 1040 4248 T,
1077 4184 1313 4238 montem
1349 4202 1391 4252 μ
1634 4181 1809 4236 sancti
1844 4199 1945 4238 om.
1981 4203 2023 4253 μ
2265 4184 2431 4255 quod]
2466 4184 2609 4241 idem
2645 4189 2729 4240 est
2764 4205 2805 4255 μ
2839 4188 2929 4239 est

661 4283 704 4322 s.
741 4267 776 4321 l.
812 4283 880 4322 m.
917 4270 958 4323 2
1246 4267 1429 4339 regale
1464 4285 1538 4338 μυ
1832 4269 1901 4324 19
1935 4270 2158 4327 haberet
2194 4289 2228 4326 υ
2528 4273 2723 4327 hebreo
2763 4272 2853 4341 Τμ

663 4369 912 4423 graecum
945 4371 980 4410 v
1236 4356 1296 4410 in
1331 4371 1430 4410 om.
1466 4355 1613 4423 Μμυ
1873 4355 2107 4414 latinum
2138 4375 2173 4414 v
2425 4359 2496 4416 20
2528 4357 2607 4428 et]
2642 4359 2733 4412 uel
2772 4359 2854 4414 Tv

661 4440 731 4494 21
767 4441 962 4495 stantis
1000 4439 1052 4495 T
1252 4441 1322 4496 23
1354 4441 1502 4510 patri
1539 4441 1592 4495 Τ
1793 4458 1882 4514 sps
1918 4459 2002 4498 sos
2038 4460 2111 4514 μυ
