<?xml version="1.0" encoding="UTF-8"?>
<!DOCTYPE html PUBLIC "-//W3C//DTD XHTML 1.0 Transitional//EN"
    "http://www.w3.org/TR/xhtml1/DTD/xhtml1-transitional.dtd">
<html xmlns="http://www.w3.org/1999/xhtml" xml:lang="en" lang="en">
 <head>
  <title>
</title>
<meta http-equiv="Content-Type" content="text/html;charset=utf-8" />
  <meta name='ocr-system' content='tesseract 3.04.00' />
  <meta name='ocr-capabilities' content='ocr_page ocr_carea ocr_par ocr_line ocrx_word'/>
</head>
<body>
  <div class='ocr_page' id='page_1' title='image "./corpusscriptoru29wissgoog_0135.png"; bbox 0 0 3217 5150; ppageno 0'>
   <div class='ocr_carea' id='block_1_1' title="bbox 631 543 2576 618">
    <p class='ocr_par' dir='ltr' id='par_1_1' title="bbox 631 543 2576 618">
     <span class='ocr_line' id='line_1_1' title="bbox 631 543 2576 618; baseline 0.004 -21"><span class='ocrx_word' id='word_1_1' title='bbox 631 546 710 597; x_wconf 81' lang='lat' dir='ltr'><strong>Ad</strong></span> <span class='ocrx_word' id='word_1_2' title='bbox 753 544 1016 612; x_wconf 75' lang='lat' dir='ltr'><strong>vigilium</strong></span> <span class='ocrx_word' id='word_1_3' title='bbox 1054 545 1352 613; x_wconf 85' lang='lat' dir='ltr'><strong>episcopum</strong></span> <span class='ocrx_word' id='word_1_4' title='bbox 1387 545 1452 597; x_wconf 89' lang='lat' dir='ltr'><strong>de</strong></span> <span class='ocrx_word' id='word_1_5' title='bbox 1487 543 1707 597; x_wconf 85' lang='lat' dir='ltr'><strong>Iudaica</strong></span> <span class='ocrx_word' id='word_1_6' title='bbox 1744 546 2114 599; x_wconf 73' lang='lat' dir='ltr'><strong>incredulitate</strong></span> <span class='ocrx_word' id='word_1_7' title='bbox 2150 563 2190 599; x_wconf 92' lang='lat' dir='ltr'><strong>c.</strong></span> <span class='ocrx_word' id='word_1_8' title='bbox 2228 548 2277 601; x_wconf 85' lang='lat'><strong>8.</strong></span> <span class='ocrx_word' id='word_1_9' title='bbox 2458 554 2576 618; x_wconf 87' lang='lat'><strong>129</strong></span> 
     </span>
    </p>
   </div>
   <div class='ocr_carea' id='block_1_2' title="bbox 239 676 2577 3053">
    <p class='ocr_par' dir='ltr' id='par_1_2' title="bbox 321 676 2577 1089">
     <span class='ocr_line' id='line_1_2' title="bbox 321 676 2575 777; baseline 0.002 -15"><span class='ocrx_word' id='word_1_10' title='bbox 321 708 382 762; x_wconf 87' lang='lat' dir='ltr'><strong>et</strong></span> <span class='ocrx_word' id='word_1_11' title='bbox 435 676 842 777; x_wconf 79' lang='lat' dir='ltr'><strong>plenitudinem</strong></span> <span class='ocrx_word' id='word_1_12' title='bbox 887 703 1099 761; x_wconf 86' lang='lat' dir='ltr'><strong>Christi</strong></span> <span class='ocrx_word' id='word_1_13' title='bbox 1148 703 1348 762; x_wconf 86' lang='lat' dir='ltr'><strong>Graeci</strong></span> <span class='ocrx_word' id='word_1_14' title='bbox 1376 703 1655 762; x_wconf 86' lang='lat' dir='ltr'><strong>sermonis</strong></span> <span class='ocrx_word' id='word_1_15' title='bbox 1687 720 1853 777; x_wconf 89' lang='lat' dir='ltr'><strong>opere</strong></span> <span class='ocrx_word' id='word_1_16' title='bbox 1885 705 2113 777; x_wconf 89' lang='lat' dir='ltr'><strong>signata</strong></span> <span class='ocrx_word' id='word_1_17' title='bbox 2140 710 2264 765; x_wconf 87' lang='lat' dir='ltr'><strong>est:</strong></span> <span class='ocrx_word' id='word_1_18' title='bbox 2311 710 2383 766; x_wconf 86' lang='lat' dir='ltr'><strong>ad</strong></span> <span class='ocrx_word' id='word_1_19' title='bbox 2414 708 2575 766; x_wconf 88' lang='lat' dir='ltr'><strong>cuius</strong></span> 
     </span>
     <span class='ocr_line' id='line_1_3' title="bbox 323 804 2577 882; baseline 0.002 -17"><span class='ocrx_word' id='word_1_20' title='bbox 323 805 765 866; x_wconf 77' lang='lat' dir='ltr'><strong>translationem</strong></span> <span class='ocrx_word' id='word_1_21' title='bbox 795 804 1228 866; x_wconf 87' lang='lat' dir='ltr'><strong>inintellectum</strong></span> <span class='ocrx_word' id='word_1_22' title='bbox 1252 806 1518 865; x_wconf 88' lang='lat' dir='ltr'><strong>Latinum</strong></span> <span class='ocrx_word' id='word_1_23' title='bbox 1539 806 1827 867; x_wconf 73' lang='lat' dir='ltr'><strong>animante</strong></span> <span class='ocrx_word' id='word_1_24' title='bbox 1849 807 2075 868; x_wconf 89' lang='lat' dir='ltr'><strong>Domini</strong></span> <span class='ocrx_word' id='word_1_25' title='bbox 2104 825 2209 882; x_wconf 90' lang='lat' dir='ltr'><strong>ope</strong></span> <span class='ocrx_word' id='word_1_26' title='bbox 2238 812 2297 869; x_wconf 92' lang='lat' dir='ltr'><strong>et</strong></span> <span class='ocrx_word' id='word_1_27' title='bbox 2326 810 2577 869; x_wconf 87' lang='lat' dir='ltr'><strong>uiuentis</strong></span> 
     </span>
     <span class='ocr_line' id='line_1_4' title="bbox 325 908 2576 985; baseline 0.002 -18"><span class='ocrx_word' id='word_1_28' title='bbox 325 911 458 970; x_wconf 88' lang='lat' dir='ltr'><strong>fidei</strong></span> <span class='ocrx_word' id='word_1_29' title='bbox 511 910 778 969; x_wconf 85' lang='lat' dir='ltr'><strong>firmitate</strong></span> <span class='ocrx_word' id='word_1_30' title='bbox 831 912 1056 968; x_wconf 88' lang='lat' dir='ltr'><strong>seruata</strong></span> <span class='ocrx_word' id='word_1_31' title='bbox 1107 910 1410 969; x_wconf 88' lang='lat' dir='ltr'><strong>uerborum</strong></span> <span class='ocrx_word' id='word_1_32' title='bbox 1462 908 1814 982; x_wconf 70' lang='lat' dir='ltr'><strong>proprietate</strong></span> <span class='ocrx_word' id='word_1_33' title='bbox 1864 910 2183 985; x_wconf 88' lang='lat' dir='ltr'><strong>intrepidus</strong></span> <span class='ocrx_word' id='word_1_34' title='bbox 2214 912 2454 972; x_wconf 85' lang='lat' dir='ltr'><strong>accessi:</strong></span> <span class='ocrx_word' id='word_1_35' title='bbox 2517 917 2576 972; x_wconf 86' lang='lat' dir='ltr'><strong>et</strong></span> 
     </span>
     <span class='ocr_line' id='line_1_5' title="bbox 323 1011 2572 1089; baseline 0.002 -18"><span class='ocrx_word' id='word_1_36' title='bbox 323 1015 417 1073; x_wconf 91' lang='lat' dir='ltr'><strong>his</strong></span> <span class='ocrx_word' id='word_1_37' title='bbox 470 1013 566 1087; x_wconf 89' lang='lat' dir='ltr'><strong>qui</strong></span> <span class='ocrx_word' id='word_1_38' title='bbox 609 1014 682 1071; x_wconf 89' lang='lat' dir='ltr'><strong>ab</strong></span> <span class='ocrx_word' id='word_1_39' title='bbox 723 1012 1020 1071; x_wconf 89' lang='lat' dir='ltr'><strong>intellectu</strong></span> <span class='ocrx_word' id='word_1_40' title='bbox 1067 1011 1312 1071; x_wconf 83' lang='lat' dir='ltr'><strong>Graecae</strong></span> <span class='ocrx_word' id='word_1_41' title='bbox 1354 1012 1665 1072; x_wconf 74' lang='lat' dir='ltr'><strong>docilitatis</strong></span> <span class='ocrx_word' id='word_1_42' title='bbox 1704 1012 1880 1072; x_wconf 89' lang='lat' dir='ltr'><strong>alieni</strong></span> <span class='ocrx_word' id='word_1_43' title='bbox 1908 1017 2045 1072; x_wconf 86' lang='lat' dir='ltr'><strong>sunt</strong></span> <span class='ocrx_word' id='word_1_44' title='bbox 2072 1014 2452 1089; x_wconf 89' lang='lat' dir='ltr'><strong>interpretata</strong></span> <span class='ocrx_word' id='word_1_45' title='bbox 2480 1017 2572 1075; x_wconf 90' lang='lat' dir='ltr'><strong>in-</strong></span> 
     </span>
    </p>

    <p class='ocr_par' dir='ltr' id='par_1_3' title="bbox 239 1115 2577 3053">
     <span class='ocr_line' id='line_1_6' title="bbox 277 1115 2573 1191; baseline 0.002 -16"><span class='ocrx_word' id='word_1_46' title='bbox 277 1139 303 1175; x_wconf 70' lang='lat' dir='ltr'><strong>s</strong></span> <span class='ocrx_word' id='word_1_47' title='bbox 334 1120 500 1191; x_wconf 84' lang='lat' dir='ltr'><strong>tegra</strong></span> <span class='ocrx_word' id='word_1_48' title='bbox 549 1115 960 1190; x_wconf 84' lang='lat' dir='ltr'><strong>significatione</strong></span> <span class='ocrx_word' id='word_1_49' title='bbox 1009 1116 1308 1175; x_wconf 89' lang='lat' dir='ltr'><strong>uerborum</strong></span> <span class='ocrx_word' id='word_1_50' title='bbox 1340 1119 1399 1175; x_wconf 88' lang='lat' dir='ltr'><strong>et</strong></span> <span class='ocrx_word' id='word_1_51' title='bbox 1427 1116 1755 1177; x_wconf 85' lang='lat' dir='ltr'><strong>intellectus</strong></span> <span class='ocrx_word' id='word_1_52' title='bbox 1785 1118 1965 1177; x_wconf 87' lang='lat' dir='ltr'><strong>omnis</strong></span> <span class='ocrx_word' id='word_1_53' title='bbox 1996 1134 2063 1178; x_wconf 88' lang='lat' dir='ltr'><strong>ac</strong></span> <span class='ocrx_word' id='word_1_54' title='bbox 2092 1121 2356 1179; x_wconf 88' lang='lat' dir='ltr'><strong>ueritatis</strong></span> <span class='ocrx_word' id='word_1_55' title='bbox 2385 1121 2573 1179; x_wconf 89' lang='lat' dir='ltr'><strong>mani-</strong></span> 
     </span>
     <span class='ocr_line' id='line_1_7' title="bbox 320 1218 2573 1293; baseline 0.002 -16"><span class='ocrx_word' id='word_1_56' title='bbox 320 1220 629 1279; x_wconf 86' lang='lat' dir='ltr'><strong>festatione</strong></span> <span class='ocrx_word' id='word_1_57' title='bbox 659 1218 949 1293; x_wconf 88' lang='lat' dir='ltr'><strong>patefacta</strong></span> <span class='ocrx_word' id='word_1_58' title='bbox 977 1219 1216 1279; x_wconf 85' lang='lat' dir='ltr'><strong>Romani</strong></span> <span class='ocrx_word' id='word_1_59' title='bbox 1245 1222 1520 1279; x_wconf 88' lang='lat' dir='ltr'><strong>sermonis</strong></span> <span class='ocrx_word' id='word_1_60' title='bbox 1552 1220 1773 1281; x_wconf 89' lang='lat' dir='ltr'><strong>ratione</strong></span> <span class='ocrx_word' id='word_1_61' title='bbox 1804 1221 2063 1281; x_wconf 87' lang='lat' dir='ltr'><strong>discussa</strong></span> <span class='ocrx_word' id='word_1_62' title='bbox 2106 1221 2364 1281; x_wconf 87' lang='lat' dir='ltr'><strong>disserui.</strong></span> <span class='ocrx_word' id='word_1_63' title='bbox 2412 1223 2573 1282; x_wconf 89' lang='lat' dir='ltr'><strong>cuius</strong></span> 
     </span>
     <span class='ocr_line' id='line_1_8' title="bbox 321 1322 2575 1399; baseline 0.001 -17"><span class='ocrx_word' id='word_1_64' title='bbox 321 1324 536 1383; x_wconf 86' lang='lat' dir='ltr'><strong>laboris</strong></span> <span class='ocrx_word' id='word_1_65' title='bbox 565 1324 952 1397; x_wconf 86' lang='lat' dir='ltr'><strong>probationem</strong></span> <span class='ocrx_word' id='word_1_66' title='bbox 982 1322 1109 1394; x_wconf 88' lang='lat' dir='ltr'><strong>tibi,</strong></span> <span class='ocrx_word' id='word_1_67' title='bbox 1143 1322 1454 1395; x_wconf 87' lang='lat' dir='ltr'><strong>carissime,</strong></span> <span class='ocrx_word' id='word_1_68' title='bbox 1487 1324 1584 1397; x_wconf 88' lang='lat' dir='ltr'><strong>qui</strong></span> <span class='ocrx_word' id='word_1_69' title='bbox 1613 1324 1909 1398; x_wconf 86' lang='lat' dir='ltr'><strong>utriusque</strong></span> <span class='ocrx_word' id='word_1_70' title='bbox 1939 1324 2171 1399; x_wconf 83' lang='lat' dir='ltr'><strong>linguae</strong></span> <span class='ocrx_word' id='word_1_71' title='bbox 2200 1325 2575 1387; x_wconf 82' lang='lat' dir='ltr'><strong>instructione</strong></span> 
     </span>
     <span class='ocr_line' id='line_1_9' title="bbox 321 1426 2575 1504; baseline 0 -18"><span class='ocrx_word' id='word_1_72' title='bbox 321 1428 596 1486; x_wconf 87' lang='lat' dir='ltr'><strong>fundatus</strong></span> <span class='ocrx_word' id='word_1_73' title='bbox 655 1443 737 1497; x_wconf 89' lang='lat' dir='ltr'><strong>es,</strong></span> <span class='ocrx_word' id='word_1_74' title='bbox 799 1426 1057 1499; x_wconf 89' lang='lat' dir='ltr'><strong>impensa</strong></span> <span class='ocrx_word' id='word_1_75' title='bbox 1112 1426 1386 1499; x_wconf 89' lang='lat' dir='ltr'><strong>petitione</strong></span> <span class='ocrx_word' id='word_1_76' title='bbox 1445 1427 1772 1486; x_wconf 88' lang='lat' dir='ltr'><strong>committo:</strong></span> <span class='ocrx_word' id='word_1_77' title='bbox 1835 1431 1901 1486; x_wconf 93' lang='lat' dir='ltr'><strong>ut</strong></span> <span class='ocrx_word' id='word_1_78' title='bbox 1947 1428 2045 1501; x_wconf 86' lang='lat' dir='ltr'><strong>qui</strong></span> <span class='ocrx_word' id='word_1_79' title='bbox 2100 1428 2283 1487; x_wconf 87' lang='lat' dir='ltr'><strong>sancti</strong></span> <span class='ocrx_word' id='word_1_80' title='bbox 2333 1428 2575 1504; x_wconf 85' lang='lat' dir='ltr'><strong>spiritus</strong></span> 
     </span>
     <span class='ocr_line' id='line_1_10' title="bbox 318 1528 2573 1604; baseline 0.001 -15"><span class='ocrx_word' id='word_1_81' title='bbox 318 1529 686 1589; x_wconf 86' lang='lat' dir='ltr'><strong>ueneratione</strong></span> <span class='ocrx_word' id='word_1_82' title='bbox 719 1531 1070 1589; x_wconf 84' lang='lat' dir='ltr'><strong>uerecundus</strong></span> <span class='ocrx_word' id='word_1_83' title='bbox 1100 1546 1162 1589; x_wconf 88' lang='lat' dir='ltr'><strong>es</strong></span> <span class='ocrx_word' id='word_1_84' title='bbox 1191 1528 1418 1589; x_wconf 87' lang='lat' dir='ltr'><strong>conlata</strong></span> <span class='ocrx_word' id='word_1_85' title='bbox 1463 1530 1757 1603; x_wconf 87' lang='lat' dir='ltr'><strong>utriusque</strong></span> <span class='ocrx_word' id='word_1_86' title='bbox 1788 1530 1975 1604; x_wconf 86' lang='lat' dir='ltr'><strong>operis</strong></span> <span class='ocrx_word' id='word_1_87' title='bbox 2005 1532 2247 1590; x_wconf 89' lang='lat' dir='ltr'><strong>lectione</strong></span> <span class='ocrx_word' id='word_1_88' title='bbox 2276 1532 2573 1592; x_wconf 83' lang='lat' dir='ltr'><strong>audaciam</strong></span> 
     </span>
     <span class='ocr_line' id='line_1_11' title="bbox 251 1632 2575 1709; baseline 0 -15"><span class='ocrx_word' id='word_1_89' title='bbox 251 1656 304 1694; x_wconf 81' lang='grc' dir='ltr'><strong>ιο</strong></span> <span class='ocrx_word' id='word_1_90' title='bbox 325 1634 680 1693; x_wconf 86' lang='lat' dir='ltr'><strong>uerecundae</strong></span> <span class='ocrx_word' id='word_1_91' title='bbox 723 1632 1066 1692; x_wconf 86' lang='lat' dir='ltr'><strong>temeritatis</strong></span> <span class='ocrx_word' id='word_1_92' title='bbox 1109 1632 1368 1707; x_wconf 79' lang='lat' dir='ltr'><strong>explores</strong></span> <span class='ocrx_word' id='word_1_93' title='bbox 1413 1635 1472 1690; x_wconf 89' lang='lat' dir='ltr'><strong>et</strong></span> <span class='ocrx_word' id='word_1_94' title='bbox 1513 1633 1771 1693; x_wconf 84' lang='lat' dir='ltr'><strong>examine</strong></span> <span class='ocrx_word' id='word_1_95' title='bbox 1800 1633 1998 1693; x_wconf 89' lang='lat' dir='ltr'><strong>iudicii</strong></span> <span class='ocrx_word' id='word_1_96' title='bbox 2026 1634 2113 1693; x_wconf 90' lang='lat' dir='ltr'><strong>tui</strong></span> <span class='ocrx_word' id='word_1_97' title='bbox 2145 1652 2289 1709; x_wconf 87' lang='lat' dir='ltr'><strong>quae</strong></span> <span class='ocrx_word' id='word_1_98' title='bbox 2318 1635 2509 1695; x_wconf 89' lang='lat' dir='ltr'><strong>minus</strong></span> <span class='ocrx_word' id='word_1_99' title='bbox 2538 1654 2575 1695; x_wconf 87' lang='lat' dir='ltr'><strong>a</strong></span> 
     </span>
     <span class='ocr_line' id='line_1_12' title="bbox 316 1736 2573 1811; baseline 0 -16"><span class='ocrx_word' id='word_1_100' title='bbox 316 1736 487 1795; x_wconf 89' lang='lat' dir='ltr'><strong>nobis</strong></span> <span class='ocrx_word' id='word_1_101' title='bbox 517 1737 611 1797; x_wconf 88' lang='lat' dir='ltr'><strong>uel</strong></span> <span class='ocrx_word' id='word_1_102' title='bbox 643 1736 946 1810; x_wconf 86' lang='lat' dir='ltr'><strong>improprie</strong></span> <span class='ocrx_word' id='word_1_103' title='bbox 977 1736 1122 1795; x_wconf 86' lang='lat' dir='ltr'><strong>forte</strong></span> <span class='ocrx_word' id='word_1_104' title='bbox 1167 1736 1394 1810; x_wconf 86' lang='lat' dir='ltr'><strong>digesta</strong></span> <span class='ocrx_word' id='word_1_105' title='bbox 1421 1739 1555 1795; x_wconf 89' lang='lat' dir='ltr'><strong>sunt</strong></span> <span class='ocrx_word' id='word_1_106' title='bbox 1584 1737 1926 1796; x_wconf 88' lang='lat' dir='ltr'><strong>auctoritate</strong></span> <span class='ocrx_word' id='word_1_107' title='bbox 1958 1736 2197 1810; x_wconf 85' lang='lat' dir='ltr'><strong>spiritus</strong></span> <span class='ocrx_word' id='word_1_108' title='bbox 2228 1737 2433 1811; x_wconf 86' lang='lat' dir='ltr'><strong>sancti,</strong></span> <span class='ocrx_word' id='word_1_109' title='bbox 2474 1738 2573 1811; x_wconf 87' lang='lat' dir='ltr'><strong>qui</strong></span> 
     </span>
     <span class='ocr_line' id='line_1_13' title="bbox 319 1839 2573 1914; baseline 0 -15"><span class='ocrx_word' id='word_1_110' title='bbox 319 1842 380 1899; x_wconf 91' lang='lat' dir='ltr'><strong>in</strong></span> <span class='ocrx_word' id='word_1_111' title='bbox 425 1843 628 1913; x_wconf 87' lang='lat' dir='ltr'><strong>pectus</strong></span> <span class='ocrx_word' id='word_1_112' title='bbox 679 1842 840 1899; x_wconf 86' lang='lat' dir='ltr'><strong>tuum</strong></span> <span class='ocrx_word' id='word_1_113' title='bbox 893 1839 1260 1898; x_wconf 88' lang='lat' dir='ltr'><strong>inundatione</strong></span> <span class='ocrx_word' id='word_1_114' title='bbox 1315 1839 1535 1913; x_wconf 87' lang='lat' dir='ltr'><strong>gratiae</strong></span> <span class='ocrx_word' id='word_1_115' title='bbox 1581 1840 1847 1899; x_wconf 87' lang='lat' dir='ltr'><strong>caelestis</strong></span> <span class='ocrx_word' id='word_1_116' title='bbox 1876 1841 2123 1912; x_wconf 89' lang='lat' dir='ltr'><strong>influxit,</strong></span> <span class='ocrx_word' id='word_1_117' title='bbox 2154 1840 2483 1914; x_wconf 84' lang='lat' dir='ltr'><strong>comprobes</strong></span> <span class='ocrx_word' id='word_1_118' title='bbox 2514 1845 2573 1899; x_wconf 91' lang='lat' dir='ltr'><strong>et</strong></span> 
     </span>
     <span class='ocr_line' id='line_1_14' title="bbox 321 1942 2573 2016; baseline 0.001 -15"><span class='ocrx_word' id='word_1_119' title='bbox 321 1944 621 2002; x_wconf 85' lang='lat' dir='ltr'><strong>emendes:</strong></span> <span class='ocrx_word' id='word_1_120' title='bbox 671 1942 860 2016; x_wconf 88' lang='lat' dir='ltr'><strong>sitque</strong></span> <span class='ocrx_word' id='word_1_121' title='bbox 890 1944 962 2001; x_wconf 89' lang='lat' dir='ltr'><strong>ad</strong></span> <span class='ocrx_word' id='word_1_122' title='bbox 993 1945 1051 2001; x_wconf 89' lang='lat' dir='ltr'><strong>te</strong></span> <span class='ocrx_word' id='word_1_123' title='bbox 1081 1943 1152 2002; x_wconf 91' lang='lat' dir='ltr'><strong>de</strong></span> <span class='ocrx_word' id='word_1_124' title='bbox 1183 1942 1298 2001; x_wconf 88' lang='lat' dir='ltr'><strong>ista</strong></span> <span class='ocrx_word' id='word_1_125' title='bbox 1327 1942 1572 2003; x_wconf 90' lang='lat' dir='ltr'><strong>lectione</strong></span> <span class='ocrx_word' id='word_1_126' title='bbox 1603 1943 1677 2002; x_wconf 86' lang='lat' dir='ltr'><strong>ab</strong></span> <span class='ocrx_word' id='word_1_127' title='bbox 1708 1943 2035 2003; x_wconf 86' lang='lat' dir='ltr'><strong>humilitate</strong></span> <span class='ocrx_word' id='word_1_128' title='bbox 2076 1946 2275 2003; x_wconf 88' lang='lat' dir='ltr'><strong>nostra</strong></span> <span class='ocrx_word' id='word_1_129' title='bbox 2302 1945 2573 2003; x_wconf 88' lang='lat' dir='ltr'><strong>mandata</strong></span> 
     </span>
     <span class='ocr_line' id='line_1_15' title="bbox 319 2045 2571 2121; baseline 0.001 -18"><span class='ocrx_word' id='word_1_130' title='bbox 319 2045 539 2119; x_wconf 86' lang='lat' dir='ltr'><strong>legatio</strong></span> <span class='ocrx_word' id='word_1_131' title='bbox 581 2051 640 2105; x_wconf 88' lang='lat' dir='ltr'><strong>et</strong></span> <span class='ocrx_word' id='word_1_132' title='bbox 683 2046 1024 2105; x_wconf 87' lang='lat' dir='ltr'><strong>insinuanda</strong></span> <span class='ocrx_word' id='word_1_133' title='bbox 1063 2046 1172 2105; x_wconf 90' lang='lat' dir='ltr'><strong>tibi</strong></span> <span class='ocrx_word' id='word_1_134' title='bbox 1216 2046 1274 2104; x_wconf 91' lang='lat' dir='ltr'><strong>in</strong></span> <span class='ocrx_word' id='word_1_135' title='bbox 1324 2063 1430 2105; x_wconf 86' lang='lat' dir='ltr'><strong>nos</strong></span> <span class='ocrx_word' id='word_1_136' title='bbox 1459 2047 1643 2119; x_wconf 87' lang='lat' dir='ltr'><strong>prima</strong></span> <span class='ocrx_word' id='word_1_137' title='bbox 1671 2047 1995 2107; x_wconf 84' lang='lat' dir='ltr'><strong>dilectionis</strong></span> <span class='ocrx_word' id='word_1_138' title='bbox 2024 2048 2249 2120; x_wconf 76' lang='lat' dir='ltr'><strong>petitio,</strong></span> <span class='ocrx_word' id='word_1_139' title='bbox 2280 2050 2349 2107; x_wconf 91' lang='lat' dir='ltr'><strong>ut</strong></span> <span class='ocrx_word' id='word_1_140' title='bbox 2376 2048 2571 2121; x_wconf 87' lang='lat' dir='ltr'><strong>parui-</strong></span> 
     </span>
     <span class='ocr_line' id='line_1_16' title="bbox 247 2150 2571 2224; baseline -0.002 -11"><span class='ocrx_word' id='word_1_141' title='bbox 247 2175 299 2213; x_wconf 78' lang='lat'><strong>1⁵</strong></span> <span class='ocrx_word' id='word_1_142' title='bbox 323 2151 503 2211; x_wconf 83' lang='lat' dir='ltr'><strong>tatem</strong></span> <span class='ocrx_word' id='word_1_143' title='bbox 555 2150 687 2208; x_wconf 89' lang='lat' dir='ltr'><strong>fidei</strong></span> <span class='ocrx_word' id='word_1_144' title='bbox 739 2166 895 2209; x_wconf 90' lang='lat' dir='ltr'><strong>meae</strong></span> <span class='ocrx_word' id='word_1_145' title='bbox 947 2166 1074 2207; x_wconf 90' lang='lat' dir='ltr'><strong>cum</strong></span> <span class='ocrx_word' id='word_1_146' title='bbox 1126 2150 1531 2223; x_wconf 90' lang='lat' dir='ltr'><strong>discipulorum</strong></span> <span class='ocrx_word' id='word_1_147' title='bbox 1579 2153 1805 2209; x_wconf 88' lang='lat' dir='ltr'><strong>tuorum</strong></span> <span class='ocrx_word' id='word_1_148' title='bbox 1835 2150 2209 2210; x_wconf 87' lang='lat' dir='ltr'><strong>instructione</strong></span> <span class='ocrx_word' id='word_1_149' title='bbox 2236 2154 2409 2224; x_wconf 88' lang='lat' dir='ltr'><strong>atque</strong></span> <span class='ocrx_word' id='word_1_150' title='bbox 2438 2166 2571 2210; x_wconf 91' lang='lat' dir='ltr'><strong>eru-</strong></span> 
     </span>
     <span class='ocr_line' id='line_1_17' title="bbox 322 2252 2571 2328; baseline -0.002 -13"><span class='ocrx_word' id='word_1_151' title='bbox 322 2256 542 2316; x_wconf 83' lang='lat' dir='ltr'><strong>ditione</strong></span> <span class='ocrx_word' id='word_1_152' title='bbox 595 2255 904 2328; x_wconf 87' lang='lat' dir='ltr'><strong>coniungas</strong></span> <span class='ocrx_word' id='word_1_153' title='bbox 934 2256 993 2312; x_wconf 89' lang='lat' dir='ltr'><strong>et</strong></span> <span class='ocrx_word' id='word_1_154' title='bbox 1037 2270 1146 2325; x_wconf 89' lang='lat' dir='ltr'><strong>me,</strong></span> <span class='ocrx_word' id='word_1_155' title='bbox 1179 2270 1344 2327; x_wconf 90' lang='lat' dir='ltr'><strong>quem</strong></span> <span class='ocrx_word' id='word_1_156' title='bbox 1373 2253 1434 2310; x_wconf 90' lang='lat' dir='ltr'><strong>in</strong></span> <span class='ocrx_word' id='word_1_157' title='bbox 1461 2252 1578 2312; x_wconf 88' lang='lat' dir='ltr'><strong>alia</strong></span> <span class='ocrx_word' id='word_1_158' title='bbox 1607 2256 1773 2326; x_wconf 88' lang='lat' dir='ltr'><strong>parte</strong></span> <span class='ocrx_word' id='word_1_159' title='bbox 1802 2253 1973 2313; x_wconf 87' lang='lat' dir='ltr'><strong>huius</strong></span> <span class='ocrx_word' id='word_1_160' title='bbox 2002 2254 2327 2327; x_wconf 86' lang='lat' dir='ltr'><strong>prouinciae</strong></span> <span class='ocrx_word' id='word_1_161' title='bbox 2357 2253 2571 2313; x_wconf 85' lang='lat' dir='ltr'><strong>consti·</strong></span> 
     </span>
     <span class='ocr_line' id='line_1_18' title="bbox 322 2356 2573 2432; baseline -0.001 -15"><span class='ocrx_word' id='word_1_162' title='bbox 322 2362 514 2418; x_wconf 90' lang='lat' dir='ltr'><strong>tutum</strong></span> <span class='ocrx_word' id='word_1_163' title='bbox 566 2360 799 2432; x_wconf 87' lang='lat' dir='ltr'><strong>propter</strong></span> <span class='ocrx_word' id='word_1_164' title='bbox 849 2358 1119 2417; x_wconf 88' lang='lat' dir='ltr'><strong>uisendos</strong></span> <span class='ocrx_word' id='word_1_165' title='bbox 1164 2357 1358 2416; x_wconf 85' lang='lat' dir='ltr'><strong>uultus</strong></span> <span class='ocrx_word' id='word_1_166' title='bbox 1387 2360 1517 2416; x_wconf 89' lang='lat' dir='ltr'><strong>tuos</strong></span> <span class='ocrx_word' id='word_1_167' title='bbox 1547 2373 1659 2417; x_wconf 88' lang='lat' dir='ltr'><strong>non</strong></span> <span class='ocrx_word' id='word_1_168' title='bbox 1691 2356 1915 2415; x_wconf 87' lang='lat' dir='ltr'><strong>itineris</strong></span> <span class='ocrx_word' id='word_1_169' title='bbox 1945 2356 2336 2431; x_wconf 85' lang='lat' dir='ltr'><strong>longinquitas</strong></span> <span class='ocrx_word' id='word_1_170' title='bbox 2365 2357 2573 2416; x_wconf 89' lang='lat' dir='ltr'><strong>terruit</strong></span> 
     </span>
     <span class='ocr_line' id='line_1_19' title="bbox 327 2460 2572 2533; baseline -0.001 -12"><span class='ocrx_word' id='word_1_171' title='bbox 327 2480 436 2521; x_wconf 89' lang='lat' dir='ltr'><strong>nec</strong></span> <span class='ocrx_word' id='word_1_172' title='bbox 465 2462 686 2521; x_wconf 88' lang='lat' dir='ltr'><strong>senium</strong></span> <span class='ocrx_word' id='word_1_173' title='bbox 716 2478 782 2520; x_wconf 89' lang='lat' dir='ltr'><strong>ac</strong></span> <span class='ocrx_word' id='word_1_174' title='bbox 810 2460 1124 2520; x_wconf 84' lang='lat' dir='ltr'><strong>difficultas</strong></span> <span class='ocrx_word' id='word_1_175' title='bbox 1168 2460 1398 2533; x_wconf 87' lang='lat' dir='ltr'><strong>fatigati</strong></span> <span class='ocrx_word' id='word_1_176' title='bbox 1427 2477 1493 2519; x_wconf 89' lang='lat' dir='ltr'><strong>ac</strong></span> <span class='ocrx_word' id='word_1_177' title='bbox 1521 2460 1665 2519; x_wconf 84' lang='lat' dir='ltr'><strong>fessi</strong></span> <span class='ocrx_word' id='word_1_178' title='bbox 1694 2460 1808 2518; x_wconf 90' lang='lat' dir='ltr'><strong>iam</strong></span> <span class='ocrx_word' id='word_1_179' title='bbox 1839 2460 2087 2533; x_wconf 88' lang='lat' dir='ltr'><strong>corporis</strong></span> <span class='ocrx_word' id='word_1_180' title='bbox 2118 2460 2428 2533; x_wconf 79' lang='lat' dir='ltr'><strong>redarguit,</strong></span> <span class='ocrx_word' id='word_1_181' title='bbox 2471 2461 2572 2520; x_wconf 88' lang='lat' dir='ltr'><strong>sed</strong></span> 
     </span>
     <span class='ocr_line' id='line_1_20' title="bbox 323 2562 2569 2638; baseline -0.001 -14"><span class='ocrx_word' id='word_1_182' title='bbox 323 2565 612 2624; x_wconf 86' lang='lat' dir='ltr'><strong>animante</strong></span> <span class='ocrx_word' id='word_1_183' title='bbox 637 2563 934 2624; x_wconf 88' lang='lat' dir='ltr'><strong>stimulatu</strong></span> <span class='ocrx_word' id='word_1_184' title='bbox 958 2562 1186 2624; x_wconf 83' lang='lat' dir='ltr'><strong>Domini</strong></span> <span class='ocrx_word' id='word_1_185' title='bbox 1215 2565 1274 2624; x_wconf 92' lang='lat' dir='ltr'><strong>et</strong></span> <span class='ocrx_word' id='word_1_186' title='bbox 1301 2566 1542 2638; x_wconf 83' lang='lat' dir='ltr'><strong>urgente</strong></span> <span class='ocrx_word' id='word_1_187' title='bbox 1565 2562 1839 2623; x_wconf 88' lang='lat' dir='ltr'><strong>festinato</strong></span> <span class='ocrx_word' id='word_1_188' title='bbox 1870 2562 2181 2638; x_wconf 89' lang='lat' dir='ltr'><strong>cupiditate</strong></span> <span class='ocrx_word' id='word_1_189' title='bbox 2212 2563 2569 2638; x_wconf 87' lang='lat' dir='ltr'><strong>properandi,</strong></span> 
     </span>
     <span class='ocr_line' id='line_1_21' title="bbox 239 2667 2570 2742; baseline -0.003 -12"><span class='ocrx_word' id='word_1_190' title='bbox 239 2689 296 2730; x_wconf 82' lang='lat'><strong>20</strong></span> <span class='ocrx_word' id='word_1_191' title='bbox 325 2671 652 2742; x_wconf 80' lang='lat' dir='ltr'><strong>contempta</strong></span> <span class='ocrx_word' id='word_1_192' title='bbox 703 2685 922 2742; x_wconf 88' lang='lat' dir='ltr'><strong>quoque</strong></span> <span class='ocrx_word' id='word_1_193' title='bbox 973 2670 1124 2727; x_wconf 91' lang='lat' dir='ltr'><strong>omni</strong></span> <span class='ocrx_word' id='word_1_194' title='bbox 1162 2667 1533 2728; x_wconf 87' lang='lat' dir='ltr'><strong>tribulatione</strong></span> <span class='ocrx_word' id='word_1_195' title='bbox 1561 2667 1788 2742; x_wconf 83' lang='lat' dir='ltr'><strong>inopiae</strong></span> <span class='ocrx_word' id='word_1_196' title='bbox 1827 2669 1999 2742; x_wconf 87' lang='lat' dir='ltr'><strong>atque</strong></span> <span class='ocrx_word' id='word_1_197' title='bbox 2029 2667 2297 2740; x_wconf 85' lang='lat' dir='ltr'><strong>penuriae</strong></span> <span class='ocrx_word' id='word_1_198' title='bbox 2326 2668 2570 2742; x_wconf 87' lang='lat' dir='ltr'><strong>quanta-</strong></span> 
     </span>
     <span class='ocr_line' id='line_1_22' title="bbox 328 2769 2577 2858; baseline -0.001 -28"><span class='ocrx_word' id='word_1_199' title='bbox 328 2788 567 2844; x_wconf 87' lang='lat' dir='ltr'><strong>cumque</strong></span> <span class='ocrx_word' id='word_1_200' title='bbox 591 2770 796 2830; x_wconf 89' lang='lat' dir='ltr'><strong>uirium</strong></span> <span class='ocrx_word' id='word_1_201' title='bbox 819 2771 1102 2858; x_wconf 68' lang='lat' dir='ltr'><strong>facultate</strong></span> <span class='ocrx_word' id='word_1_202' title='bbox 1117 2771 1400 2844; x_wconf 89' lang='lat' dir='ltr'><strong>ueniendi‚</strong></span> <span class='ocrx_word' id='word_1_203' title='bbox 1427 2771 1834 2831; x_wconf 85' lang='lat' dir='ltr'><strong>sanctimoniae</strong></span> <span class='ocrx_word' id='word_1_204' title='bbox 1864 2774 1997 2830; x_wconf 87' lang='lat' dir='ltr'><strong>tuae</strong></span> <span class='ocrx_word' id='word_1_205' title='bbox 2020 2769 2260 2830; x_wconf 88' lang='lat' dir='ltr'><strong>celebris</strong></span> <span class='ocrx_word' id='word_1_206' title='bbox 2282 2771 2395 2831; x_wconf 88' lang='lat' dir='ltr'><strong>huc</strong></span> <span class='ocrx_word' id='word_1_207' title='bbox 2422 2769 2577 2828; x_wconf 83' lang='lat' dir='ltr'><strong>fama</strong></span> 
     </span>
     <span class='ocr_line' id='line_1_23' title="bbox 323 2873 2575 2949; baseline -0.001 -15"><span class='ocrx_word' id='word_1_208' title='bbox 323 2875 612 2949; x_wconf 84' lang='lat' dir='ltr'><strong>perduxit,</strong></span> <span class='ocrx_word' id='word_1_209' title='bbox 657 2874 730 2933; x_wconf 90' lang='lat' dir='ltr'><strong>ad</strong></span> <span class='ocrx_word' id='word_1_210' title='bbox 757 2875 1099 2948; x_wconf 86' lang='lat' dir='ltr'><strong>promixtum</strong></span> <span class='ocrx_word' id='word_1_211' title='bbox 1131 2874 1375 2934; x_wconf 88' lang='lat' dir='ltr'><strong>dilectus</strong></span> <span class='ocrx_word' id='word_1_212' title='bbox 1416 2874 1501 2934; x_wconf 88' lang='lat' dir='ltr'><strong>tui</strong></span> <span class='ocrx_word' id='word_1_213' title='bbox 1531 2875 1772 2934; x_wconf 89' lang='lat' dir='ltr'><strong>caritate</strong></span> <span class='ocrx_word' id='word_1_214' title='bbox 1804 2891 1929 2934; x_wconf 89' lang='lat' dir='ltr'><strong>cum</strong></span> <span class='ocrx_word' id='word_1_215' title='bbox 1958 2874 2332 2934; x_wconf 87' lang='lat' dir='ltr'><strong>unanimitate</strong></span> <span class='ocrx_word' id='word_1_216' title='bbox 2363 2873 2575 2933; x_wconf 88' lang='lat' dir='ltr'><strong>frater-</strong></span> 
     </span>
     <span class='ocr_line' id='line_1_24' title="bbox 319 2976 2575 3053; baseline -0 -18"><span class='ocrx_word' id='word_1_217' title='bbox 319 2976 529 3036; x_wconf 83' lang='lat' dir='ltr'><strong>nitatis</strong></span> <span class='ocrx_word' id='word_1_218' title='bbox 560 2977 832 3036; x_wconf 88' lang='lat' dir='ltr'><strong>admittas</strong></span> <span class='ocrx_word' id='word_1_219' title='bbox 862 2979 920 3038; x_wconf 88' lang='lat' dir='ltr'><strong>et</strong></span> <span class='ocrx_word' id='word_1_220' title='bbox 949 2978 1127 3036; x_wconf 89' lang='lat' dir='ltr'><strong>amori</strong></span> <span class='ocrx_word' id='word_1_221' title='bbox 1158 2979 1255 3036; x_wconf 90' lang='lat' dir='ltr'><strong>tuo</strong></span> <span class='ocrx_word' id='word_1_222' title='bbox 1287 2994 1452 3051; x_wconf 88' lang='lat' dir='ltr'><strong>quem</strong></span> <span class='ocrx_word' id='word_1_223' title='bbox 1476 2976 1775 3053; x_wconf 83' lang='lat' dir='ltr'><strong>discipulis</strong></span> <span class='ocrx_word' id='word_1_224' title='bbox 1800 2978 1919 3038; x_wconf 88' lang='lat' dir='ltr'><strong>suis</strong></span> <span class='ocrx_word' id='word_1_225' title='bbox 1940 2976 2213 3038; x_wconf 89' lang='lat' dir='ltr'><strong>Dominus</strong></span> <span class='ocrx_word' id='word_1_226' title='bbox 2236 2976 2575 3038; x_wconf 86' lang='lat' dir='ltr'><strong>hereditatis</strong></span> 
     </span>
    </p>
   </div>
   <div class='ocr_carea' id='block_1_3' title="bbox 309 3260 2571 4538">
    <p class='ocr_par' dir='ltr' id='par_1_4' title="bbox 309 3260 2571 4538">
     <span class='ocr_line' id='line_1_25' title="bbox 460 3260 2509 3330; baseline 0.001 -16"><span class='ocrx_word' id='word_1_227' title='bbox 460 3263 488 3314; x_wconf 93' lang='lat'>1</span> <span class='ocrx_word' id='word_1_228' title='bbox 528 3262 722 3330; x_wconf 83' lang='lat' dir='ltr'><strong>graeci]</strong></span> <span class='ocrx_word' id='word_1_229' title='bbox 761 3262 942 3330; x_wconf 80' lang='lat' dir='ltr'><strong>gregis</strong></span> <span class='ocrx_word' id='word_1_230' title='bbox 967 3263 1020 3315; x_wconf 90' lang='lat' dir='ltr'><em>Z</em></span> <span class='ocrx_word' id='word_1_231' title='bbox 1155 3260 1190 3312; x_wconf 83' lang='lat'><strong>2</strong></span> <span class='ocrx_word' id='word_1_232' title='bbox 1223 3262 1298 3330; x_wconf 89' lang='lat' dir='ltr'><strong>in]</strong></span> <span class='ocrx_word' id='word_1_233' title='bbox 1337 3262 1404 3316; x_wconf 82' lang='lat' dir='ltr'><strong>‘ad</strong></span> <span class='ocrx_word' id='word_1_234' title='bbox 1428 3279 1475 3324; x_wconf 86' lang='lat' dir='ltr'><strong>v,</strong></span> <span class='ocrx_word' id='word_1_235' title='bbox 1501 3277 1600 3315; x_wconf 87' lang='lat' dir='ltr'><strong>om.</strong></span> <span class='ocrx_word' id='word_1_236' title='bbox 1629 3262 1683 3314; x_wconf 89' lang='lat' dir='ltr'><em>Z</em></span> <span class='ocrx_word' id='word_1_237' title='bbox 1816 3261 2139 3316; x_wconf 85' lang='lat' dir='ltr'><strong>animantem</strong></span> <span class='ocrx_word' id='word_1_238' title='bbox 2170 3261 2280 3327; x_wconf 63' lang='grc' dir='ltr'><strong>Τι’,</strong></span> <span class='ocrx_word' id='word_1_239' title='bbox 2318 3277 2417 3316; x_wconf 83' lang='lat' dir='ltr'><strong>om.</strong></span> <span class='ocrx_word' id='word_1_240' title='bbox 2455 3264 2509 3316; x_wconf 85' lang='lat' dir='ltr'><strong><em>Z</em></strong></span> 
     </span>
     <span class='ocr_line' id='line_1_26' title="bbox 321 3334 2499 3416; baseline -0.001 -14"><span class='ocrx_word' id='word_1_241' title='bbox 321 3334 430 3402; x_wconf 69' lang='lat' dir='ltr'><strong>dn&#39;o</strong></span> <span class='ocrx_word' id='word_1_242' title='bbox 466 3367 521 3416; x_wconf 83' lang='grc' dir='ltr'><strong>μ,</strong></span> <span class='ocrx_word' id='word_1_243' title='bbox 561 3347 648 3401; x_wconf 86' lang='lat' dir='ltr'><strong>dei</strong></span> <span class='ocrx_word' id='word_1_244' title='bbox 683 3348 768 3403; x_wconf 83' lang='lat' dir='ltr'><strong>Zv</strong></span> <span class='ocrx_word' id='word_1_245' title='bbox 907 3347 1021 3416; x_wconf 90' lang='lat' dir='ltr'><strong>ope]</strong></span> <span class='ocrx_word' id='word_1_246' title='bbox 1060 3363 1216 3416; x_wconf 87' lang='lat' dir='ltr'><strong>opere</strong></span> <span class='ocrx_word' id='word_1_247' title='bbox 1251 3365 1290 3416; x_wconf 86' lang='grc' dir='ltr'>μ</span> <span class='ocrx_word' id='word_1_248' title='bbox 1429 3347 1619 3401; x_wconf 85' lang='lat' dir='ltr'><strong>uiuent</strong></span> <span class='ocrx_word' id='word_1_249' title='bbox 1654 3347 1715 3412; x_wconf 83' lang='lat' dir='ltr'><strong>T,</strong></span> <span class='ocrx_word' id='word_1_250' title='bbox 1762 3347 2004 3402; x_wconf 86' lang='lat' dir='ltr'><strong>iuuantis</strong></span> <span class='ocrx_word' id='word_1_251' title='bbox 2040 3364 2071 3400; x_wconf 82' lang='lat' dir='ltr'><strong>r</strong></span> <span class='ocrx_word' id='word_1_252' title='bbox 2095 3349 2233 3402; x_wconf 73' lang='lat' dir='ltr'><strong>tsed</strong></span> <span class='ocrx_word' id='word_1_253' title='bbox 2256 3354 2277 3402; x_wconf 79' lang='lat' dir='ltr'><strong>t</strong></span> <span class='ocrx_word' id='word_1_254' title='bbox 2298 3350 2366 3402; x_wconf 75' lang='lat' dir='ltr'><strong>in</strong></span> <span class='ocrx_word' id='word_1_255' title='bbox 2386 3364 2499 3402; x_wconf 75' lang='lat' dir='ltr'><strong>ras.</strong></span> 
     </span>
     <span class='ocr_line' id='line_1_27' title="bbox 317 3433 2571 3503; baseline 0 -15"><span class='ocrx_word' id='word_1_256' title='bbox 317 3436 355 3488; x_wconf 88' lang='grc'><strong><em>3</em></strong></span> <span class='ocrx_word' id='word_1_257' title='bbox 393 3433 470 3486; x_wconf 90' lang='lat' dir='ltr'><strong>eis</strong></span> <span class='ocrx_word' id='word_1_258' title='bbox 504 3433 629 3488; x_wconf 86' lang='lat' dir='ltr'><strong>fidei</strong></span> <span class='ocrx_word' id='word_1_259' title='bbox 667 3433 764 3487; x_wconf 63' lang='grc' dir='ltr'><strong>Τι’</strong></span> <span class='ocrx_word' id='word_1_260' title='bbox 913 3434 1164 3487; x_wconf 84' lang='lat' dir='ltr'><strong>firmitati</strong></span> <span class='ocrx_word' id='word_1_261' title='bbox 1201 3434 1252 3487; x_wconf 92' lang='lat' dir='ltr'><strong><em>Z</em></strong></span> <span class='ocrx_word' id='word_1_262' title='bbox 1395 3433 1635 3502; x_wconf 84' lang='lat' dir='ltr'><strong>trepidus</strong></span> <span class='ocrx_word' id='word_1_263' title='bbox 1670 3433 1895 3487; x_wconf 85' lang='lat' dir='ltr'><strong>accessit</strong></span> <span class='ocrx_word' id='word_1_264' title='bbox 1928 3434 1977 3487; x_wconf 86' lang='lat' dir='ltr'><strong>is</strong></span> <span class='ocrx_word' id='word_1_265' title='bbox 2012 3435 2106 3503; x_wconf 89' lang='lat' dir='ltr'><strong>qui</strong></span> <span class='ocrx_word' id='word_1_266' title='bbox 2141 3435 2195 3489; x_wconf 92' lang='lat' dir='ltr'><strong><em>Z</em></strong></span> <span class='ocrx_word' id='word_1_267' title='bbox 2326 3435 2363 3488; x_wconf 87' lang='lat'>4</span> <span class='ocrx_word' id='word_1_268' title='bbox 2398 3436 2454 3488; x_wconf 87' lang='lat' dir='ltr'><strong>et</strong></span> <span class='ocrx_word' id='word_1_269' title='bbox 2488 3434 2571 3488; x_wconf 89' lang='lat' dir='ltr'><strong>in-</strong></span> 
     </span>
     <span class='ocr_line' id='line_1_28' title="bbox 316 3519 2503 3589; baseline 0.001 -17"><span class='ocrx_word' id='word_1_270' title='bbox 316 3523 476 3589; x_wconf 83' lang='lat' dir='ltr'><strong>tegra</strong></span> <span class='ocrx_word' id='word_1_271' title='bbox 511 3520 564 3572; x_wconf 92' lang='lat' dir='ltr'><em>Z</em></span> <span class='ocrx_word' id='word_1_272' title='bbox 788 3520 824 3576; x_wconf 89' lang='lat'>6</span> <span class='ocrx_word' id='word_1_273' title='bbox 860 3519 1094 3573; x_wconf 87' lang='lat' dir='ltr'><strong>romanis</strong></span> <span class='ocrx_word' id='word_1_274' title='bbox 1129 3519 1178 3572; x_wconf 93' lang='lat' dir='ltr'><em>Z</em></span> <span class='ocrx_word' id='word_1_275' title='bbox 1377 3519 1636 3573; x_wconf 84' lang='lat' dir='ltr'><strong>disseruit</strong></span> <span class='ocrx_word' id='word_1_276' title='bbox 1670 3519 1723 3572; x_wconf 92' lang='lat' dir='ltr'><em>Z</em></span> <span class='ocrx_word' id='word_1_277' title='bbox 1940 3520 1975 3574; x_wconf 87' lang='lat'>9</span> <span class='ocrx_word' id='word_1_278' title='bbox 2010 3519 2413 3574; x_wconf 84' lang='lat' dir='ltr'><strong>uerecumdatus</strong></span> <span class='ocrx_word' id='word_1_279' title='bbox 2449 3520 2503 3574; x_wconf 92' lang='lat' dir='ltr'><strong><em>Z</em></strong></span> 
     </span>
     <span class='ocr_line' id='line_1_29' title="bbox 315 3604 2496 3676; baseline 0 -16"><span class='ocrx_word' id='word_1_280' title='bbox 315 3605 618 3676; x_wconf 84' lang='lat' dir='ltr'><strong>utriusque]</strong></span> <span class='ocrx_word' id='word_1_281' title='bbox 667 3607 948 3673; x_wconf 83' lang='lat' dir='ltr'><strong>uirtusque</strong></span> <span class='ocrx_word' id='word_1_282' title='bbox 981 3607 1031 3658; x_wconf 93' lang='lat' dir='ltr'><strong><em>Z</em></strong></span> <span class='ocrx_word' id='word_1_283' title='bbox 1328 3605 1395 3658; x_wconf 90' lang='grc'><strong>10</strong></span> <span class='ocrx_word' id='word_1_284' title='bbox 1427 3604 1722 3660; x_wconf 86' lang='lat' dir='ltr'><strong>uerecunda</strong></span> <span class='ocrx_word' id='word_1_285' title='bbox 1757 3608 1813 3659; x_wconf 87' lang='lat' dir='ltr'><strong>et</strong></span> <span class='ocrx_word' id='word_1_286' title='bbox 1848 3606 1912 3670; x_wconf 90' lang='lat' dir='ltr'><strong>Z,</strong></span> <span class='ocrx_word' id='word_1_287' title='bbox 1948 3604 2334 3660; x_wconf 87' lang='lat' dir='ltr'><strong>inuerecundae</strong></span> <span class='ocrx_word' id='word_1_288' title='bbox 2367 3605 2496 3672; x_wconf 78' lang='lat' dir='ltr'><strong>fort.</strong></span> 
     </span>
     <span class='ocr_line' id='line_1_30' title="bbox 317 3691 2503 3762; baseline -0 -16"><span class='ocrx_word' id='word_1_289' title='bbox 317 3692 564 3762; x_wconf 81' lang='lat' dir='ltr'><strong>exploras</strong></span> <span class='ocrx_word' id='word_1_290' title='bbox 611 3695 668 3746; x_wconf 90' lang='lat' dir='ltr'><strong>et</strong></span> <span class='ocrx_word' id='word_1_291' title='bbox 716 3692 787 3757; x_wconf 88' lang='lat' dir='ltr'><strong>T,</strong></span> <span class='ocrx_word' id='word_1_292' title='bbox 835 3691 1117 3746; x_wconf 86' lang='lat' dir='ltr'><strong>exflorente</strong></span> <span class='ocrx_word' id='word_1_293' title='bbox 1162 3692 1212 3744; x_wconf 88' lang='lat' dir='ltr'><strong><em>Z</em></strong></span> <span class='ocrx_word' id='word_1_294' title='bbox 1686 3707 1747 3746; x_wconf 86' lang='lat' dir='ltr'><strong>ex</strong></span> <span class='ocrx_word' id='word_1_295' title='bbox 1791 3693 1993 3747; x_wconf 86' lang='lat' dir='ltr'><strong>semine</strong></span> <span class='ocrx_word' id='word_1_296' title='bbox 2040 3693 2125 3762; x_wconf 84' lang='grc' dir='ltr'><strong>Τμ</strong></span> <span class='ocrx_word' id='word_1_297' title='bbox 2140 3733 2153 3756; x_wconf 88' lang='grc'><em>,</em></span> <span class='ocrx_word' id='word_1_298' title='bbox 2203 3691 2403 3746; x_wconf 84' lang='lat' dir='ltr'><strong>semine</strong></span> <span class='ocrx_word' id='word_1_299' title='bbox 2450 3691 2503 3745; x_wconf 91' lang='lat' dir='ltr'><em>Z</em></span> 
     </span>
     <span class='ocr_line' id='line_1_31' title="bbox 331 3777 2571 3849; baseline 0 -17"><span class='ocrx_word' id='word_1_300' title='bbox 331 3781 397 3832; x_wconf 88' lang='lat'><strong>11</strong></span> <span class='ocrx_word' id='word_1_301' title='bbox 437 3780 544 3848; x_wconf 89' lang='lat' dir='ltr'><strong>uel]</strong></span> <span class='ocrx_word' id='word_1_302' title='bbox 583 3779 652 3834; x_wconf 85' lang='lat' dir='ltr'><strong>ad</strong></span> <span class='ocrx_word' id='word_1_303' title='bbox 686 3779 741 3833; x_wconf 91' lang='lat' dir='ltr'><strong><em>Z</em></strong></span> <span class='ocrx_word' id='word_1_304' title='bbox 1055 3780 1268 3848; x_wconf 80' lang='lat' dir='ltr'><strong>digesta</strong></span> <span class='ocrx_word' id='word_1_305' title='bbox 1303 3781 1452 3849; x_wconf 79' lang='lat' dir='ltr'><strong>sunt]</strong></span> <span class='ocrx_word' id='word_1_306' title='bbox 1487 3781 1542 3834; x_wconf 90' lang='lat' dir='ltr'><strong><em>Z</em></strong></span> <span class='ocrx_word' id='word_1_307' title='bbox 1569 3780 1658 3836; x_wconf 74' lang='lat' dir='ltr'><strong>hic</strong></span> <span class='ocrx_word' id='word_1_308' title='bbox 1691 3781 1889 3836; x_wconf 59' lang='lat' dir='ltr'><strong>insevit</strong></span> <span class='ocrx_word' id='word_1_309' title='bbox 1917 3785 2135 3849; x_wconf 79' lang='lat' dir='ltr'><strong>partem</strong></span> <span class='ocrx_word' id='word_1_310' title='bbox 2169 3780 2297 3834; x_wconf 70' lang='lat' dir='ltr'><strong>libri</strong></span> <span class='ocrx_word' id='word_1_311' title='bbox 2331 3777 2397 3832; x_wconf 88' lang='lat' dir='ltr'><strong>de</strong></span> <span class='ocrx_word' id='word_1_312' title='bbox 2431 3779 2571 3832; x_wconf 90' lang='lat' dir='ltr'><strong>bono</strong></span> 
     </span>
     <span class='ocr_line' id='line_1_32' title="bbox 319 3864 2567 3936; baseline -0 -18"><span class='ocrx_word' id='word_1_313' title='bbox 319 3865 632 3935; x_wconf 85' lang='lat' dir='ltr'><strong>pudicitiae,</strong></span> <span class='ocrx_word' id='word_1_314' title='bbox 659 3883 720 3934; x_wconf 79' lang='lat' dir='ltr'><strong>p.</strong></span> <span class='ocrx_word' id='word_1_315' title='bbox 761 3869 843 3931; x_wconf 84' lang='lat'><strong>13,</strong></span> <span class='ocrx_word' id='word_1_316' title='bbox 870 3872 940 3921; x_wconf 87' lang='lat'><strong>10</strong></span> <span class='ocrx_word' id='word_1_317' title='bbox 967 3866 1073 3919; x_wconf 81' lang='lat' dir='ltr'><strong>mei</strong></span> <span class='ocrx_word' id='word_1_318' title='bbox 1107 3867 1302 3934; x_wconf 85' lang='lat' dir='ltr'><strong>operis.</strong></span> <span class='ocrx_word' id='word_1_319' title='bbox 1325 3907 1336 3918; x_wconf 82' lang='lat'><strong>.</strong></span> <span class='ocrx_word' id='word_1_320' title='bbox 1361 3869 1470 3931; x_wconf 84' lang='lat'><strong><em>.15,</em></strong></span> <span class='ocrx_word' id='word_1_321' title='bbox 1505 3871 1571 3920; x_wconf 87' lang='lat'><strong>11</strong></span> <span class='ocrx_word' id='word_1_322' title='bbox 1594 3866 1861 3936; x_wconf 86' lang='lat' dir='ltr'><strong>pudicitia</strong></span> <span class='ocrx_word' id='word_1_323' title='bbox 1998 3865 2065 3920; x_wconf 83' lang='lat'><strong>12</strong></span> <span class='ocrx_word' id='word_1_324' title='bbox 2099 3864 2450 3919; x_wconf 84' lang='lat' dir='ltr'><strong>inundatione</strong></span> <span class='ocrx_word' id='word_1_325' title='bbox 2475 3904 2487 3917; x_wconf 90' lang='lat'><strong>.</strong></span> <span class='ocrx_word' id='word_1_326' title='bbox 2513 3903 2527 3916; x_wconf 90' lang='lat'><strong>.</strong></span> <span class='ocrx_word' id='word_1_327' title='bbox 2555 3903 2567 3916; x_wconf 93' lang='lat'><strong>.</strong></span> 
     </span>
     <span class='ocr_line' id='line_1_33' title="bbox 315 3949 2568 4020; baseline -0 -16"><span class='ocrx_word' id='word_1_328' title='bbox 315 3953 356 4005; x_wconf 84' lang='lat'><strong>1.</strong></span> <span class='ocrx_word' id='word_1_329' title='bbox 400 3953 472 4004; x_wconf 77' lang='lat'><strong>21</strong></span> <span class='ocrx_word' id='word_1_330' title='bbox 507 3951 768 4006; x_wconf 85' lang='lat' dir='ltr'><strong>facultate</strong></span> <span class='ocrx_word' id='word_1_331' title='bbox 801 3968 904 4006; x_wconf 85' lang='lat' dir='ltr'><strong>om.</strong></span> <span class='ocrx_word' id='word_1_332' title='bbox 941 3951 995 4005; x_wconf 92' lang='lat' dir='ltr'><strong><em>Z</em></strong></span> <span class='ocrx_word' id='word_1_333' title='bbox 1242 3953 1308 4005; x_wconf 81' lang='lat'><strong>17</strong></span> <span class='ocrx_word' id='word_1_334' title='bbox 1343 3951 1621 4006; x_wconf 89' lang='lat' dir='ltr'><strong>uiscendos</strong></span> <span class='ocrx_word' id='word_1_335' title='bbox 1654 3973 1693 4020; x_wconf 81' lang='grc' dir='ltr'>μ</span> <span class='ocrx_word' id='word_1_336' title='bbox 1946 3952 2013 4005; x_wconf 89' lang='grc'><strong>18</strong></span> <span class='ocrx_word' id='word_1_337' title='bbox 2046 3967 2142 4006; x_wconf 88' lang='lat' dir='ltr'><strong>nec</strong></span> <span class='ocrx_word' id='word_1_338' title='bbox 2166 3991 2178 4005; x_wconf 95' lang='lat'><strong>.</strong></span> <span class='ocrx_word' id='word_1_339' title='bbox 2205 3990 2220 4004; x_wconf 86' lang='lat'><strong>.</strong></span> <span class='ocrx_word' id='word_1_340' title='bbox 2248 3991 2261 4004; x_wconf 90' lang='lat'><strong>.</strong></span> <span class='ocrx_word' id='word_1_341' title='bbox 2290 3949 2568 4020; x_wconf 84' lang='lat' dir='ltr'><strong>redarguit</strong></span> 
     </span>
     <span class='ocr_line' id='line_1_34' title="bbox 323 4036 2567 4108; baseline -0 -17"><span class='ocrx_word' id='word_1_342' title='bbox 323 4054 428 4092; x_wconf 81' lang='lat' dir='ltr'><strong>om.</strong></span> <span class='ocrx_word' id='word_1_343' title='bbox 465 4057 504 4106; x_wconf 77' lang='grc' dir='ltr'>μ</span> <span class='ocrx_word' id='word_1_344' title='bbox 744 4036 1039 4106; x_wconf 85' lang='lat' dir='ltr'><strong>redarguit]</strong></span> <span class='ocrx_word' id='word_1_345' title='bbox 1075 4038 1373 4092; x_wconf 86' lang='lat' dir='ltr'><strong>retardauit</strong></span> <span class='ocrx_word' id='word_1_346' title='bbox 1405 4053 1466 4102; x_wconf 68' lang='grc' dir='ltr'><strong>υς</strong></span> <span class='ocrx_word' id='word_1_347' title='bbox 1499 4037 1775 4108; x_wconf 84' lang='lat' dir='ltr'><strong>redarguit</strong></span> <span class='ocrx_word' id='word_1_348' title='bbox 1810 4039 1846 4093; x_wconf 73' lang='lat' dir='ltr'><strong>i.</strong></span> <span class='ocrx_word' id='word_1_349' title='bbox 1884 4054 1928 4092; x_wconf 83' lang='lat' dir='ltr'><strong>e.</strong></span> <span class='ocrx_word' id='word_1_350' title='bbox 1966 4036 2280 4106; x_wconf 82' lang='lat' dir='ltr'><strong>impediuit3</strong></span> <span class='ocrx_word' id='word_1_351' title='bbox 2316 4036 2389 4101; x_wconf 82' lang='lat' dir='ltr'><strong>cf.</strong></span> <span class='ocrx_word' id='word_1_352' title='bbox 2432 4037 2567 4090; x_wconf 79' lang='lat' dir='ltr'><strong>Gae—</strong></span> 
     </span>
     <span class='ocr_line' id='line_1_35' title="bbox 318 4122 2565 4193; baseline -0.001 -15"><span class='ocrx_word' id='word_1_353' title='bbox 318 4126 434 4178; x_wconf 73' lang='lat' dir='ltr'><strong>lius</strong></span> <span class='ocrx_word' id='word_1_354' title='bbox 470 4122 662 4178; x_wconf 67' lang='lat' dir='ltr'><strong>Aurei.</strong></span> <span class='ocrx_word' id='word_1_355' title='bbox 699 4124 766 4179; x_wconf 80' lang='lat' dir='ltr'><strong>de</strong></span> <span class='ocrx_word' id='word_1_356' title='bbox 797 4139 866 4178; x_wconf 84' lang='lat' dir='ltr'><strong>m.</strong></span> <span class='ocrx_word' id='word_1_357' title='bbox 905 4125 1086 4179; x_wconf 76' lang='lat' dir='ltr'><strong>acutis</strong></span> <span class='ocrx_word' id='word_1_358' title='bbox 1123 4124 1175 4188; x_wconf 89' lang='lat' dir='ltr'><strong>I,</strong></span> <span class='ocrx_word' id='word_1_359' title='bbox 1210 4127 1294 4189; x_wconf 85' lang='lat'><strong>15,</strong></span> <span class='ocrx_word' id='word_1_360' title='bbox 1331 4127 1435 4179; x_wconf 80' lang='lat'><strong>121</strong></span> <span class='ocrx_word' id='word_1_361' title='bbox 1475 4125 1669 4192; x_wconf 72' lang='lat' dir='ltr'><strong>(Amat.</strong></span> <span class='ocrx_word' id='word_1_362' title='bbox 1704 4127 1865 4193; x_wconf 84' lang='lat'><strong><em>1709)</em></strong></span> <span class='ocrx_word' id='word_1_363' title='bbox 2158 4123 2225 4176; x_wconf 80' lang='lat'><strong>19</strong></span> <span class='ocrx_word' id='word_1_364' title='bbox 2260 4123 2565 4192; x_wconf 76' lang='lat' dir='ltr'><strong>stimulatu]</strong></span> 
     </span>
     <span class='ocr_line' id='line_1_36' title="bbox 313 4209 2569 4280; baseline -0.002 -14"><span class='ocrx_word' id='word_1_365' title='bbox 313 4211 592 4266; x_wconf 75' lang='lat' dir='ltr'><strong>famulatu</strong></span> <span class='ocrx_word' id='word_1_366' title='bbox 629 4209 754 4265; x_wconf 71' lang='lat' dir='ltr'><strong>Bal.</strong></span> <span class='ocrx_word' id='word_1_367' title='bbox 793 4227 862 4266; x_wconf 80' lang='lat' dir='ltr'><strong>ex</strong></span> <span class='ocrx_word' id='word_1_368' title='bbox 897 4227 928 4263; x_wconf 83' lang='lat' dir='ltr'><strong>r</strong></span> <span class='ocrx_word' id='word_1_369' title='bbox 1177 4210 1436 4265; x_wconf 82' lang='lat' dir='ltr'><strong>festinata</strong></span> <span class='ocrx_word' id='word_1_370' title='bbox 1470 4211 1596 4280; x_wconf 82' lang='grc' dir='ltr'><strong>Ζμυ</strong></span> <span class='ocrx_word' id='word_1_371' title='bbox 1852 4211 1923 4264; x_wconf 86' lang='grc'><strong>20</strong></span> <span class='ocrx_word' id='word_1_372' title='bbox 1956 4211 2322 4280; x_wconf 87' lang='lat' dir='ltr'><strong>contemptata</strong></span> <span class='ocrx_word' id='word_1_373' title='bbox 2355 4230 2412 4278; x_wconf 89' lang='grc' dir='ltr'><strong>μ,</strong></span> <span class='ocrx_word' id='word_1_374' title='bbox 2448 4223 2569 4263; x_wconf 85' lang='lat' dir='ltr'><strong>con-</strong></span> 
     </span>
     <span class='ocr_line' id='line_1_37' title="bbox 309 4295 2429 4365; baseline -0.001 -13"><span class='ocrx_word' id='word_1_375' title='bbox 309 4299 470 4352; x_wconf 77' lang='lat' dir='ltr'><strong>tenta</strong></span> <span class='ocrx_word' id='word_1_376' title='bbox 507 4297 578 4352; x_wconf 82' lang='lat' dir='ltr'><strong>Tt</strong></span> <span class='ocrx_word' id='word_1_377' title='bbox 849 4297 913 4352; x_wconf 83' lang='lat'><strong>21</strong></span> <span class='ocrx_word' id='word_1_378' title='bbox 953 4298 1181 4353; x_wconf 85' lang='lat' dir='ltr'><strong>celebres</strong></span> <span class='ocrx_word' id='word_1_379' title='bbox 1223 4299 1294 4353; x_wconf 70' lang='grc' dir='ltr'><strong>Τί</strong></span> <span class='ocrx_word' id='word_1_380' title='bbox 1555 4299 1658 4352; x_wconf 87' lang='lat' dir='ltr'><strong>hac</strong></span> <span class='ocrx_word' id='word_1_381' title='bbox 1692 4299 1745 4353; x_wconf 88' lang='lat' dir='ltr'><strong><em>Z</em></strong></span> <span class='ocrx_word' id='word_1_382' title='bbox 2005 4296 2075 4351; x_wconf 88' lang='grc'><strong>22</strong></span> <span class='ocrx_word' id='word_1_383' title='bbox 2108 4295 2357 4365; x_wconf 84' lang='lat' dir='ltr'><strong>produxit</strong></span> <span class='ocrx_word' id='word_1_384' title='bbox 2390 4315 2429 4365; x_wconf 87' lang='grc' dir='ltr'><strong><em>μ</em></strong></span> 
     </span>
     <span class='ocr_line' id='line_1_38' title="bbox 327 4383 2435 4453; baseline 0.001 -18"><span class='ocrx_word' id='word_1_385' title='bbox 327 4383 654 4452; x_wconf 84' lang='lat' dir='ltr'><strong>premixtum</strong></span> <span class='ocrx_word' id='word_1_386' title='bbox 694 4383 779 4448; x_wconf 70' lang='grc' dir='ltr'><strong>Τί,</strong></span> <span class='ocrx_word' id='word_1_387' title='bbox 815 4384 1108 4452; x_wconf 84' lang='lat' dir='ltr'><strong>proximam</strong></span> <span class='ocrx_word' id='word_1_388' title='bbox 1145 4383 1269 4453; x_wconf 87' lang='grc' dir='ltr'><strong>Ζμυ</strong></span> <span class='ocrx_word' id='word_1_389' title='bbox 1423 4383 1647 4438; x_wconf 86' lang='lat' dir='ltr'><strong>dilectos</strong></span> <span class='ocrx_word' id='word_1_390' title='bbox 1680 4385 1765 4437; x_wconf 88' lang='lat' dir='ltr'><strong>tui</strong></span> <span class='ocrx_word' id='word_1_391' title='bbox 1800 4384 1866 4447; x_wconf 91' lang='lat' dir='ltr'><strong>Z,</strong></span> <span class='ocrx_word' id='word_1_392' title='bbox 1898 4383 2205 4438; x_wconf 85' lang='lat' dir='ltr'><strong>dilectionis</strong></span> <span class='ocrx_word' id='word_1_393' title='bbox 2239 4383 2368 4436; x_wconf 85' lang='lat' dir='ltr'><strong>tuae</strong></span> <span class='ocrx_word' id='word_1_394' title='bbox 2398 4399 2435 4438; x_wconf 82' lang='lat' dir='ltr'><strong><em>v</em></strong></span> 
     </span>
     <span class='ocr_line' id='line_1_39' title="bbox 311 4468 1215 4538; baseline 0.004 -17"><span class='ocrx_word' id='word_1_395' title='bbox 311 4468 600 4522; x_wconf 82' lang='lat' dir='ltr'><strong>caritatem</strong></span> <span class='ocrx_word' id='word_1_396' title='bbox 637 4469 791 4538; x_wconf 84' lang='grc' dir='ltr'><em>Ζμυ,·</em></span> <span class='ocrx_word' id='word_1_397' title='bbox 827 4470 898 4534; x_wconf 78' lang='lat' dir='ltr'><strong>cf.</strong></span> <span class='ocrx_word' id='word_1_398' title='bbox 928 4487 987 4538; x_wconf 76' lang='lat' dir='ltr'><strong>p.</strong></span> <span class='ocrx_word' id='word_1_399' title='bbox 1025 4473 1144 4534; x_wconf 82' lang='lat'><strong><em>132,</em></strong></span> <span class='ocrx_word' id='word_1_400' title='bbox 1181 4473 1215 4525; x_wconf 88' lang='lat'>6</span> 
     </span>
    </p>
   </div>
   <div class='ocr_carea' id='block_1_4' title="bbox 506 4563 2155 4624">
    <p class='ocr_par' dir='ltr' id='par_1_5' title="bbox 506 4563 2155 4624">
     <span class='ocr_line' id='line_1_40' title="bbox 506 4563 2155 4624; baseline 0.008 -2"><span class='ocrx_word' id='word_1_401' title='bbox 506 4575 552 4622; x_wconf 72' lang='grc' dir='ltr'><strong>Α</strong></span> <span class='ocrx_word' id='word_1_402' title='bbox 586 4575 668 4623; x_wconf 89' lang='lat'><strong>111</strong></span> <span class='ocrx_word' id='word_1_403' title='bbox 2116 4563 2155 4624; x_wconf 87' lang='grc'><strong>9</strong></span> 
     </span>
    </p>
   </div>
  </div>
 </body>
</html>
