3217 5150
972 544 1059 595 De
1096 540 1294 596 laude
1331 541 1652 609 martyrii
1701 557 1741 593 c.
1780 542 1935 594 5-8.
2495 543 2574 607 31

317 701 667 764 lactentibus
709 701 938 776 stipulis
981 701 1234 760 distenta
1273 700 1550 760 imbribus
1591 701 1880 760 frumenta
1904 704 2261 774 turgescunt,
2310 702 2579 766 fecundae

318 823 534 873 messes
579 806 858 878 coguntur
897 807 1116 862 aestate
1135 849 1148 874 ,
1193 802 1276 862 sic
1317 803 1578 876 quotiens
1620 803 1771 862 ferro
1817 803 1956 862 uitis
2000 803 2342 876 absciditur,
2393 820 2581 863 erum·

318 908 585 981 pentibus
629 906 912 980 pampinis
955 905 1156 965 melius
1197 923 1310 964 uua
1349 905 1614 964 uestitur,
1662 923 1793 964 nam
1822 908 1881 964 et
1909 905 1971 964 in
2000 906 2306 966 aduentum
2335 921 2577 979 prouen—

319 1010 438 1068 turi
488 1010 762 1083 temporis
816 1009 964 1068 cedit
1014 1008 1290 1082 quidquid
1343 1007 1552 1066 iniuria
1603 1025 1709 1067 sua
1760 1007 2001 1082 proficit.
2066 1009 2321 1068 flammas
2374 1008 2581 1082 quippe

275 1137 300 1173 a
319 1113 650 1187 plerumque
691 1112 848 1186 agris
890 1110 1039 1170 iuuit
1092 1110 1378 1170 inmittere
1409 1119 1533 1183 .quo
1579 1112 1735 1170 calor
1780 1110 2081 1184 euagantis
2128 1111 2374 1170 incendii
2417 1129 2583 1170 caeca

317 1220 504 1276 terrae
533 1215 880 1290 spiramenta
919 1215 1168 1274 laxaret:
1216 1215 1362 1273 iuuit
1402 1215 1560 1273 leues
1590 1214 1836 1286 stipulas
1867 1214 2171 1287 crepitanti
2200 1215 2335 1287 igne
2366 1219 2579 1274 torrere

319 1323 384 1379 ut
424 1319 506 1379 sic
547 1335 608 1378 se
649 1318 826 1376 altius
855 1318 1094 1391 grauida
1123 1334 1288 1390 seges
1317 1317 1574 1387 tolleret,
1620 1317 2067 1389 parturientibus
2111 1317 2309 1376 culmis
2353 1317 2581 1378 densior

319 1422 498 1480 arista
525 1423 765 1481 floreret.
801 1422 980 1494 igitur
1007 1422 1146 1478 talis
1175 1423 1234 1479 et
1261 1421 1520 1496 martyrii
1551 1421 1733 1493 primo
1758 1437 1943 1492 casm,
1975 1422 2330 1494 postmodum
2361 1420 2581 1480 fructus

319 1527 428 1594 est,
461 1524 557 1596 qui
587 1526 766 1583 morte
797 1525 978 1582 uitam
1008 1524 1343 1582 condemnat
1371 1527 1437 1581 ut
1465 1524 1645 1582 uitam
1676 1526 1856 1582 morte
1887 1523 2189 1582 custodiat.

249 1653 298 1692 10
407 1625 553 1695 Quid
597 1628 746 1685 enim
789 1629 906 1685 tam
949 1627 1214 1684 eximium
1261 1628 1443 1701 adque
1473 1627 1717 1686 sublime
1746 1630 1836 1685 est
1868 1643 2036 1699 quam
2066 1627 2217 1684 inter
2245 1628 2333 1685 tot
2361 1625 2582 1684 instru-
2600 1625 2637 1682 8

319 1733 511 1790 menta
543 1730 864 1789 carnificum
898 1730 1194 1789 deuotione
1223 1731 1460 1788 robusta
1491 1733 1753 1791 cunctam
1784 1730 1917 1788 fidei
1946 1745 2234 1788 reseruare
2266 1729 2577 1804 uirtutem?

319 1834 460 1907 quid
487 1837 606 1892 tam
637 1849 902 1906 magnum
935 1834 1116 1906 adque
1145 1833 1586 1905 pulcherrimum
1618 1851 1789 1906 quam
1810 1834 1960 1894 intel·
1982 1836 2069 1892 tot
2092 1832 2579 1892 circumstantium

318 1937 542 2010 gladios
570 1936 860 1996 libertatis
901 1954 1036 1995 suae
1080 1937 1368 1995 dominum
1396 1955 1464 1995 ac
1510 1937 1717 1995 salutis
1758 1939 2045 1994 auctorem
2076 1936 2323 2009 repetita
2352 1936 2580 2009 saepius

317 2057 457 2098 uoce
485 2041 758 2114 profiteri,
790 2043 850 2098 et
881 2041 1118 2098 maxime
1151 2040 1203 2097 si
1231 2043 1363 2098 ante
1407 2041 1598 2098 oculos
1639 2042 1769 2098 tuos
1798 2057 1977 2112 ponas
2007 2040 2153 2098 nihil
2184 2039 2579 2100 detestabilius

243 2165 296 2203 ιε,
321 2157 444 2201 esse
495 2143 784 2215 dedecore,
837 2143 986 2200 nihil
1039 2143 1260 2202 foedius
1311 2143 1604 2212 seruitute,
1660 2142 1817 2200 aliud
1858 2145 1915 2200 te
1968 2143 2171 2201 debere
2214 2143 2327 2202 iam
2366 2145 2579 2216 petere,

317 2246 492 2306 aliud·
519 2251 714 2320 optare
743 2246 872 2303 iam
897 2245 1055 2304 nihil
1087 2264 1256 2318 quam
1277 2246 1630 2319 eripiendum
1660 2263 1781 2304 esse
1814 2243 2069 2306 cladibus
2100 2246 2332 2317 saeculi,
2371 2263 2581 2304 exuen-

318 2340 450 2407 dum
503 2351 670 2408 malis
721 2351 916 2407 mundi
959 2353 1016 2408 et
1057 2350 1207 2408 inter
1238 2350 1434 2408 ruinas
1465 2349 1619 2408 orbis
1652 2349 1766 2406 iam
1806 2349 2031 2422 iamque
2060 2328 2299 2422 perituri
2328 2348 2579 2408 alienum

317 2471 352 2510 a
397 2455 626 2510 terrena
675 2451 1008 2525 contagione
1061 2452 1298 2510 uersari.
1346 2453 1480 2524 quid
1533 2452 1683 2510 enim
1736 2451 1845 2508 tibi
1892 2467 2017 2509 cum
2058 2451 2167 2510 hac
2207 2450 2331 2510 luce
2363 2451 2453 2508 cui
2482 2449 2581 2507 lux

461 2738 492 2793 1
531 2736 857 2790 lactentibus
893 2736 1118 2804 scripsi,
1156 2731 1452 2789 latentibus
1488 2735 2152 2805 LNPQT,.1aetantibus
2188 2752 2246 2802 v,
2285 2735 2581 2789 iacentibus

322 2823 604 2877 Pamelius
843 2825 1188 2891 turgrescunt
1223 2822 1303 2887 L,
1355 2824 1679 2890 turgesgunt
1714 2838 1775 2875 ac
1816 2824 1867 2875 Τ
2103 2822 2137 2873 2
2176 2824 2471 2889 coquuntur
2514 2824 2584 2887 (2²

319 2910 606 2977 (coguntur
641 2909 822 2979 ΜΨ),
857 2910 988 2974 fort.
1024 2907 1319 2961 conduntur
1505 2908 1646 2961 uites
1681 2908 1746 2961 N
1776 2924 1830 2959 es
1864 2908 1927 2961 in
1950 2923 2061 2961 ras,
2250 2908 2584 2962 abscinditm·

317 3011 368 3058 v,
404 2994 752 3049 absciduntur
789 2996 852 3049 N
1107 2995 1144 3050 3
1181 2994 1286 3047 uba
1328 2995 1377 3047 T
1632 2993 1867 3047 aduentu
1904 2995 1990 3059 N,
2029 2997 2378 3061 augmentum
2414 3012 2446 3049 v

315 3080 354 3133 4
388 3080 548 3149 cedit]
583 3081 675 3133 sed
711 3080 768 3135 id
805 3081 946 3151 0¹1⁷,
983 3080 1124 3133 sedit
1164 3080 1252 3150 0²,
1289 3096 1344 3133 se
1381 3079 1494 3133 edit
1529 3080 1602 3133 M
1630 3080 1725 3133 sed
1772 3080 1884 3133 edit
1918 3081 1980 3133 in
2003 3094 2112 3133 ras.
2323 3080 2583 3148 quidquid

317 3168 376 3219 in
413 3167 490 3230 N,
526 3166 653 3235 quid
694 3167 745 3221 Τ
969 3167 1209 3235 'profecit
1249 3166 1295 3235 Q
1539 3166 1573 3218 5
1610 3167 1757 3233 agris
1795 3166 1937 3218 iuuit
1973 3166 2039 3230 P,
2079 3166 2227 3233 agris
2262 3168 2419 3219 iuuat
2458 3168 2586 3237 (PT

319 3254 440 3318 (nat
465 3254 514 3307 T
525 3254 589 3306 in
605 3254 757 3318 raa),
795 3252 943 3321 agris
962 3252 1104 3319 (agri
1141 3252 1216 3319 L)
1252 3252 1300 3305 si
1338 3253 1458 3305 uult
1496 3251 1625 3315 LN,
1661 3254 1807 3319 agris
1842 3251 1962 3305 ubit
1991 3252 2052 3322 Q,
2090 3254 2227 3306 acris
2263 3253 2412 3307 subit
2446 3254 2518 3307 M

318 3338 518 3391 calores
543 3338 611 3402 L,
639 3338 812 3391 calore
837 3339 1027 3408 PQTv
1165 3338 1418 3406 uagantis
1444 3338 1567 3401 LP,
1603 3339 1845 3391 uacantis
1876 3340 1937 3402 Τ,
1962 3340 2207 3395 uocantis
2236 3340 2281 3409 Q
2418 3341 2451 3393 6
2474 3342 2580 3393 ter-

315 3438 409 3477 rae
443 3440 545 3478 om.
585 3426 652 3479 N
815 3425 1022 3479 laxaret
1057 3425 1126 3488 L,
1161 3425 1338 3479 laxare
1373 3426 1439 3478 N
1436 3425 1609 3495 ΡῼΤ,
1647 3425 1892 3479 laxentur
1926 3443 1959 3479 υ
2133 3425 2285 3479 iuuet
2316 3426 2394 3489 N,
2432 3426 2582 3481 iubet

321 3511 426 3581 ΩΤ
554 3512 700 3565 leues
725 3528 824 3565 om.
857 3514 919 3577 Τ,
944 3512 1094 3581 plebe
1122 3512 1169 3581 Q
1306 3512 1556 3580 crepitati
1579 3512 1709 3581 ΡΨ
1874 3514 2017 3565 torre
2046 3512 2189 3582 QT1,
2214 3514 2412 3565 terrore
2435 3514 2513 3565 L¹

318 3596 348 3649 7
386 3598 461 3650 sic
495 3615 549 3651 se
571 3586 784 3664 scripsi,
821 3597 868 3649 si
895 3614 950 3649 se
977 3598 1098 3659 LN,
1141 3597 1226 3649 sin
1253 3598 1316 3666 Q,
1353 3597 1400 3650 si
1423 3599 1480 3649 in
1513 3599 1572 3660 Τ,
1613 3599 1659 3649 si
1684 3598 1753 3663 P,
1779 3614 1833 3650 se
1858 3615 1889 3653 v
2028 3596 2219 3651 tollere
2247 3598 2352 3668 ΩΤ
2390 3598 2580 3659 Oxou„

301 3686 402 3743 ,set
439 3683 656 3736 tolleret
687 3684 756 3748 P,
793 3682 1010 3736 tolleret
1045 3686 1100 3735 et
1135 3700 1168 3737 υ
1303 3684 1340 3737 8
1373 3683 1556 3743 ualeat
1591 3682 1775 3735 florere
1819 3683 1991 3737 Oxou.
2130 3682 2271 3736 tales
2298 3683 2519 3753 LNQT

317 3769 546 3837 martyri
578 3770 708 3835 fort.
953 3769 988 3825 9
1027 3771 1253 3823 mortem
1294 3770 1374 3838 Qv
1614 3769 1807 3837 uitam]
1846 3771 1961 3821 tam
1990 3784 2022 3823 v
2230 3770 2581 3837 condempnat

318 3856 405 3919 M,
441 3858 750 3909 contemnat
774 3855 854 3925 Qv
1061 3856 1180 3909 uita
1215 3858 1440 3909 m01tem
1470 3857 1519 3910 Τ
1555 3886 1564 3893 ·
1717 3856 1787 3911 10
1821 3855 1975 3923 quid.
1998 3896 2007 3906 .
2032 3856 2315 3908 .ui1·tutem
2339 3872 2439 3909 om.
2468 3856 2514 3925 Q

315 3941 587 4009 eximium]
612 3941 862 4009 exiguum
885 3941 941 3995 P
1079 3941 1341 3994 sublimen
1370 3941 1420 3995 T
1523 3944 1824 3995 strumenta
1852 3941 1901 3994 T
2036 3941 2099 3993 11
2124 3956 2356 3993 reserare
2380 3943 2508 4009 fort.

317 4026 384 4081 12
421 4026 568 4095 quid]
606 4027 748 4093 enim
773 4027 900 4081 add.
931 4028 977 4097 Q
1163 4027 1570 4081 circumstantes
1595 4028 1663 4081 N
1790 4062 1795 4067 -
1819 4027 1891 4083 13
1919 4026 2175 4079 libertate
2200 4043 2326 4081 suae
2351 4014 2455 4081 dns
2461 4029 2516 4082 L
2624 4074 2631 4082 .

317 4112 386 4166 14
417 4114 658 4181 profiteri
695 4114 811 4183 ΜΩ
846 4114 949 4166 teri
983 4114 1048 4167 in
1067 4128 1195 4177 rae„
1231 4113 1460 4182 profecti
1501 4113 1629 4183 0¹1⁷
1877 4128 2071 4182 ponam
2112 4113 2159 4183 ρ
2376 4114 2442 4167 15
2476 4130 2582 4167 ser-

317 4196 516 4267 uitute]
553 4199 694 4252 nihil
732 4199 860 4253 add.
897 4217 931 4255 v
1171 4201 1368 4269 petere]
1405 4204 1619 4268 praeter
1658 4201 1703 4270 Q
1949 4201 2015 4253 16
2051 4199 2161 4253 iam
2196 4200 2337 4253 nihil
2370 4200 2581 4265 addidi,

315 4300 418 4339 om.
457 4284 758 4355 LNPQTv
977 4285 1222 4339 cladibus
1258 4301 1325 4340 ex
1361 4285 1558 4354 gladiis
1595 4286 1648 4339 Τ
1861 4284 2151 4337 exeundum
2187 4286 2432 4355 M²PQ²,
2466 4302 2580 4339 exe-

313 4370 508 4424 undem
545 4371 769 4441 M¹Q¹T
982 4372 1046 4424 17
1083 4375 1138 4425 et
1176 4372 1236 4436 Τ,
1271 4388 1368 4425 nec
1402 4371 1646 4442 LNPQ·
1853 4371 1918 4423 18
1954 4388 2163 4426 uersare
2202 4372 2301 4442 ΩΤ
2490 4372 2582 4425 lux

316 4456 592 4512 exlexL
