3217 5150
653 578 770 642 166
1582 542 1948 644 A-ppendix.

643 732 878 806 peribus
893 777 908 806 ,
951 736 1016 793 ut
1056 735 1238 793 semet
1280 733 1434 809 ipsos
1466 733 1669 807 quales
1712 730 1832 791 sint
1870 729 2213 805 intellegant
2255 734 2315 791 et
2356 732 2507 807 quod
2544 731 2716 792 rebus
2758 748 2894 792 con·

645 836 807 910 sequi
835 853 949 895 non
978 836 1173 897 ualent
1201 836 1414 896 mentis
1439 838 1661 896 tumore
1692 834 1984 909 superbire
2015 835 2316 895 desistant.

1501 1022 1657 1083 REX
1699 1022 2031 1094 INIQVVS.

583 1162 622 1218 9
732 1162 929 1223 Nonus
959 1164 1250 1224 abusionis
1279 1163 1492 1239 gradus
1521 1165 1614 1223 est
1642 1178 1744 1223 rex
1772 1160 2017 1236 iniquus.
2042 1160 2253 1221 etenim
2275 1176 2469 1235 regem
2498 1177 2613 1221 non
2633 1160 2891 1235 iniquum

645 1265 746 1325 sed
777 1268 1146 1327 correctorem
1175 1265 1496 1341 iniquorum
1524 1280 1651 1325 esse
1682 1266 1923 1338 oportet.
1969 1264 2116 1324 unde
2166 1264 2228 1323 in
2270 1264 2603 1339 semetipso
2644 1264 2892 1325 nominis
2910 1288 2937 1325 s

647 1368 738 1428 sui
767 1368 1103 1443 dignitatem
1135 1368 1418 1430 custodire
1449 1368 1653 1428 debet:
1690 1382 1902 1434 ,nomen
1930 1367 2081 1427 enim
2109 1364 2264 1442 regis
2294 1366 2764 1427 intellectualiter
2786 1370 2895 1427 hoc

647 1471 857 1531 retinet
872 1516 886 1543 ,
931 1474 998 1531 ut
1025 1471 1299 1532 subiectis
1328 1470 1589 1531 omnibus
1620 1470 1859 1531 rectoris
1887 1468 2137 1531 officium
2167 1472 2445 1545 procuret.
2494 1470 2597 1531 sed
2642 1470 2895 1543 qualiter

646 1574 792 1635 alios
842 1574 1124 1649 corrigeu
1174 1574 1388 1649 poterit
1431 1572 1529 1649 qui
1580 1574 1840 1649 proprios
1890 1590 2075 1633 mores
2118 1590 2190 1634 ne
2232 1573 2415 1648 iniqui
2458 1572 2577 1632 sint
2620 1590 2735 1633 non
2766 1590 2891 1632 cor-

643 1677 782 1751 rigit
795 1680 822 1735 ’ἒ
869 1677 1134 1751 quoniam
1161 1676 1390 1736 iustitia
1416 1677 1570 1752 regis
1621 1676 1907 1736 exaltatur
1958 1675 2163 1737 solium
2207 1678 2265 1736 et
2292 1676 2539 1736 ueritate
2568 1676 2893 1736 solidantur

641 1779 1024 1856 gubernacula
1051 1780 1404 1855 populorum.
1450 1778 1677 1839 iustitia
1714 1796 1849 1840 uero
1890 1779 2046 1854 regis
2088 1782 2180 1839 est
2220 1779 2501 1839 neminem
2542 1779 2757 1839 iniuste
2786 1795 2889 1853 per
2908 1798 2961 1836 ιο

641 1882 952 1955 potentiam
975 1882 1307 1957 opprimere,
1340 1882 1463 1944 sine
1483 1882 1807 1957 acceptione
1830 1898 2199 1957 personarum
2222 1882 2374 1941 inter
2404 1882 2589 1941 uirum
2617 1883 2678 1940 et
2696 1882 2891 1956 proxi-

640 2002 793 2044 mum
825 2002 990 2044 suum
1019 1985 1270 2046 iudicare
1289 2031 1304 2058 ,
1358 1984 1596 2045 aduenis
1639 1989 1699 2045 et
1740 1984 1979 2061 pupillis
2021 1988 2081 2045 et
2122 1985 2315 2045 uiduis
2346 1983 2697 2045 defensorem
2740 2002 2891 2059 esse,

643 2086 800 2146 furta
829 2088 1091 2149 cohibere
1108 2134 1123 2163 ,
1176 2088 1459 2149 adulteria
1487 2088 1689 2163 punire
1708 2133 1723 2163 ,
1776 2088 2003 2164 iniquos
2030 2106 2146 2148 non
2176 2087 2427 2148 exaltare
2444 2134 2459 2161 ,
2502 2088 2800 2161 inpudicos
2832 2091 2892 2147 et

643 2188 952 2252 histriones
998 2208 1108 2251 non
1137 2192 1378 2263 nutrire,
1423 2191 1631 2265 impios
1660 2192 1728 2251 de
1756 2194 1914 2251 terra
1940 2191 2197 2265 perdere,
2242 2190 2558 2265 parricidas
2602 2202 2661 2251 et
2690 2191 2887 2265 periu-

642 2296 840 2353 rantes
890 2294 1082 2355 uiuere
1112 2312 1225 2355 non
1255 2296 1439 2356 sinere
1457 2341 1474 2369 ,
1519 2295 1794 2356 ecclesias
1822 2294 2123 2355 defendere
2139 2339 2154 2368 ,
2203 2310 2483 2369 pauperes
2512 2294 2889 2371 eleemosynis
2908 2316 2957 2355 ιε

641 2396 793 2457 alere
811 2442 828 2470 ,
872 2396 1054 2458 iustos
1088 2415 1258 2473 super
1294 2398 1458 2473 regni
1507 2398 1742 2473 negotia
1782 2398 2126 2458 constituere
2143 2443 2159 2470 ‚
2206 2414 2374 2459 senes
2404 2401 2464 2457 et
2505 2398 2793 2473 sapientes
2830 2402 2891 2459 et

645 2501 866 2561 sobrios
906 2500 1256 2562 consiliarios
1286 2502 1497 2562 habere
1512 2547 1529 2576 ,
1575 2518 1870 2578 magorum
1898 2504 1956 2564 et
1984 2502 2287 2563 ariolorum
2317 2500 2891 2578 pythonissarumque

642 2605 1146 2681 superstitionibus
1173 2624 1288 2666 non
1317 2607 1611 2667 intendere
1633 2651 1648 2679 ,
1678 2605 2027 2666 iracundiam
2056 2605 2284 2665 differre
2302 2650 2319 2678 ,
2378 2604 2622 2679 patriam
2662 2604 2895 2665 fortiter

641 2713 703 2770 et
731 2709 882 2769 iuste
912 2711 1108 2769 contra
1144 2708 1499 2768 aduersarios
1529 2707 1829 2768 defendere
1844 2753 1859 2780 ,
1904 2724 2005 2782 per
2055 2707 2244 2768 omnia
2270 2705 2333 2766 in
2361 2706 2479 2767 Deo
2510 2707 2722 2779 uiuere,
2754 2725 2889 2782 pro-

641 2811 1010 2887 speritatibus
1048 2829 1162 2871 non
1211 2810 1430 2870 eleuare
1503 2811 1773 2884 animum,
1832 2813 2036 2871 cuncta
2094 2811 2331 2871 aduersa
2380 2811 2665 2886 patienter
2717 2811 2889 2886 ferre,
2906 2832 2960 2875 no

641 2913 808 2974 fidem
852 2914 1190 2974 catholicam
1225 2913 1285 2972 in
1315 2914 1494 2973 Deum
1522 2914 1755 2987 habere,
1786 2911 1935 2973 filios
1964 2930 2098 2973 suos
2108 2930 2241 2984 ,non
2270 2911 2455 2973 sinere
2483 2913 2654 2986 impie
2696 2931 2889 2989 agere,

637 3017 808 3077 certis
836 3015 993 3076 horis
1022 3015 1370 3076 orationibus
1401 3015 1666 3075 insistere
1682 3061 1698 3086 ,
1743 3017 1875 3074 ante
1926 3017 2098 3075 horas
2152 3032 2427 3090 congruas
2487 3033 2601 3076 non
2650 3019 2890 3091 gustare

633 3121 839 3179 cibum.
899 3137 1036 3180 uae
1086 3119 1274 3179 enim
1337 3121 1609 3193 terrae,
1684 3117 1897 3178 cuius
1956 3135 2079 3178 rex
2150 3124 2265 3180 est
2319 3135 2493 3192 puer
2553 3123 2625 3179 et
2680 3123 2889 3181 cuius

769 3301 838 3356 23
871 3299 1013 3356 Eccl.
1049 3301 1132 3367 10,
1172 3301 1254 3355 16.

779 3475 810 3527 1
846 3473 911 3526 ut
945 3485 1088 3525 corr.
1122 3471 1188 3525 in
1221 3473 1280 3524 et
1319 3469 1387 3536 G,
1424 3474 1488 3524 ut
1521 3473 1578 3525 et
1620 3470 1675 3527 V
1896 3473 1960 3526 nt
1995 3472 2139 3542 quod
2178 3471 2243 3538 V,
2280 3473 2409 3542 quia
2442 3489 2477 3528 v
2706 3489 2885 3530 conse·

633 3559 746 3630 qui]
784 3557 924 3627 quod
960 3556 1187 3627 cupiunt
1218 3555 1350 3612 add.
1383 3573 1418 3612 v
1553 3558 1588 3611 2
1623 3556 1875 3612 desinant
1908 3558 2002 3613 Xv
2135 3560 2172 3613 4
2206 3559 2404 3613 etenim
2426 3599 2441 3612 .
2464 3604 2472 3612 .
2495 3599 2508 3611 .
2532 3558 2691 3630 unde]
2726 3575 2883 3630 quem

633 3661 752 3700 cnm
787 3643 1096 3713 iniquorum
1131 3641 1498 3697 correctiorem
1534 3659 1647 3698 esse
1684 3646 1979 3714 oportuerit
2012 3645 2181 3698 etiam
2214 3643 2279 3699 X
2604 3645 2640 3699 5
2672 3647 2887 3701 nomini

641 3731 780 3787 G¹X
1036 3729 1071 3783 6
1106 3727 1266 3784 debet
1299 3727 1564 3784 custodire
1606 3729 1670 3795 V,
1706 3745 1811 3784 non
1847 3729 2085 3786 custodit
2118 3729 2182 3784 X
2440 3731 2585 3785 enim
2619 3748 2720 3787 om.
2758 3733 2823 3786 X

631 3819 666 3872 9
700 3817 760 3870 in
793 3815 1011 3871 institia
1041 3832 1076 3870 v
1323 3813 1584 3870 exaltetur
1620 3815 1680 3869 X
1932 3817 2011 3884 et]
2048 3818 2104 3869 et
2138 3815 2196 3869 in
2240 3815 2412 3872 G’Xv
2654 3817 2889 3872 ueritate

630 3901 777 3971 regis
819 3899 901 3957 Vv
1087 3901 1151 3954 11
1184 3915 1527 3970 personarum
1561 3902 1869 3970 acceptione
1901 3917 1936 3956 v
2104 3901 2163 3955 in
2198 3902 2376 3956 uirum
2421 3900 2474 3958 V
2640 3904 2708 3958 12
2740 3903 2889 3958 iuste

631 3986 868 4041 indicare
900 4004 935 4043 v
1095 3988 1153 4041 et
1184 3983 1366 4041 uiduis
1401 4003 1502 4043 om.
1550 3987 1600 4042 V
1780 3987 1846 4041 13
1881 4002 1986 4042 non
2022 3987 2086 4041 X
2112 4003 2161 4044 s.
2198 3987 2232 4044 1.
2270 4005 2339 4044 m.
2377 3991 2419 4043 2
2600 3991 2669 4044 14
2704 3989 2887 4045 istrio-

631 4087 725 4127 nee
768 4071 830 4138 V,
867 4071 1094 4127 striones
1139 4071 1254 4128 GX
1482 4073 1779 4143 peierantes
1821 4071 1904 4129 Vv
2126 4073 2194 4129 15
2228 4073 2393 4130 sinire
2436 4075 2512 4131 6¹
2745 4091 2799 4145 p.
2834 4091 2887 4132 e.

634 4159 794 4228 alere]
827 4158 1151 4229 pauperibus
1186 4159 1498 4214 elemosinas
1532 4159 1661 4214 dare
1693 4158 1757 4213 X
1961 4161 2028 4215 16
2064 4162 2276 4233 sapiens
2300 4157 2383 4217 X¹
2594 4163 2658 4216 17
2695 4177 2769 4216 m.
2806 4161 2883 4233 et]

633 4261 912 4316 magorum
945 4263 980 4302 v
1183 4248 1239 4300 et
1271 4244 1693 4315 phitonissas-um
1726 4245 1800 4312 X,
1834 4245 2258 4316 phitonissarum
2302 4247 2358 4304 V
2578 4248 2647 4304 19
2681 4249 2885 4319 uiuere]

632 4330 893 4386 confidere
927 4331 1019 4389 Xe
1240 4331 1312 4386 20
1345 4347 1450 4386 non
1485 4330 1688 4386 eleuari
1722 4331 1899 4387 animo
1944 4333 2006 4399 V,
2044 4349 2090 4388 a.
2128 4351 2183 4388 n.
2222 4335 2431 4390 eleuare
2464 4351 2499 4390 v
2724 4334 2887 4406 ferre]

633 4417 861 4471 tolerare
895 4435 930 4474 v
1203 4418 1269 4470 21
1307 4432 1429 4470 suos
1465 4433 1567 4471 om.
1604 4417 1667 4471 X
1938 4419 2128 4489 impios
2164 4419 2225 4474 X
2495 4421 2566 4476 22
2600 4421 2708 4475 oris
2744 4421 2809 4475 X

631 4503 700 4556 23
735 4502 912 4556 cibum
948 4519 1054 4556 non
1089 4505 1306 4572 gustare
1341 4519 1373 4557 v
1577 4518 1709 4571 puer
1742 4505 1826 4558 est
1859 4503 1951 4558 Xv
