3217 5150
716 478 892 526 xxw

718 615 954 680 factum
970 614 1066 679 est
1080 612 1320 695 possint
1341 612 1723 695 pertractari.
1754 612 1973 678 deinde
1996 610 2231 677 codices
2254 611 2360 694 qui
2388 612 2633 697 uulgati
2656 615 2817 677 sunt
2834 629 3023 693 quo-

719 744 860 791 rum
891 725 958 791 in
979 724 1160 789 libris
1189 724 1416 789 ueteris
1445 723 1804 789 testamenti
1834 742 2079 789 summa
2108 724 2486 806 conspicitur
2513 724 2783 806 penuria
2814 742 3019 789 com-

721 854 936 919 parare
963 836 1252 903 immensi
1281 835 1512 901 laboris
1533 835 1645 899 est.
1678 854 1825 901 nam
1847 836 1955 920 qui
1980 836 2091 901 has
2114 835 2409 918 reliquias
2433 835 2773 901 ediderunt
2796 837 3019 920 pleri-

724 966 844 1031 que
885 948 1386 1031 splendidissima
1425 947 1747 1013 uolumina
1778 947 2116 1013 inhumano
2143 948 2347 1031 pretio
2376 948 2657 1032 exposita
2686 948 3023 1033 denegari

725 1060 928 1145 magis
975 1078 1164 1143 quam
1209 1058 1653 1126 communicari
1700 1059 1900 1125 doctis
1946 1060 2303 1125 hominibus
2352 1061 2625 1126 uoluisse
2666 1060 3019 1126 uidentur.

727 1189 916 1254 quare
985 1171 1319 1237 dolendum
1388 1172 1484 1236 est
1541 1170 1955 1251 Sabaterium,
2028 1173 2203 1238 cuius
2274 1172 2556 1238 collectio
2616 1174 2737 1268 Jiel
2816 1174 3023 1239 hodie

729 1284 998 1349 maximo
1039 1283 1182 1349 usui
1221 1283 1334 1361 est,
1379 1302 1522 1348 cum
1563 1284 1811 1367 patrum
1852 1284 2405 1350 ecclesiasticorum
2446 1284 2827 1350 testimonia
2856 1304 3025 1351 con-

732 1396 972 1481 gereret
1010 1395 1210 1461 rarius
1252 1414 1441 1478 quam
1480 1395 1747 1462 debebat
1774 1396 2199 1463 adnotationes
2230 1397 2476 1463 criticas
2507 1398 2899 1475 excussiss03
2954 1398 3025 1462 in

733 1508 1110 1592 castigandis
1151 1507 1318 1573 enim
1359 1508 1701 1591 scripturae
1740 1526 1945 1573 sacrae
1987 1508 2361 1573 testimoniis
2404 1508 2669 1574 editores
2712 1508 3023 1591 plerum-

736 1640 854 1704 que
893 1619 1387 1703 interpolatiores
1427 1620 1668 1685 codices
1708 1638 1896 1702 quam
1937 1620 2046 1704 qui
2086 1620 2445 1686 horridior-is
2486 1621 2795 1686 sermonis
2830 1622 3025 1685 rubi-

739 1732 948 1816 ginem
991 1731 1235 1798 fidelius
1265 1734 1591 1799 sernarunt
1620 1733 1991 1798 uetustiores
2020 1734 2193 1816 sequi
2226 1732 2597 1799 maluerunt.
2644 1734 2909 1799 accedit
2942 1734 3026 1798 ad

741 1844 853 1909 has
910 1842 1312 1909 difficultates
1371 1844 1873 1927 Cyprianicorum
1933 1846 2213 1910 codicum
2272 1844 2564 1924 condicio,
2640 1846 2709 1909 in
2770 1845 3025 1927 quibus

743 1956 958 2021 eadem
1027 1956 1362 2021 lectionum
1433 1956 1911 2039 deprehenditur
1966 1955 2316 2036 diuersitaS‚
2389 1975 2543 2039 quae
2604 1956 3029 2042 singulorum

744 2067 1018 2132 locorum
1057 2066 1162 2132 uel
1192 2086 1228 2132 a
1259 2067 1661 2151 scriptoribus
1702 2068 2035 2133 citatorum
2080 2069 2182 2133 uel
2223 2068 2536 2135 codicibus
2580 2067 3029 2136 exhibitorum

749 2178 916 2262 apud
945 2176 1334 2244 Sabaterium
1376 2180 1662 2258 occurrit,
1709 2181 1937 2263 quique
1964 2180 2114 2246 adeo
2144 2198 2265 2245 non
2295 2179 2685 2264 concordant,
2732 2181 2815 2245 ut
2846 2176 3025 2247 idem

750 2290 818 2353 in
847 2290 1048 2356 isdem
1087 2292 1294 2357 uerbis
1323 2291 1555 2375 pluries
1587 2291 1887 2357 adhibitis
1916 2292 2255 2376 scripturas
2284 2292 2611 2358 ostendant
2639 2294 3023 2358 contrarias.

755 2418 910 2485 quae
939 2421 1082 2469 cum
1110 2403 1204 2469 ita
1231 2404 1375 2484 sint,
1417 2404 1651 2513 frustra
1678 2423 1883 2469 meam
1914 2422 2161 2488 operam
2190 2403 2321 2469 fore
2348 2404 2647 2482 intellexi,
2700 2404 2757 2469 si
2788 2406 3025 2471 lectio-

756 2623 852 2662 cae
885 2623 935 2678 p.
961 2606 1006 2661 1.
1039 2607 1163 2662 Hal.
1197 2611 1416 2661 1786-
1442 2607 1673 2678 Kipling
1704 2607 2291 2678 Ood.Euan9e1i02-um
2313 2614 2369 2662 et
2390 2608 2659 2664 Actorum
2686 2609 3025 2681 Cantaba-iq.

764 2697 984 2746 1793-
1007 2693 1201 2763 Rettig
1242 2694 1370 2750 Cod.
1409 2695 1849 2765 Euanyeliorum
1884 2694 2130 2765 Sanyall.
2167 2695 2289 2750 Tur.
2332 2699 2461 2748 1836
2488 2723 2553 2734 -·
2584 2693 2639 2750 C.
2666 2695 3037 2752 Tischendorf

759 2780 975 2850 Euanq.
1005 2779 1330 2834 Palatinum
1361 2780 1630 2834 ineditmn
1652 2782 1770 2834 siue
1805 2781 2071 2850 reliquiae
2096 2787 2277 2835 textus
2300 2798 2495 2851 euany.
2524 2781 2690 2835 latini
2712 2789 2857 2838 ante
2884 2785 3027 2839 Hie-

760 2881 1048 2935 ronymum
1077 2869 1230 2921 uersi
1252 2882 1322 2921 ex
1345 2867 1460 2922 cod.
1485 2867 1749 2921 Palatino
1776 2883 2067 2936 purpureo
2100 2871 2289 2936 quarti
2320 2869 2413 2922 uel
2448 2869 2632 2937 quinti
2652 2885 2706 2936 p.
2744 2870 2881 2924 Chr.
2906 2887 3029 2925 sae·

763 2954 878 3007 culi
899 2952 1045 3023 Lips.
1077 2958 1207 3007 1847
1244 2983 1300 2993 —
1323 2953 1384 3007 1¹¹.
1404 2953 1580 3008 Haase
1603 2955 1872 3025 Euangel.
1896 2960 2160 3023 quattuor
2181 2961 2341 3009 uetus
2364 2955 2457 3009 lat.
2482 2957 2782 3024 interpret.
2808 2975 2890 3011 ex
2914 2959 3029 3012 cod.

767 3038 1153 3109 Rehdiyerauo
1175 3039 1304 3108 (ind.
1331 3039 1452 3094 lect.
1481 3041 1627 3094 uniu.
1648 3039 1869 3094 Vratisl.
1889 3056 1937 3094 a.
1962 3045 2092 3094 1866
2118 3043 2172 3096 et
2202 3043 2369 3111 1866).
2385 3069 2455 3084 ·--·
2471 3041 2569 3095 Th.
2588 3041 2869 3098 Hearnius
2888 3049 3031 3099 Aeta

767 3131 937 3196 apost.
960 3126 1366 3196 macco-latina
1394 3167 1404 3177 .
1429 3167 1439 3178 .
1463 3169 1472 3179 .
1504 3143 1531 3180 e
1552 3126 1665 3180 cod.
1694 3126 1993 3181 Laudiano
2021 3127 2428 3182 characteribus
2452 3128 2769 3182 umiazwus
2794 3139 3031 3184 exarato

767 3212 962 3270 Oxonii
989 3217 1121 3267 1715
1140 3244 1206 3253 -
1226 3215 1281 3269 Ο.
1309 3213 1664 3268 Tischendorf
1684 3215 1809 3269 God.
1846 3215 2301 3270 claromontanus
2322 3217 2442 3270 siue
2466 3217 2722 3285 epistolae
2751 3217 2937 3271 Pauli
2950 3237 3029 3289 φ.

769 3307 825 3356 et
847 3301 942 3356 lat.
977 3317 1048 3355 ex
1071 3299 1190 3356 cod.
1227 3300 1536 3356 Parisiensi
1567 3302 1913 3366 celeber-rimo
1942 3343 1987 3354 ..
2008 3341 2021 3354 .
2049 3303 2193 3356 sexti
2224 3309 2289 3356 ut
2321 3303 2548 3358 uidetur
2568 3319 2625 3372 p.
2659 3303 2787 3358 Chr.
2822 3307 3032 3360 sucendi

770 3386 918 3458 Lips.
973 3391 1106 3441 1852
1155 3419 1218 3428 -
1258 3387 1348 3442 Fr.
1397 3387 1613 3440 Miinter
1658 3387 1884 3457 Fraym.
1935 3388 2191 3456 Prophet.
2242 3387 2440 3442 Jerem.
2490 3389 2694 3443 Ezech.
2721 3427 2736 3438 .
2759 3427 2770 3438 .
2795 3427 2807 3438 .
2838 3409 2869 3444 e
2918 3391 3028 3445 cod.

779 3475 1227 3545 Wirceburyensi
1265 3473 1495 3528 Hafniae
1537 3479 1669 3529 1819
1700 3505 1757 3514 -—
1784 3475 2039 3529 Volkmar
2072 3475 2261 3530 Esdra
2296 3476 2543 3544 prophet.
2590 3493 2659 3530 ex
2699 3475 2867 3530 duob.
2910 3495 3027 3530 wass.

777 3561 956 3616 Italae
1000 3560 1229 3630 Tubing.
1287 3565 1418 3614 1863
1463 3592 1526 3600 -
1569 3561 1631 3617 Ο.
1667 3561 1729 3618 F.
1766 3561 2039 3615 Fritzsche
2076 3563 2297 3632 Fraqm.
2334 3563 2463 3616 libri
2496 3561 2624 3618 Iud.
2661 3561 2841 3615 Turio.
2886 3567 3031 3618 186ῖ.

779 3647 1065 3718 specimen
1103 3649 1230 3703 edit.
1277 3650 1395 3703 crit.
1438 3650 1723 3718 mem-pret.
1766 3655 1874 3703 uet.
1920 3649 2014 3703 lat.
2045 3649 2118 3703 N.
2149 3649 2211 3702 T.
2250 3649 2425 3703 Turio.
2472 3653 2604 3701 1867
2630 3677 2697 3688 --
2721 3647 2761 3702 J
2758 3664 2835 3701 os.
2876 3647 3031 3703 Cozza

779 3735 1078 3790 Sacrorum
1115 3736 1402 3790 bibliorum
1439 3737 1810 3790 uetustissima
1842 3737 2155 3806 fraymenta
2187 3734 2405 3790 Graeca
2450 3741 2503 3790 et
2526 3735 2737 3788 Latina
2774 3751 2804 3787 e
2830 3735 3032 3802 palim-

774 3824 975 3892 psestis
1015 3821 1288 3879 codicibus
1319 3824 1669 3878 bibliothecae
1702 3823 1941 3892 Cryptos
1936 3825 2232 3878 cerratensis
2266 3809 2463 3877 Romae
2490 3827 2621 3876 1867
2649 3853 2714 3862 --
2740 3823 3031 3877 Librorum

785 3909 1029 3965 Leuitico:
1052 3918 1104 3966 et
1123 3911 1496 3968 Numer-orum
1517 3913 1697 3966 uer-sio
1721 3912 1953 3979 antiqua
1978 3911 2131 3964 Itala
2157 3928 2184 3965 e
2209 3911 2387 3966 codice
2404 3910 2741 3980 perantiquo
2764 3910 2827 3962 in
2848 3909 3031 3962 biblio·

783 3999 946 4052 theca
978 3999 1508 4053 Aahbuaemhamienee
1549 4004 1871 4053 emeruato
1911 4015 2060 4054 nume
2093 3999 2340 4068 primum
2382 3998 2524 4067 typis
2567 3995 2721 4050 edita
2764 3999 2911 4048 1868.
2952 3995 3034 4062 (cf.

787 4085 999 4140 Reusch
1045 4087 1264 4156 theoloy.
1306 4085 1737 4154 Quartalschrit't
1776 4090 1909 4140 1870
1940 4102 1992 4155 p.
2033 4091 2097 4140 32
2134 4087 2189 4139 et
2213 4085 2397 4140 Revue
2432 4079 2664 4152 critique
2698 4085 2829 4134 1870
2862 4099 2913 4150 p.
2940 4085 3033 4134 341

790 4177 892 4242 sq.)
933 4203 991 4214 —
1031 4172 1155 4230 Ern.
1179 4173 1364 4226 Ranke
1399 4172 1743 4245 11⁷ra9menta
1776 4173 2047 4229 uem-sionis
2080 4189 2368 4229 sacrarum
2400 4170 2801 4238 scripturarum
2836 4167 3035 4220 latinae

791 4263 1366 4332 antemerowymioenae
1407 4261 1750 4316 vindobonae
1790 4265 1937 4316 1868.
1986 4263 2073 4315 1111·
2113 4259 2453 4315 doctissimus
2498 4255 2563 4310 de
2604 4255 2695 4308 his
2735 4252 2892 4307 rebus
2936 4269 3033 4306 non

793 4367 898 4404 uno
932 4349 1144 4404 nomine
1177 4349 1380 4418 optime
1416 4347 1640 4402 meritus
1676 4347 1805 4416 quid
1839 4347 2043 4417 singuli
2067 4347 2125 4400 in
2148 4343 2478 4400 restituenda
2500 4341 2597 4396 illa
2620 4339 2861 4394 uersione
2894 4355 3035 4408 prae—

797 4439 1040 4496 stiterint
1072 4439 1373 4498 accuratius
1413 4454 1462 4508 p.
1487 4441 1524 4489 ὅ
1557 4450 1636 4505 sq.
1660 4438 1887 4490 enarrat.
