3217 5150
1312 534 1556 590 Oratio
1590 535 1637 589 1.
2468 547 2589 609 145

340 696 620 771 quoniam,
637 694 746 754 tibi
774 694 1056 755 flectimus
1085 710 1290 769 genua,
1334 710 1639 755 curuamus
1670 696 1940 769 00101008,
1987 698 2079 759 cui
2106 698 2297 772 angeli
2347 674 2598 759 archanss

342 798 459 873 geli
509 798 672 860 milia
720 798 943 859 milium
990 801 1300 874 martyrum
1353 799 1558 858 chorus
1624 798 2005 874 apostolorum
2068 804 2127 860 et
2184 804 2587 885 prophetarum

341 902 525 977 gloria
575 902 859 975 exultant,
912 901 1004 963 cui
1045 918 1240 961 omnes
1293 918 1428 961 aues
1468 902 1669 961 laudes
1720 906 1950 976 canunt,
1990 903 2221 978 linguae
2250 904 2594 965 confitentur

341 1006 670 1067 caelestium
722 1003 1082 1065 terrestrium
1121 1008 1182 1063 et
1201 1003 1602 1067 infernorum:
1656 1006 1765 1065 tibi
1804 1023 1997 1066 omnes
2046 1024 2227 1081 aquae
2255 1007 2318 1067 in
2347 1009 2501 1068 caelo
2531 1011 2591 1067 et

295 1130 322 1169 s
343 1110 452 1170 sub
482 1109 638 1170 caelo
669 1108 1009 1168 confitentur
1025 1151 1042 1181 ,
1095 1110 1154 1169 te
1183 1106 1547 1169 insensibilia
1577 1108 1863 1168 sentiunt:
1908 1112 1974 1170 tu
2002 1124 2067 1169 08
2094 1110 2250 1169 solus
2280 1112 2339 1169 et
2364 1114 2595 1185 praeter
2662 1090 2667 1095 ⁵

339 1218 402 1274 te
429 1230 611 1273 nemo.
646 1215 708 1271 te
747 1228 1109 1287 quaesumus,
1154 1209 1392 1271 Domine
1421 1214 1588 1285 pater
1616 1211 1993 1287 omnipotens,
2040 1213 2140 1287 qui
2169 1213 2278 1274 8011
2305 1214 2423 1273 filio
2454 1231 2597 1273 con-

341 1315 680 1392 spectabilis·
703 1329 796 1374 es:
828 1314 1020 1389 angeli
1050 1315 1109 1373 et
1137 1304 1468 1389 archangeli
1497 1316 1891 1390 obtemperant
1910 1316 2019 1375 tibi
2041 1315 2277 1377 Domine
2303 1318 2496 1391 pater:
2537 1320 2597 1375 te

342 1436 589 1491 01011108,
631 1417 854 1477 tribuas
883 1417 1046 1477 nobis
1075 1419 1322 1477 mentem
1349 1417 1653 1498 integram,
1694 1419 2074 1479 innocentiam
2104 1408 2324 1494 puram,
2357 1418 2595 1479 sinceri-

341 1525 522 1582 tatem
549 1522 834 1594 deuotam,
865 1518 1270 1581 conscientiam
1299 1522 1554 1580 sanctam
1586 1521 1823 1598 [puram]
1850 1521 2099 1582 sobriam
2129 1524 2363 1594 castam,
2396 1523 2595 1582 contra

265 1644 324 1685 10
342 1640 538 1686 omnes
589 1624 830 1684 insidias
881 1623 1094 1683 saeculi
1138 1623 1388 1698 gloriosa
1416 1622 1528 1682 fide
1565 1624 1898 1698 degentem:
1944 1627 2141 1685 contra
2170 1624 2383 1685 diaboli
2410 1624 2595 1684 minas

342 1732 404 1789 et
447 1728 702 1789 carnales
760 1726 1078 1787 inlecebras
1107 1726 1390 1786 munitum
1419 1729 1621 1802 pectus
1651 1728 1947 1801 concedas,
2001 1744 2073 1787 ne
2102 1727 2343 1788 uiolenti
2374 1730 2433 1787 et
2461 1746 2595 1787 cru-

341 1832 463 1893 enti
502 1831 688 1892 hostis
732 1829 1004 1890 letalibus
1051 1830 1273 1904 laqueis
1316 1830 1692 1905 implicemur,
1744 1834 1810 1891 ut
1839 1831 2067 1905 signum
2097 1832 2301 1892 salutis
2332 1834 2597 1891 aeternae

341 1934 625 1995 incolume
657 1933 1032 2007 perferamus.
1064 1950 1193 1993 arce
1221 1951 1257 1992 a
1284 1932 1450 1993 nobis
1473 1950 1693 1995 omnem
1722 1935 1935 1994 saeculi
1948 1934 2236 1995 inluuiem
2266 1951 2597 2008 omnemque

343 2036 565 2097 diaboli
609 2035 1054 2112 persuasionem.
1099 2036 1418 2111 laqueetur,
1462 2037 1724 2096 concidat
1748 2039 1807 2096 et
1836 2040 2129 2112 separetur
2160 2040 2220 2097 et
2248 2027 2598 2112 amoueatu'r,

265 2159 324 2200 111
343 2140 496 2202 sicut
523 2160 560 2202 a
575 2140 748 2201 Sarra
769 2140 987 2201 famula
1009 2142 1111 2199 tua
1131 2126 1484 2201 A‘smodaeus
1512 2141 1751 2201 daemon
1780 2141 2163 2216 nequissimus
2191 2141 2478 2203 extinctus
2508 2144 2601 2202 est

339 2262 442 2320 per
493 2244 761 2319 angelum
814 2232 993 2305 tuum·
1021 2246 1279 2303 sanctum
1309 2246 1472 2304 tuum
1499 2244 1780 2319 Baphael.
1826 2247 1886 2304 et
1914 2243 2064 2305 sicut
2092 2244 2301 2305 Tobiae
2330 2245 2600 2319 adfuisti,

341 2350 428 2408 ita
479 2348 624 2407 mihi
673 2349 878 2407 adesse
930 2347 1206 2422 digneris.
1251 2349 1312 2409 et
1359 2350 1428 2408 ut
1475 2347 1665 2407 tribus
1707 2346 1901 2423 pueris
1928 2350 1993 2409 in
2020 2348 2242 2409 camino
2272 2351 2332 2409 et
2357 2349 2596 2409 Daniele

341 2450 786 2512 misericordiam
815 2449 1162 2525 praestitisti
1179 2496 1198 2525 ,
1241 2451 1326 2511 sic
1352 2451 1504 2513 circa
1529 2468 1637 2511 nos
1664 2452 1799 2511 tuos
1826 2451 2073 2511 famulos
2101 2451 2288 2512 facere
2317 2452 2592 2527 digneris.

343 2554 444 2629 qui
493 2556 748 2616 mortuos
801 2554 1115 2628 suscitasti,
1170 2571 1365 2616 caecos
1418 2554 1797 2630 inluminasti,
1852 2554 2063 2615 surdis·
2089 2556 2365 2630 auditum,
2418 2556 2597 2615 mutis

268 2679 336 2720 ae
357 2657 663 2733 eloquium,
697 2657 916 2718 claudis
944 2675 1224 2732 gressum,
1252 2657 1494 2732 leprosis
1524 2658 1831 2719 sanitatem
1861 2658 2108 2718 dedisti:
2154 2658 2239 2718 ita
2268 2658 2341 2718 da
2369 2657 2601 2718 famulis

343 2763 482 2834 tuiS,
529 2762 628 2835 qui
657 2761 718 2820 in
745 2764 806 2822 te
834 2763 960 2821 tota
987 2761 1207 2821 uirtute
1249 2761 1458 2821 mentis
1489 2762 1773 2836 credimus
1802 2765 2000 2822 natum
2028 2779 2259 2836 passum
2288 2763 2602 2822 uenturum

344 2864 596 2925 iudicare
635 2862 802 2924 uiuos
848 2867 908 2925 et
935 2867 1210 2925 mortuos.
1257 2864 1476 2925 adsiste
1505 2864 1693 2937 nobis,
1748 2865 1901 2925 sicut
1928 2863 2201 2940 apostolis
2231 2864 2294 2925 in
2322 2864 2578 2925 uinculis
2587 2851 2617 2938 ,⁶

344 2967 549 3028 Teclae
588 2967 650 3026 in
698 2966 948 3042 ignibus,
1002 2967 1184 3027 Paulo
1215 2966 1274 3026 in
1303 2967 1816 3042 persecutionibusx,
1869 2969 2043 3028 Petro
2073 2968 2135 3028 in
2163 2969 2453 3029 fluctibus.
2502 2969 2603 3044 qui

345 3072 514 3131 sedes
541 3087 713 3145 super
747 3073 968 3145 septem
1009 3073 1248 3132 thronos
1278 3073 1353 3131 ad
1383 3071 1673 3133 dexteram
1700 3073 1906 3147 patris,
1948 3071 2171 3147 respice
2198 3089 2303 3133 nos
2332 3074 2393 3132 et
2416 3071 2605 3132 libera

479 3425 512 3478 1
547 3427 604 3480 et
637 3439 922 3480 curuamus
956 3425 1087 3480 EIv
1301 3426 1337 3480 2
1371 3425 1647 3481 miliorum
1682 3427 1781 3492 E¹,
1816 3443 1918 3482 om.
1954 3427 2005 3481 Τ
2225 3427 2409 3482 0110108
2445 3427 2529 3482 Ει

341 3512 378 3566 3
412 3512 653 3567 exaltant
686 3513 802 3568 ΕΤ
969 3514 1168 3567 canunt
1200 3512 1388 3568 laudes
1422 3531 1457 3569 v
1628 3516 1663 3570 5
1698 3515 2047 3570 insensabilia
2082 3513 2219 3569 ΕΤι
2387 3517 2604 3584 praeter

339 3594 418 3670 te]
455 3598 582 3655 add.
618 3613 678 3653 v:
714 3600 771 3653 et
806 3599 956 3654 extra
989 3601 1046 3652 te
1286 3600 1322 3654 6
1356 3599 1460 3654 8011
1493 3599 1631 3671 filio]
1665 3600 1801 3655 80110
1838 3601 1890 3654 Τ
2136 3600 2497 3669 conpetabiles
2526 3601 2605 3666 ’Τ,

341 3684 718 3754 conspicabilis
752 3701 786 3741 v
925 3685 956 3738 ‘1
993 3685 1066 3755 es]
1104 3701 1162 3740 08
1198 3685 1350 3740 cuius
1379 3685 1510 3742 E'Iv
1650 3686 1961 3757 archangeli
1996 3688 2053 3742 et
2086 3686 2269 3756 angeli
2302 3685 2447 3741 infra
2486 3687 2545 3746 Τ.

342 3772 554 3828 domine
587 3772 760 3842 pater]
798 3787 893 3841 per
928 3786 1086 3840 quem
1125 3773 1186 3825 Τ-
1319 3772 1355 3826 8
1388 3773 1454 3827 ut
1485 3771 1697 3827 tribuas
1732 3773 1861 3828 ΕΙυ
1996 3773 2031 3828 9
2050 3788 2242 3842 puram
2264 3788 2365 3827 om.
2390 3772 2543 3826 ΕΙΤ

339 3859 412 3914 10
443 3857 742 3927 degentem]
781 3861 1053 3913 uerentem
1094 3859 1146 3914 Τ
1313 3858 1380 3912 11
1415 3873 1482 3912 110
1517 3873 1588 3914 ex
1620 3875 1719 3913 nec
1752 3860 1815 3914 E
1980 3859 2049 3914 12
2082 3859 2257 3914 hostis
2292 3875 2392 3914 om.
2436 3858 2538 3913 EI

339 3941 656 3998 letabilibus
691 3942 805 3998 ΕΤ
1031 3943 1100 3998 13
1132 3944 1452 4006 incolumem
1487 3944 1560 4009 Ε,
1596 3943 1901 3999 incolumen
1938 3943 1991 3998 Τ
2225 3959 2347 3998 arce
2381 3943 2607 4010 scripsi,

336 4045 496 4100 parce
527 4029 690 4094 ΕΙΤ,
725 4029 868 4098 pelle
900 4046 935 4084 v
1219 4031 1288 4085 14
1319 4030 1619 4100 laqmetur]
1658 4031 1911 4099 loquetur
1949 4031 2002 4086 Τ
2280 4031 2492 4099 separet
2526 4029 2611 4093 E,

339 4117 430 4171 001
465 4118 745 4184 superetur
779 4131 824 4170 ε.
859 4115 896 4170 Ζ.
934 4116 982 4181 1,
1021 4118 1296 4186 superetur
1329 4133 1390 4182 υς
1429 4131 1462 4170 a
1496 4114 1651 4170 nobi·
1686 4116 1817 4172 add.
1853 4117 1970 4172 E’v
2244 4115 2313 4170 15
2346 4131 2468 4170 sara
2502 4131 2534 4170 v

340 4201 494 4258 demo
531 4203 594 4269 Τ,
631 4200 942 4258 daemonius
976 4201 1041 4255 Ε
1189 4204 1272 4257 est
1305 4218 1410 4260 om.
1445 4201 1518 4258 Iv
1681 4204 1749 4258 16
1782 4203 1879 4259 alt.
1917 4204 2073 4256 tuum
2108 4217 2209 4256 om.
2244 4219 2293 4258 v.
2456 4199 2609 4254 rafa-

338 4287 430 4342 hel
472 4289 523 4342 Τ
681 4289 748 4343 1‘1
783 4287 1028 4343 daniheli
1063 4287 1136 4344 Ιυ
1295 4281 1364 4344 18
1397 4289 1633 4344 famulos
1666 4292 1792 4344 tuos
1828 4287 1957 4344 Elv
2130 4289 2197 4342 19
2230 4287 2419 4342 surdos
2456 4287 2528 4340 Τι

339 4375 546 4429 mutuis
582 4375 657 4430 Τ]ι
852 4374 922 4429 m
954 4375 1172 4443 eloquia
1205 4374 1334 4430 EIv
1527 4376 1611 4430 ita
1646 4378 1704 4430 et
1737 4377 1801 4431 Iv
1996 4374 2067 4430 da
2100 4375 2158 4428 et
2192 4374 2255 4428 Ε
2268 4390 2311 4430 ε.
2339 4375 2374 4428 Ζ.
2396 4389 2465 4428 m.
2492 4377 2535 4428 2

337 4461 407 4515 21
445 4461 504 4514 in
539 4477 640 4517 om.
678 4461 751 4517 Ιυ
958 4461 1029 4517 24
1061 4461 1236 4516 libera
1268 4477 1368 4516 nos
1403 4462 1471 4518 Iv

545 4569 627 4616 111
655 4569 702 4615 A
2110 4555 2192 4614 10
