<?xml version="1.0" encoding="UTF-8"?>
<!DOCTYPE html PUBLIC "-//W3C//DTD XHTML 1.0 Transitional//EN"
    "http://www.w3.org/TR/xhtml1/DTD/xhtml1-transitional.dtd">
<html xmlns="http://www.w3.org/1999/xhtml" xml:lang="en" lang="en">
 <head>
  <title>
</title>
<meta http-equiv="Content-Type" content="text/html;charset=utf-8" />
  <meta name='ocr-system' content='tesseract 3.04.00' />
  <meta name='ocr-capabilities' content='ocr_page ocr_carea ocr_par ocr_line ocrx_word'/>
</head>
<body>
  <div class='ocr_page' id='page_1' title='image "./corpusscriptoru29wissgoog_0011.png"; bbox 0 0 3217 5150; ppageno 0'>
   <div class='ocr_carea' id='block_1_1' title="bbox 1025 553 2579 622">
    <p class='ocr_par' dir='ltr' id='par_1_1' title="bbox 1025 553 2579 622">
     <span class='ocr_line' id='line_1_1' title="bbox 1025 553 2579 622; baseline 0.001 -16"><span class='ocrx_word' id='word_1_1' title='bbox 1025 554 1115 606; x_wconf 90' lang='lat' dir='ltr'>De</span> <span class='ocrx_word' id='word_1_2' title='bbox 1159 553 1592 622; x_wconf 78' lang='lat' dir='ltr'><strong>Spectaculis</strong></span> <span class='ocrx_word' id='word_1_3' title='bbox 1640 569 1685 608; x_wconf 87' lang='lat' dir='ltr'>c.</span> <span class='ocrx_word' id='word_1_4' title='bbox 1725 553 1878 610; x_wconf 79' lang='lat'><strong>1-3,</strong></span> <span class='ocrx_word' id='word_1_5' title='bbox 2534 555 2579 622; x_wconf 87' lang='lat'>5</span> 
     </span>
    </p>
   </div>
   <div class='ocr_carea' id='block_1_2' title="bbox 225 712 2637 2862">
    <p class='ocr_par' dir='ltr' id='par_1_2' title="bbox 225 712 2637 2862">
     <span class='ocr_line' id='line_1_2' title="bbox 312 712 2577 788; baseline 0 -15"><span class='ocrx_word' id='word_1_6' title='bbox 312 716 472 786; x_wconf 88' lang='lat' dir='ltr'>sunt,</span> <span class='ocrx_word' id='word_1_7' title='bbox 517 713 616 774; x_wconf 91' lang='lat' dir='ltr'>sed</span> <span class='ocrx_word' id='word_1_8' title='bbox 658 715 723 772; x_wconf 90' lang='lat' dir='ltr'>ut</span> <span class='ocrx_word' id='word_1_9' title='bbox 764 712 971 772; x_wconf 88' lang='lat' dir='ltr'>animis</span> <span class='ocrx_word' id='word_1_10' title='bbox 1009 713 1222 773; x_wconf 88' lang='lat' dir='ltr'>nostris</span> <span class='ocrx_word' id='word_1_11' title='bbox 1262 713 1541 774; x_wconf 89' lang='lat' dir='ltr'>instantia</span> <span class='ocrx_word' id='word_1_12' title='bbox 1568 712 1750 774; x_wconf 89' lang='lat' dir='ltr'>maior</span> <span class='ocrx_word' id='word_1_13' title='bbox 1777 714 2125 775; x_wconf 76' lang='lat' dir='ltr'>excitaretur</span> <span class='ocrx_word' id='word_1_14' title='bbox 2152 712 2215 772; x_wconf 90' lang='lat' dir='ltr'>in</span> <span class='ocrx_word' id='word_1_15' title='bbox 2241 713 2415 774; x_wconf 89' lang='lat' dir='ltr'>rebus</span> <span class='ocrx_word' id='word_1_16' title='bbox 2443 729 2577 788; x_wconf 91' lang='lat' dir='ltr'>pro-</span> 
     </span>
     <span class='ocr_line' id='line_1_3' title="bbox 317 815 2290 892; baseline 0 -16"><span class='ocrx_word' id='word_1_17' title='bbox 317 815 551 888; x_wconf 87' lang='lat' dir='ltr'>futuris,</span> <span class='ocrx_word' id='word_1_18' title='bbox 582 816 716 875; x_wconf 90' lang='lat' dir='ltr'>dum</span> <span class='ocrx_word' id='word_1_19' title='bbox 743 817 909 875; x_wconf 89' lang='lat' dir='ltr'>tanta</span> <span class='ocrx_word' id='word_1_20' title='bbox 937 818 1029 876; x_wconf 88' lang='lat' dir='ltr'>est</span> <span class='ocrx_word' id='word_1_21' title='bbox 1055 817 1207 890; x_wconf 88' lang='lat' dir='ltr'>apud</span> <span class='ocrx_word' id='word_1_22' title='bbox 1235 816 1494 876; x_wconf 87' lang='lat' dir='ltr'>ethnicos</span> <span class='ocrx_word' id='word_1_23' title='bbox 1523 816 1584 875; x_wconf 89' lang='lat' dir='ltr'>in</span> <span class='ocrx_word' id='word_1_24' title='bbox 1614 818 1785 876; x_wconf 91' lang='lat' dir='ltr'>rebus</span> <span class='ocrx_word' id='word_1_25' title='bbox 1812 834 1928 876; x_wconf 93' lang='lat' dir='ltr'>non</span> <span class='ocrx_word' id='word_1_26' title='bbox 1955 816 2290 892; x_wconf 87' lang='lat' dir='ltr'>profuturis.</span> 
     </span>
     <span class='ocr_line' id='line_1_4' title="bbox 403 917 2637 994; baseline 0 -17"><span class='ocrx_word' id='word_1_27' title='bbox 403 919 826 993; x_wconf 77' lang='lat' dir='ltr'><strong>Argumentum</strong></span> <span class='ocrx_word' id='word_1_28' title='bbox 887 920 977 978; x_wconf 90' lang='lat' dir='ltr'>est</span> <span class='ocrx_word' id='word_1_29' title='bbox 1034 935 1168 994; x_wconf 85' lang='lat' dir='ltr'>ergo</span> <span class='ocrx_word' id='word_1_30' title='bbox 1227 917 1559 978; x_wconf 76' lang='lat' dir='ltr'>excitandae</span> <span class='ocrx_word' id='word_1_31' title='bbox 1617 920 1873 994; x_wconf 87' lang='lat' dir='ltr'>uirtutis,</span> <span class='ocrx_word' id='word_1_32' title='bbox 1949 937 2063 980; x_wconf 91' lang='lat' dir='ltr'>non</span> <span class='ocrx_word' id='word_1_33' title='bbox 2111 918 2409 994; x_wconf 88' lang='lat' dir='ltr'>permissio</span> <span class='ocrx_word' id='word_1_34' title='bbox 2456 919 2579 980; x_wconf 89' lang='lat' dir='ltr'>siue</span> <span class='ocrx_word' id='word_1_35' title='bbox 2596 917 2637 977; x_wconf 88' lang='lat'><strong>3</strong></span> 
     </span>
     <span class='ocr_line' id='line_1_5' title="bbox 319 1019 2580 1097; baseline 0.001 -18"><span class='ocrx_word' id='word_1_36' title='bbox 319 1019 560 1080; x_wconf 89' lang='lat' dir='ltr'>libertas</span> <span class='ocrx_word' id='word_1_37' title='bbox 589 1020 885 1094; x_wconf 86' lang='lat' dir='ltr'>spectandi</span> <span class='ocrx_word' id='word_1_38' title='bbox 913 1020 1148 1096; x_wconf 83' lang='lat' dir='ltr'>gentilis</span> <span class='ocrx_word' id='word_1_39' title='bbox 1177 1022 1406 1094; x_wconf 87' lang='lat' dir='ltr'>erroris,</span> <span class='ocrx_word' id='word_1_40' title='bbox 1437 1023 1503 1080; x_wconf 89' lang='lat' dir='ltr'>ut</span> <span class='ocrx_word' id='word_1_41' title='bbox 1531 1038 1636 1096; x_wconf 90' lang='lat' dir='ltr'>per</span> <span class='ocrx_word' id='word_1_42' title='bbox 1664 1023 1771 1082; x_wconf 92' lang='lat' dir='ltr'>hoc</span> <span class='ocrx_word' id='word_1_43' title='bbox 1801 1022 2025 1082; x_wconf 89' lang='lat' dir='ltr'>animus</span> <span class='ocrx_word' id='word_1_44' title='bbox 2066 1021 2197 1097; x_wconf 88' lang='lat' dir='ltr'>plus</span> <span class='ocrx_word' id='word_1_45' title='bbox 2239 1023 2580 1082; x_wconf 90' lang='lat' dir='ltr'>accendatur</span> 
     </span>
     <span class='ocr_line' id='line_1_6' title="bbox 268 1123 2577 1200; baseline 0.003 -23"><span class='ocrx_word' id='word_1_46' title='bbox 268 1137 300 1177; x_wconf 73' lang='lat' dir='ltr'>s</span> <span class='ocrx_word' id='word_1_47' title='bbox 319 1125 394 1182; x_wconf 86' lang='lat' dir='ltr'>ad</span> <span class='ocrx_word' id='word_1_48' title='bbox 443 1123 828 1198; x_wconf 84' lang='lat' dir='ltr'>euangelicam</span> <span class='ocrx_word' id='word_1_49' title='bbox 878 1123 1153 1184; x_wconf 88' lang='lat' dir='ltr'>uirtutem</span> <span class='ocrx_word' id='word_1_50' title='bbox 1194 1127 1427 1199; x_wconf 89' lang='lat' dir='ltr'>propter</span> <span class='ocrx_word' id='word_1_51' title='bbox 1468 1125 1666 1186; x_wconf 87' lang='lat' dir='ltr'>diuina</span> <span class='ocrx_word' id='word_1_52' title='bbox 1702 1125 1973 1200; x_wconf 89' lang='lat' dir='ltr'>praemia,</span> <span class='ocrx_word' id='word_1_53' title='bbox 2028 1143 2157 1186; x_wconf 88' lang='lat' dir='ltr'>cum</span> <span class='ocrx_word' id='word_1_54' title='bbox 2196 1140 2299 1199; x_wconf 91' lang='lat' dir='ltr'>per</span> <span class='ocrx_word' id='word_1_55' title='bbox 2327 1125 2577 1185; x_wconf 89' lang='lat' dir='ltr'>omnium</span> 
     </span>
     <span class='ocr_line' id='line_1_7' title="bbox 313 1225 2577 1309; baseline 0.002 -24"><span class='ocrx_word' id='word_1_56' title='bbox 313 1225 573 1288; x_wconf 85' lang='lat' dir='ltr'>laborum</span> <span class='ocrx_word' id='word_1_57' title='bbox 625 1229 686 1286; x_wconf 92' lang='lat' dir='ltr'>et</span> <span class='ocrx_word' id='word_1_58' title='bbox 737 1228 994 1288; x_wconf 89' lang='lat' dir='ltr'>dolorum</span> <span class='ocrx_word' id='word_1_59' title='bbox 1045 1228 1428 1288; x_wconf 76' lang='lat' dir='ltr'>calamitatem</span> <span class='ocrx_word' id='word_1_60' title='bbox 1482 1230 1845 1309; x_wconf 76' lang='lat' dir='ltr'>concertatur</span> <span class='ocrx_word' id='word_1_61' title='bbox 1888 1228 2183 1303; x_wconf 89' lang='lat' dir='ltr'>peruenire</span> <span class='ocrx_word' id='word_1_62' title='bbox 2228 1229 2301 1287; x_wconf 91' lang='lat' dir='ltr'>ad</span> <span class='ocrx_word' id='word_1_63' title='bbox 2348 1230 2577 1289; x_wconf 88' lang='lat' dir='ltr'>terrena</span> 
     </span>
     <span class='ocr_line' id='line_1_8' title="bbox 313 1331 2577 1407; baseline 0.002 -19"><span class='ocrx_word' id='word_1_64' title='bbox 313 1331 663 1404; x_wconf 88' lang='lat' dir='ltr'>compendia.</span> <span class='ocrx_word' id='word_1_65' title='bbox 709 1348 842 1390; x_wconf 89' lang='lat' dir='ltr'>nam</span> <span class='ocrx_word' id='word_1_66' title='bbox 894 1331 1041 1405; x_wconf 91' lang='lat' dir='ltr'>quod</span> <span class='ocrx_word' id='word_1_67' title='bbox 1095 1331 1296 1390; x_wconf 85' lang='lat' dir='ltr'>Helias</span> <span class='ocrx_word' id='word_1_68' title='bbox 1346 1332 1548 1407; x_wconf 82' lang='lat' dir='ltr'>auriga</span> <span class='ocrx_word' id='word_1_69' title='bbox 1597 1335 1689 1393; x_wconf 91' lang='lat' dir='ltr'>est</span> <span class='ocrx_word' id='word_1_70' title='bbox 1740 1332 1974 1392; x_wconf 79' lang='lat' dir='ltr'>Israelis</span> <span class='ocrx_word' id='word_1_71' title='bbox 2024 1350 2137 1392; x_wconf 92' lang='lat' dir='ltr'>non</span> <span class='ocrx_word' id='word_1_72' title='bbox 2186 1332 2577 1407; x_wconf 86' lang='lat' dir='ltr'>patrocinatur</span> 
     </span>
     <span class='ocr_line' id='line_1_9' title="bbox 314 1433 2577 1509; baseline 0.001 -17"><span class='ocrx_word' id='word_1_73' title='bbox 314 1433 640 1507; x_wconf 76' lang='lat' dir='ltr'>spectandis</span> <span class='ocrx_word' id='word_1_74' title='bbox 681 1433 1060 1494; x_wconf 86' lang='lat' dir='ltr'>circensibus:</span> <span class='ocrx_word' id='word_1_75' title='bbox 1107 1435 1168 1493; x_wconf 89' lang='lat' dir='ltr'>in</span> <span class='ocrx_word' id='word_1_76' title='bbox 1214 1433 1372 1494; x_wconf 93' lang='lat' dir='ltr'>nullo</span> <span class='ocrx_word' id='word_1_77' title='bbox 1421 1435 1572 1494; x_wconf 89' lang='lat' dir='ltr'>enim</span> <span class='ocrx_word' id='word_1_78' title='bbox 1616 1435 1765 1496; x_wconf 92' lang='lat' dir='ltr'>circo</span> <span class='ocrx_word' id='word_1_79' title='bbox 1807 1435 2073 1495; x_wconf 84' lang='lat' dir='ltr'>cucurrit.</span> <span class='ocrx_word' id='word_1_80' title='bbox 2120 1437 2181 1494; x_wconf 92' lang='lat' dir='ltr'>et</span> <span class='ocrx_word' id='word_1_81' title='bbox 2209 1436 2357 1509; x_wconf 92' lang='lat' dir='ltr'>quod</span> <span class='ocrx_word' id='word_1_82' title='bbox 2387 1435 2577 1495; x_wconf 90' lang='lat' dir='ltr'>Dauid</span> 
     </span>
     <span class='ocr_line' id='line_1_10' title="bbox 309 1535 2577 1612; baseline 0.002 -19"><span class='ocrx_word' id='word_1_83' title='bbox 309 1535 374 1593; x_wconf 90' lang='lat' dir='ltr'>in</span> <span class='ocrx_word' id='word_1_84' title='bbox 429 1540 734 1611; x_wconf 88' lang='lat' dir='ltr'>conspectu</span> <span class='ocrx_word' id='word_1_85' title='bbox 790 1537 900 1597; x_wconf 91' lang='lat' dir='ltr'>Dei</span> <span class='ocrx_word' id='word_1_86' title='bbox 962 1538 1164 1598; x_wconf 88' lang='lat' dir='ltr'>choros</span> <span class='ocrx_word' id='word_1_87' title='bbox 1221 1537 1344 1612; x_wconf 82' lang='lat' dir='ltr'>egit</span> <span class='ocrx_word' id='word_1_88' title='bbox 1400 1538 1550 1598; x_wconf 81' lang='lat' dir='ltr'>nihil</span> <span class='ocrx_word' id='word_1_89' title='bbox 1611 1539 1849 1598; x_wconf 88' lang='lat' dir='ltr'>adiuuat</span> <span class='ocrx_word' id='word_1_90' title='bbox 1905 1539 1967 1597; x_wconf 92' lang='lat' dir='ltr'>in</span> <span class='ocrx_word' id='word_1_91' title='bbox 2025 1538 2253 1598; x_wconf 89' lang='lat' dir='ltr'>theatro</span> <span class='ocrx_word' id='word_1_92' title='bbox 2312 1537 2577 1598; x_wconf 84' lang='lat' dir='ltr'>sedentes</span> 
     </span>
     <span class='ocr_line' id='line_1_11' title="bbox 235 1639 2577 1715; baseline 0 -16"><span class='ocrx_word' id='word_1_93' title='bbox 235 1652 295 1692; x_wconf 80' lang='grc' dir='ltr'>ιο</span> <span class='ocrx_word' id='word_1_94' title='bbox 315 1639 664 1700; x_wconf 84' lang='lat' dir='ltr'>christianos</span> <span class='ocrx_word' id='word_1_95' title='bbox 689 1639 918 1700; x_wconf 88' lang='lat' dir='ltr'>fideles:</span> <span class='ocrx_word' id='word_1_96' title='bbox 963 1639 1124 1700; x_wconf 86' lang='lat' dir='ltr'>nulla</span> <span class='ocrx_word' id='word_1_97' title='bbox 1151 1641 1304 1702; x_wconf 91' lang='lat' dir='ltr'>enim</span> <span class='ocrx_word' id='word_1_98' title='bbox 1333 1642 1627 1702; x_wconf 89' lang='lat' dir='ltr'>obscoenis</span> <span class='ocrx_word' id='word_1_99' title='bbox 1657 1641 1907 1703; x_wconf 89' lang='lat' dir='ltr'>motibus</span> <span class='ocrx_word' id='word_1_100' title='bbox 1935 1643 2190 1701; x_wconf 90' lang='lat' dir='ltr'>membra</span> <span class='ocrx_word' id='word_1_101' title='bbox 2218 1641 2577 1715; x_wconf 89' lang='lat' dir='ltr'>distorquens</span> 
     </span>
     <span class='ocr_line' id='line_1_12' title="bbox 315 1731 2633 1820; baseline 0 -18"><span class='ocrx_word' id='word_1_102' title='bbox 315 1742 622 1802; x_wconf 85' lang='lat' dir='ltr'>desaltauit</span> <span class='ocrx_word' id='word_1_103' title='bbox 651 1743 898 1804; x_wconf 78' lang='lat' dir='ltr'>Graecae</span> <span class='ocrx_word' id='word_1_104' title='bbox 930 1744 1190 1803; x_wconf 90' lang='lat' dir='ltr'>libidinis</span> <span class='ocrx_word' id='word_1_105' title='bbox 1221 1744 1493 1804; x_wconf 86' lang='lat' dir='ltr'>fabulam.</span> <span class='ocrx_word' id='word_1_106' title='bbox 1539 1744 1713 1804; x_wconf 88' lang='lat' dir='ltr'>nabla</span> <span class='ocrx_word' id='word_1_107' title='bbox 1742 1760 1983 1820; x_wconf 76' lang='lat' dir='ltr'>cynarae</span> <span class='ocrx_word' id='word_1_108' title='bbox 2012 1743 2189 1804; x_wconf 81' lang='lat' dir='ltr'>tibiae</span> <span class='ocrx_word' id='word_1_109' title='bbox 2216 1747 2489 1819; x_wconf 85' lang='lat' dir='ltr'>tympana</span> <span class='ocrx_word' id='word_1_110' title='bbox 2516 1746 2579 1803; x_wconf 90' lang='lat' dir='ltr'>et</span> <span class='ocrx_word' id='word_1_111' title='bbox 2627 1731 2633 1739; x_wconf 68' lang='grc'><em>’</em></span> 
     </span>
     <span class='ocr_line' id='line_1_13' title="bbox 313 1845 2579 1922; baseline 0 -17"><span class='ocrx_word' id='word_1_112' title='bbox 313 1845 568 1906; x_wconf 86' lang='lat' dir='ltr'>citharae</span> <span class='ocrx_word' id='word_1_113' title='bbox 619 1847 800 1908; x_wconf 91' lang='lat' dir='ltr'>Deum</span> <span class='ocrx_word' id='word_1_114' title='bbox 852 1847 1196 1920; x_wconf 90' lang='lat' dir='ltr'>cecinerunt,</span> <span class='ocrx_word' id='word_1_115' title='bbox 1248 1864 1362 1906; x_wconf 92' lang='lat' dir='ltr'>non</span> <span class='ocrx_word' id='word_1_116' title='bbox 1403 1846 1637 1907; x_wconf 90' lang='lat' dir='ltr'>idolum.</span> <span class='ocrx_word' id='word_1_117' title='bbox 1684 1865 1797 1909; x_wconf 91' lang='lat' dir='ltr'>non</span> <span class='ocrx_word' id='word_1_118' title='bbox 1834 1847 2011 1922; x_wconf 86' lang='lat' dir='ltr'>igitur</span> <span class='ocrx_word' id='word_1_119' title='bbox 2052 1847 2472 1922; x_wconf 84' lang='lat' dir='ltr'>praescribetur</span> <span class='ocrx_word' id='word_1_120' title='bbox 2511 1849 2579 1906; x_wconf 89' lang='lat' dir='ltr'>ut</span> 
     </span>
     <span class='ocr_line' id='line_1_14' title="bbox 312 1950 2577 2028; baseline 0.001 -18"><span class='ocrx_word' id='word_1_121' title='bbox 312 1953 644 2024; x_wconf 84' lang='lat' dir='ltr'>spectentur</span> <span class='ocrx_word' id='word_1_122' title='bbox 688 1951 912 2028; x_wconf 78' lang='lat' dir='ltr'>illicita.</span> <span class='ocrx_word' id='word_1_123' title='bbox 955 1951 1180 2014; x_wconf 89' lang='lat' dir='ltr'>diabolo</span> <span class='ocrx_word' id='word_1_124' title='bbox 1221 1952 1438 2012; x_wconf 89' lang='lat' dir='ltr'>artifice</span> <span class='ocrx_word' id='word_1_125' title='bbox 1487 1968 1556 2011; x_wconf 91' lang='lat' dir='ltr'>ex</span> <span class='ocrx_word' id='word_1_126' title='bbox 1587 1951 1801 2012; x_wconf 90' lang='lat' dir='ltr'>sanctis</span> <span class='ocrx_word' id='word_1_127' title='bbox 1845 1952 1906 2010; x_wconf 89' lang='lat' dir='ltr'>in</span> <span class='ocrx_word' id='word_1_128' title='bbox 1936 1950 2143 2010; x_wconf 88' lang='lat' dir='ltr'>illicita</span> <span class='ocrx_word' id='word_1_129' title='bbox 2169 1952 2393 2010; x_wconf 87' lang='lat' dir='ltr'>mutata</span> <span class='ocrx_word' id='word_1_130' title='bbox 2421 1952 2577 2012; x_wconf 87' lang='lat' dir='ltr'>sunt.</span> 
     </span>
     <span class='ocr_line' id='line_1_15' title="bbox 311 2053 2575 2131; baseline 0 -17"><span class='ocrx_word' id='word_1_131' title='bbox 311 2055 664 2128; x_wconf 84' lang='lat' dir='ltr'>praescribat</span> <span class='ocrx_word' id='word_1_132' title='bbox 691 2054 871 2130; x_wconf 84' lang='lat' dir='ltr'>igitur</span> <span class='ocrx_word' id='word_1_133' title='bbox 899 2053 1030 2114; x_wconf 87' lang='lat' dir='ltr'>istis</span> <span class='ocrx_word' id='word_1_134' title='bbox 1081 2058 1278 2131; x_wconf 87' lang='lat' dir='ltr'>pudor,</span> <span class='ocrx_word' id='word_1_135' title='bbox 1331 2055 1558 2116; x_wconf 86' lang='lat' dir='ltr'>etiamsi</span> <span class='ocrx_word' id='word_1_136' title='bbox 1609 2072 1724 2115; x_wconf 93' lang='lat' dir='ltr'>non</span> <span class='ocrx_word' id='word_1_137' title='bbox 1774 2058 2014 2128; x_wconf 87' lang='lat' dir='ltr'>possunt</span> <span class='ocrx_word' id='word_1_138' title='bbox 2070 2057 2301 2114; x_wconf 89' lang='lat' dir='ltr'>sanctae</span> <span class='ocrx_word' id='word_1_139' title='bbox 2326 2053 2575 2114; x_wconf 84' lang='lat' dir='ltr'>litterae.</span> 
     </span>
     <span class='ocr_line' id='line_1_16' title="bbox 239 2157 2577 2234; baseline 0 -18"><span class='ocrx_word' id='word_1_140' title='bbox 239 2171 294 2212; x_wconf 67' lang='grc' dir='ltr'>ιε</span> <span class='ocrx_word' id='word_1_141' title='bbox 315 2160 590 2232; x_wconf 87' lang='lat' dir='ltr'>quaedam</span> <span class='ocrx_word' id='word_1_142' title='bbox 621 2161 774 2219; x_wconf 91' lang='lat' dir='ltr'>enim</span> <span class='ocrx_word' id='word_1_143' title='bbox 801 2159 1087 2233; x_wconf 90' lang='lat' dir='ltr'>scriptura</span> <span class='ocrx_word' id='word_1_144' title='bbox 1115 2161 1300 2234; x_wconf 77' lang='lat' dir='ltr'>magis</span> <span class='ocrx_word' id='word_1_145' title='bbox 1327 2160 1592 2234; x_wconf 91' lang='lat' dir='ltr'>prouidet</span> <span class='ocrx_word' id='word_1_146' title='bbox 1621 2160 1681 2219; x_wconf 93' lang='lat' dir='ltr'>in</span> <span class='ocrx_word' id='word_1_147' title='bbox 1710 2158 2133 2234; x_wconf 87' lang='lat' dir='ltr'>praecipiendo:</span> <span class='ocrx_word' id='word_1_148' title='bbox 2177 2157 2577 2218; x_wconf 85' lang='lat' dir='ltr'>uerecundiam</span> 
     </span>
     <span class='ocr_line' id='line_1_17' title="bbox 306 2260 2575 2337; baseline -0.001 -16"><span class='ocrx_word' id='word_1_149' title='bbox 306 2277 480 2336; x_wconf 88' lang='lat' dir='ltr'>passa</span> <span class='ocrx_word' id='word_1_150' title='bbox 521 2261 653 2336; x_wconf 89' lang='lat' dir='ltr'>plus</span> <span class='ocrx_word' id='word_1_151' title='bbox 691 2263 990 2322; x_wconf 87' lang='lat' dir='ltr'>interdixit</span> <span class='ocrx_word' id='word_1_152' title='bbox 1030 2263 1170 2337; x_wconf 86' lang='lat' dir='ltr'>quia</span> <span class='ocrx_word' id='word_1_153' title='bbox 1195 2263 1396 2335; x_wconf 88' lang='lat' dir='ltr'>tacuit,</span> <span class='ocrx_word' id='word_1_154' title='bbox 1427 2263 1643 2323; x_wconf 87' lang='lat' dir='ltr'>ueritas</span> <span class='ocrx_word' id='word_1_155' title='bbox 1672 2280 1743 2323; x_wconf 91' lang='lat' dir='ltr'>ne</span> <span class='ocrx_word' id='word_1_156' title='bbox 1774 2263 1826 2321; x_wconf 89' lang='lat' dir='ltr'>si</span> <span class='ocrx_word' id='word_1_157' title='bbox 1855 2263 1930 2322; x_wconf 90' lang='lat' dir='ltr'>ad</span> <span class='ocrx_word' id='word_1_158' title='bbox 1959 2261 2101 2322; x_wconf 87' lang='lat' dir='ltr'>haec</span> <span class='ocrx_word' id='word_1_159' title='bbox 2128 2277 2309 2334; x_wconf 90' lang='lat' dir='ltr'>usque</span> <span class='ocrx_word' id='word_1_160' title='bbox 2339 2260 2575 2320; x_wconf 88' lang='lat' dir='ltr'>descen-</span> 
     </span>
     <span class='ocr_line' id='line_1_18' title="bbox 309 2362 2576 2440; baseline -0.001 -17"><span class='ocrx_word' id='word_1_161' title='bbox 309 2364 460 2424; x_wconf 90' lang='lat' dir='ltr'>derit</span> <span class='ocrx_word' id='word_1_162' title='bbox 476 2410 491 2437; x_wconf 91' lang='lat'><strong>,</strong></span> <span class='ocrx_word' id='word_1_163' title='bbox 553 2365 798 2438; x_wconf 86' lang='lat' dir='ltr'>pessime</span> <span class='ocrx_word' id='word_1_164' title='bbox 849 2365 920 2424; x_wconf 94' lang='lat' dir='ltr'>de</span> <span class='ocrx_word' id='word_1_165' title='bbox 972 2365 1238 2426; x_wconf 87' lang='lat' dir='ltr'>fidelibus</span> <span class='ocrx_word' id='word_1_166' title='bbox 1289 2366 1410 2426; x_wconf 89' lang='lat' dir='ltr'>suis</span> <span class='ocrx_word' id='word_1_167' title='bbox 1463 2365 1771 2426; x_wconf 84' lang='lat' dir='ltr'>sensisset:</span> <span class='ocrx_word' id='word_1_168' title='bbox 1838 2382 1969 2424; x_wconf 91' lang='lat' dir='ltr'>nam</span> <span class='ocrx_word' id='word_1_169' title='bbox 2025 2366 2085 2424; x_wconf 93' lang='lat' dir='ltr'>et</span> <span class='ocrx_word' id='word_1_170' title='bbox 2132 2365 2463 2440; x_wconf 89' lang='lat' dir='ltr'>plerumque</span> <span class='ocrx_word' id='word_1_171' title='bbox 2513 2362 2576 2420; x_wconf 89' lang='lat' dir='ltr'>in</span> 
     </span>
     <span class='ocr_line' id='line_1_19' title="bbox 306 2466 2573 2564; baseline -0.001 -38"><span class='ocrx_word' id='word_1_172' title='bbox 306 2468 628 2564; x_wconf 72' lang='lat' dir='ltr'>praeceptis</span> <span class='ocrx_word' id='word_1_173' title='bbox 646 2469 923 2542; x_wconf 86' lang='lat' dir='ltr'>quaedam</span> <span class='ocrx_word' id='word_1_174' title='bbox 942 2468 1142 2528; x_wconf 88' lang='lat' dir='ltr'>utilius</span> <span class='ocrx_word' id='word_1_175' title='bbox 1155 2471 1436 2530; x_wconf 86' lang='lat' dir='ltr'>tacentur.</span> <span class='ocrx_word' id='word_1_176' title='bbox 1462 2471 1766 2530; x_wconf 85' lang='lat' dir='ltr'>admonent</span> <span class='ocrx_word' id='word_1_177' title='bbox 1787 2485 1954 2542; x_wconf 85' lang='lat' dir='ltr'>saepe</span> <span class='ocrx_word' id='word_1_178' title='bbox 1977 2467 2111 2528; x_wconf 90' lang='lat' dir='ltr'>dum</span> <span class='ocrx_word' id='word_1_179' title='bbox 2132 2466 2573 2526; x_wconf 90' lang='lat' dir='ltr'>interdicuntur.</span> 
     </span>
     <span class='ocr_line' id='line_1_20' title="bbox 308 2569 2576 2646; baseline -0.001 -15"><span class='ocrx_word' id='word_1_180' title='bbox 308 2570 394 2631; x_wconf 89' lang='lat' dir='ltr'>ita</span> <span class='ocrx_word' id='word_1_181' title='bbox 433 2571 608 2631; x_wconf 90' lang='lat' dir='ltr'>etiam</span> <span class='ocrx_word' id='word_1_182' title='bbox 653 2572 911 2633; x_wconf 84' lang='lat' dir='ltr'>tacentur</span> <span class='ocrx_word' id='word_1_183' title='bbox 951 2572 1086 2631; x_wconf 87' lang='lat' dir='ltr'>dum</span> <span class='ocrx_word' id='word_1_184' title='bbox 1114 2571 1326 2632; x_wconf 85' lang='lat' dir='ltr'>diuinis</span> <span class='ocrx_word' id='word_1_185' title='bbox 1370 2571 1584 2633; x_wconf 87' lang='lat' dir='ltr'>litteris</span> <span class='ocrx_word' id='word_1_186' title='bbox 1616 2572 1831 2646; x_wconf 90' lang='lat' dir='ltr'>scripta</span> <span class='ocrx_word' id='word_1_187' title='bbox 1860 2573 2013 2645; x_wconf 88' lang='lat' dir='ltr'>sunt,</span> <span class='ocrx_word' id='word_1_188' title='bbox 2060 2573 2119 2631; x_wconf 92' lang='lat' dir='ltr'>et</span> <span class='ocrx_word' id='word_1_189' title='bbox 2146 2569 2576 2645; x_wconf 89' lang='lat' dir='ltr'>praeceptorum</span> 
     </span>
     <span class='ocr_line' id='line_1_21' title="bbox 225 2672 2575 2752; baseline -0 -20"><span class='ocrx_word' id='word_1_190' title='bbox 225 2690 289 2732; x_wconf 67' lang='lat' dir='ltr'>ao</span> <span class='ocrx_word' id='word_1_191' title='bbox 309 2672 432 2735; x_wconf 88' lang='lat' dir='ltr'>loco</span> <span class='ocrx_word' id='word_1_192' title='bbox 461 2675 742 2735; x_wconf 88' lang='lat' dir='ltr'>seueritas</span> <span class='ocrx_word' id='word_1_193' title='bbox 771 2675 1026 2749; x_wconf 88' lang='lat' dir='ltr'>loquitur</span> <span class='ocrx_word' id='word_1_194' title='bbox 1053 2678 1113 2736; x_wconf 88' lang='lat' dir='ltr'>et</span> <span class='ocrx_word' id='word_1_195' title='bbox 1139 2676 1286 2735; x_wconf 88' lang='lat' dir='ltr'>ratio</span> <span class='ocrx_word' id='word_1_196' title='bbox 1320 2676 1519 2752; x_wconf 90' lang='lat' dir='ltr'>[docet]</span> <span class='ocrx_word' id='word_1_197' title='bbox 1553 2692 1697 2750; x_wconf 89' lang='lat' dir='ltr'>quae</span> <span class='ocrx_word' id='word_1_198' title='bbox 1726 2674 2012 2750; x_wconf 81' lang='lat' dir='ltr'>scriptura</span> <span class='ocrx_word' id='word_1_199' title='bbox 2040 2672 2334 2734; x_wconf 88' lang='lat' dir='ltr'>conticuit.</span> <span class='ocrx_word' id='word_1_200' title='bbox 2384 2688 2575 2731; x_wconf 90' lang='lat' dir='ltr'>secum</span> 
     </span>
     <span class='ocr_line' id='line_1_22' title="bbox 301 2775 2575 2862; baseline -0.002 -23"><span class='ocrx_word' id='word_1_201' title='bbox 301 2779 696 2862; x_wconf 85' lang='lat' dir='ltr'>tantummodo</span> <span class='ocrx_word' id='word_1_202' title='bbox 739 2778 1131 2854; x_wconf 89' lang='lat' dir='ltr'>unusquisque</span> <span class='ocrx_word' id='word_1_203' title='bbox 1170 2778 1446 2839; x_wconf 87' lang='lat' dir='ltr'>deliberet</span> <span class='ocrx_word' id='word_1_204' title='bbox 1486 2782 1546 2839; x_wconf 90' lang='lat' dir='ltr'>et</span> <span class='ocrx_word' id='word_1_205' title='bbox 1589 2796 1719 2839; x_wconf 87' lang='lat' dir='ltr'>cum</span> <span class='ocrx_word' id='word_1_206' title='bbox 1746 2794 1990 2853; x_wconf 88' lang='lat' dir='ltr'>persona</span> <span class='ocrx_word' id='word_1_207' title='bbox 2029 2775 2403 2851; x_wconf 86' lang='lat' dir='ltr'>professionis</span> <span class='ocrx_word' id='word_1_208' title='bbox 2434 2790 2575 2835; x_wconf 86' lang='lat' dir='ltr'>suae</span> 
     </span>
    </p>
   </div>
   <div class='ocr_carea' id='block_1_3' title="bbox 292 3096 2574 4548">
    <p class='ocr_par' dir='ltr' id='par_1_3' title="bbox 292 3096 2574 4548">
     <span class='ocr_line' id='line_1_23' title="bbox 439 3096 2569 3169; baseline 0 -18"><span class='ocrx_word' id='word_1_209' title='bbox 439 3098 470 3151; x_wconf 95' lang='lat'><strong>1</strong></span> <span class='ocrx_word' id='word_1_210' title='bbox 509 3100 861 3153; x_wconf 83' lang='lat' dir='ltr'>suscitaretur</span> <span class='ocrx_word' id='word_1_211' title='bbox 892 3099 942 3152; x_wconf 89' lang='grc' dir='ltr'><em>Ζ</em></span> <span class='ocrx_word' id='word_1_212' title='bbox 1131 3100 1168 3156; x_wconf 84' lang='grc'>2</span> <span class='ocrx_word' id='word_1_213' title='bbox 1205 3098 1446 3153; x_wconf 87' lang='lat' dir='ltr'>hetnicos</span> <span class='ocrx_word' id='word_1_214' title='bbox 1480 3100 1532 3154; x_wconf 90' lang='lat' dir='ltr'><strong><em>Z</em></strong></span> <span class='ocrx_word' id='word_1_215' title='bbox 1733 3100 1771 3155; x_wconf 81' lang='lat'>4</span> <span class='ocrx_word' id='word_1_216' title='bbox 1805 3098 2116 3169; x_wconf 87' lang='lat' dir='ltr'>expectandi</span> <span class='ocrx_word' id='word_1_217' title='bbox 2149 3098 2269 3167; x_wconf 76' lang='grc' dir='ltr'>Ζνμ</span> <span class='ocrx_word' id='word_1_218' title='bbox 2442 3096 2569 3165; x_wconf 87' lang='lat' dir='ltr'>hoc]</span> 
     </span>
     <span class='ocr_line' id='line_1_24' title="bbox 303 3184 2571 3255; baseline -0.001 -16"><span class='ocrx_word' id='word_1_219' title='bbox 303 3186 443 3240; x_wconf 84' lang='lat' dir='ltr'>hanc</span> <span class='ocrx_word' id='word_1_220' title='bbox 476 3202 548 3255; x_wconf 69' lang='grc' dir='ltr'>νμ</span> <span class='ocrx_word' id='word_1_221' title='bbox 703 3184 740 3239; x_wconf 82' lang='lat'>5</span> <span class='ocrx_word' id='word_1_222' title='bbox 773 3184 916 3254; x_wconf 89' lang='lat' dir='ltr'>cum]</span> <span class='ocrx_word' id='word_1_223' title='bbox 951 3184 1094 3254; x_wconf 85' lang='lat' dir='ltr'>quod</span> <span class='ocrx_word' id='word_1_224' title='bbox 1115 3186 1166 3239; x_wconf 89' lang='lat' dir='ltr'><em>Z</em></span> <span class='ocrx_word' id='word_1_225' title='bbox 1298 3186 1334 3240; x_wconf 87' lang='lat'>6</span> <span class='ocrx_word' id='word_1_226' title='bbox 1357 3187 1695 3240; x_wconf 85' lang='lat' dir='ltr'>concertatur</span> <span class='ocrx_word' id='word_1_227' title='bbox 1715 3186 1930 3255; x_wconf 71' lang='lat' dir='ltr'>scripsi,</span> <span class='ocrx_word' id='word_1_228' title='bbox 1953 3184 2269 3241; x_wconf 85' lang='lat' dir='ltr'>concedatur</span> <span class='ocrx_word' id='word_1_229' title='bbox 2290 3198 2411 3253; x_wconf 70' lang='grc' dir='ltr'>νμυ,</span> <span class='ocrx_word' id='word_1_230' title='bbox 2445 3198 2571 3237; x_wconf 88' lang='lat' dir='ltr'>con·</span> 
     </span>
     <span class='ocr_line' id='line_1_25' title="bbox 303 3258 2571 3340; baseline -0.001 -15"><span class='ocrx_word' id='word_1_231' title='bbox 303 3271 558 3326; x_wconf 69' lang='lat' dir='ltr'>tenuatus</span> <span class='ocrx_word' id='word_1_232' title='bbox 582 3272 632 3325; x_wconf 86' lang='lat' dir='ltr'><strong><em>Z</em></strong></span> <span class='ocrx_word' id='word_1_233' title='bbox 788 3272 1004 3325; x_wconf 73' lang='lat' dir='ltr'>terrena</span> <span class='ocrx_word' id='word_1_234' title='bbox 1037 3290 1095 3340; x_wconf 84' lang='grc' dir='ltr'>μ,</span> <span class='ocrx_word' id='word_1_235' title='bbox 1131 3272 1348 3325; x_wconf 71' lang='lat' dir='ltr'>aeterna</span> <span class='ocrx_word' id='word_1_236' title='bbox 1383 3272 1464 3325; x_wconf 81' lang='lat' dir='ltr'>Zr</span> <span class='ocrx_word' id='word_1_237' title='bbox 1638 3272 1669 3325; x_wconf 81' lang='lat'>7</span> <span class='ocrx_word' id='word_1_238' title='bbox 1704 3258 1805 3326; x_wconf 75' lang='lat' dir='ltr'>isfl</span> <span class='ocrx_word' id='word_1_239' title='bbox 1837 3273 1891 3326; x_wconf 83' lang='grc' dir='ltr'><em>Ζ</em></span> <span class='ocrx_word' id='word_1_240' title='bbox 2088 3271 2216 3339; x_wconf 87' lang='lat' dir='ltr'>non]</span> <span class='ocrx_word' id='word_1_241' title='bbox 2251 3270 2426 3324; x_wconf 74' lang='lat' dir='ltr'>henas</span> <span class='ocrx_word' id='word_1_242' title='bbox 2460 3283 2571 3323; x_wconf 85' lang='lat' dir='ltr'>non</span> 
     </span>
     <span class='ocr_line' id='line_1_26' title="bbox 301 3355 2503 3428; baseline -0.003 -15"><span class='ocrx_word' id='word_1_243' title='bbox 301 3358 356 3413; x_wconf 91' lang='grc' dir='ltr'><em>Ζ</em></span> <span class='ocrx_word' id='word_1_244' title='bbox 507 3358 544 3413; x_wconf 89' lang='grc'>8</span> <span class='ocrx_word' id='word_1_245' title='bbox 577 3356 917 3427; x_wconf 87' lang='lat' dir='ltr'>expectandis</span> <span class='ocrx_word' id='word_1_246' title='bbox 951 3358 1071 3428; x_wconf 76' lang='grc' dir='ltr'>Ζνμ</span> <span class='ocrx_word' id='word_1_247' title='bbox 1087 3358 1116 3422; x_wconf 84' lang='grc'>·,</span> <span class='ocrx_word' id='word_1_248' title='bbox 1149 3356 1453 3425; x_wconf 86' lang='lat' dir='ltr'>expetendis</span> <span class='ocrx_word' id='word_1_249' title='bbox 1489 3358 1556 3426; x_wconf 66' lang='grc' dir='ltr'>μ’</span> <span class='ocrx_word' id='word_1_250' title='bbox 1722 3358 1771 3411; x_wconf 86' lang='lat' dir='ltr'>is</span> <span class='ocrx_word' id='word_1_251' title='bbox 1805 3358 1943 3413; x_wconf 85' lang='lat' dir='ltr'>circo</span> <span class='ocrx_word' id='word_1_252' title='bbox 1978 3374 2013 3413; x_wconf 86' lang='lat' dir='ltr'><strong><em>v</em></strong></span> <span class='ocrx_word' id='word_1_253' title='bbox 2170 3355 2437 3411; x_wconf 89' lang='lat' dir='ltr'>concurrit</span> <span class='ocrx_word' id='word_1_254' title='bbox 2469 3370 2503 3407; x_wconf 81' lang='lat' dir='ltr'>r</span> 
     </span>
     <span class='ocr_line' id='line_1_27' title="bbox 307 3442 2508 3512; baseline -0.001 -15"><span class='ocrx_word' id='word_1_255' title='bbox 307 3444 376 3497; x_wconf 93' lang='lat'>10</span> <span class='ocrx_word' id='word_1_256' title='bbox 400 3443 612 3498; x_wconf 89' lang='lat' dir='ltr'>obcenis</span> <span class='ocrx_word' id='word_1_257' title='bbox 635 3444 686 3497; x_wconf 89' lang='lat' dir='ltr'><em>Z</em></span> <span class='ocrx_word' id='word_1_258' title='bbox 821 3442 1074 3497; x_wconf 88' lang='lat' dir='ltr'>membris</span> <span class='ocrx_word' id='word_1_259' title='bbox 1107 3442 1504 3512; x_wconf 86' lang='lat' dir='ltr'>distorquendis</span> <span class='ocrx_word' id='word_1_260' title='bbox 1526 3444 1578 3497; x_wconf 92' lang='lat' dir='ltr'><strong><em>Z</em></strong></span> <span class='ocrx_word' id='word_1_261' title='bbox 1661 3476 1669 3483; x_wconf 93' lang='lat'><strong>·</strong></span> <span class='ocrx_word' id='word_1_262' title='bbox 1714 3445 1780 3499; x_wconf 91' lang='lat'>11</span> <span class='ocrx_word' id='word_1_263' title='bbox 1814 3444 2043 3498; x_wconf 87' lang='lat' dir='ltr'>saltauit</span> <span class='ocrx_word' id='word_1_264' title='bbox 2064 3444 2119 3498; x_wconf 91' lang='lat' dir='ltr'><strong><em>Z</em></strong></span> <span class='ocrx_word' id='word_1_265' title='bbox 2247 3442 2433 3497; x_wconf 88' lang='lat' dir='ltr'>fabula</span> <span class='ocrx_word' id='word_1_266' title='bbox 2453 3442 2508 3495; x_wconf 90' lang='lat' dir='ltr'><em>Z</em></span> 
     </span>
     <span class='ocr_line' id='line_1_28' title="bbox 299 3528 2504 3601; baseline 0 -18"><span class='ocrx_word' id='word_1_267' title='bbox 299 3528 502 3589; x_wconf 86' lang='lat' dir='ltr'>nabule</span> <span class='ocrx_word' id='word_1_268' title='bbox 534 3530 589 3583; x_wconf 91' lang='lat' dir='ltr'><strong><em>Z</em></strong></span> <span class='ocrx_word' id='word_1_269' title='bbox 787 3544 998 3599; x_wconf 75' lang='lat' dir='ltr'>cymare</span> <span class='ocrx_word' id='word_1_270' title='bbox 1021 3545 1068 3594; x_wconf 80' lang='lat' dir='ltr'>r,</span> <span class='ocrx_word' id='word_1_271' title='bbox 1108 3545 1234 3584; x_wconf 88' lang='lat' dir='ltr'>aera</span> <span class='ocrx_word' id='word_1_272' title='bbox 1254 3545 1288 3583; x_wconf 78' lang='lat' dir='ltr'><em>v</em></span> <span class='ocrx_word' id='word_1_273' title='bbox 1491 3531 1751 3599; x_wconf 79' lang='lat' dir='ltr'>tympana</span> <span class='ocrx_word' id='word_1_274' title='bbox 1784 3546 1885 3585; x_wconf 85' lang='lat' dir='ltr'>om.</span> <span class='ocrx_word' id='word_1_275' title='bbox 1920 3546 1993 3601; x_wconf 74' lang='lat' dir='ltr'>rp.</span> <span class='ocrx_word' id='word_1_276' title='bbox 2197 3532 2253 3583; x_wconf 88' lang='lat' dir='ltr'>ct</span> <span class='ocrx_word' id='word_1_277' title='bbox 2287 3544 2387 3585; x_wconf 87' lang='lat' dir='ltr'>om.</span> <span class='ocrx_word' id='word_1_278' title='bbox 2424 3528 2504 3583; x_wconf 79' lang='grc' dir='ltr'>Ζυ</span> 
     </span>
     <span class='ocr_line' id='line_1_29' title="bbox 309 3613 2569 3685; baseline 0 -16"><span class='ocrx_word' id='word_1_279' title='bbox 309 3617 380 3669; x_wconf 85' lang='grc'>12</span> <span class='ocrx_word' id='word_1_280' title='bbox 413 3615 640 3685; x_wconf 76' lang='lat' dir='ltr'>cythara</span> <span class='ocrx_word' id='word_1_281' title='bbox 670 3630 705 3667; x_wconf 77' lang='lat' dir='ltr'>r</span> <span class='ocrx_word' id='word_1_282' title='bbox 873 3613 1032 3669; x_wconf 87' lang='lat' dir='ltr'>deum</span> <span class='ocrx_word' id='word_1_283' title='bbox 1067 3616 1372 3670; x_wconf 86' lang='lat' dir='ltr'>cecinerunt</span> <span class='ocrx_word' id='word_1_284' title='bbox 1405 3631 1496 3685; x_wconf 70' lang='grc' dir='ltr'>νμ,</span> <span class='ocrx_word' id='word_1_285' title='bbox 1531 3616 1747 3670; x_wconf 88' lang='lat' dir='ltr'>domino</span> <span class='ocrx_word' id='word_1_286' title='bbox 1784 3616 2085 3670; x_wconf 87' lang='lat' dir='ltr'>seruierunt</span> <span class='ocrx_word' id='word_1_287' title='bbox 2118 3616 2202 3670; x_wconf 81' lang='lat' dir='ltr'>Zv</span> <span class='ocrx_word' id='word_1_288' title='bbox 2404 3613 2569 3669; x_wconf 81' lang='lat' dir='ltr'>idolis</span> 
     </span>
     <span class='ocr_line' id='line_1_30' title="bbox 299 3700 2567 3775; baseline -0.001 -17"><span class='ocrx_word' id='word_1_289' title='bbox 299 3704 386 3758; x_wconf 84' lang='grc' dir='ltr'>Ζυ</span> <span class='ocrx_word' id='word_1_290' title='bbox 613 3702 1003 3771; x_wconf 84' lang='lat' dir='ltr'>praescribatur</span> <span class='ocrx_word' id='word_1_291' title='bbox 1035 3703 1131 3767; x_wconf 84' lang='lat' dir='ltr'>Zv,</span> <span class='ocrx_word' id='word_1_292' title='bbox 1165 3702 1551 3772; x_wconf 85' lang='lat' dir='ltr'>praescribitur</span> <span class='ocrx_word' id='word_1_293' title='bbox 1583 3704 1771 3758; x_wconf 80' lang='lat' dir='ltr'>malim</span> <span class='ocrx_word' id='word_1_294' title='bbox 1850 3748 1863 3761; x_wconf 71' lang='grc'>,</span> <span class='ocrx_word' id='word_1_295' title='bbox 1998 3702 2071 3775; x_wconf 39' lang='grc'>13,</span> <span class='ocrx_word' id='word_1_296' title='bbox 2084 3703 2441 3775; x_wconf 52' lang='lat' dir='ltr'>⁹expectentur</span> <span class='ocrx_word' id='word_1_297' title='bbox 2473 3700 2567 3765; x_wconf 82' lang='lat' dir='ltr'>Zr,</span> 
     </span>
     <span class='ocr_line' id='line_1_31' title="bbox 303 3784 2571 3858; baseline -0.002 -14"><span class='ocrx_word' id='word_1_298' title='bbox 303 3792 723 3858; x_wconf 68' lang='lat' dir='ltr'>etpetenturp,</span> <span class='ocrx_word' id='word_1_299' title='bbox 952 3788 1308 3845; x_wconf 86' lang='lat' dir='ltr'>adiabolov</span> <span class='ocrx_word' id='word_1_300' title='bbox 1537 3789 1805 3858; x_wconf 78' lang='lat' dir='ltr'>exJetZ</span> <span class='ocrx_word' id='word_1_301' title='bbox 2035 3784 2571 3851; x_wconf 45' lang='lat' dir='ltr'>inacta-eduam</span> 
     </span>
     <span class='ocr_line' id='line_1_32' title="bbox 300 3872 2569 3944; baseline -0.003 -13"><span class='ocrx_word' id='word_1_302' title='bbox 300 3876 488 3931; x_wconf 75' lang='lat' dir='ltr'>malim</span> <span class='ocrx_word' id='word_1_303' title='bbox 635 3876 850 3929; x_wconf 86' lang='lat' dir='ltr'>mutata</span> <span class='ocrx_word' id='word_1_304' title='bbox 882 3890 988 3931; x_wconf 85' lang='lat' dir='ltr'>om.</span> <span class='ocrx_word' id='word_1_305' title='bbox 1020 3890 1054 3928; x_wconf 77' lang='lat' dir='ltr'>r</span> <span class='ocrx_word' id='word_1_306' title='bbox 1200 3875 1268 3929; x_wconf 83' lang='lat'>14</span> <span class='ocrx_word' id='word_1_307' title='bbox 1299 3874 1689 3944; x_wconf 87' lang='lat' dir='ltr'>praescribatur</span> <span class='ocrx_word' id='word_1_308' title='bbox 1723 3876 1788 3939; x_wconf 88' lang='lat' dir='ltr'>Z,</span> <span class='ocrx_word' id='word_1_309' title='bbox 1823 3874 2117 3943; x_wconf 87' lang='lat' dir='ltr'>perscribat</span> <span class='ocrx_word' id='word_1_310' title='bbox 2152 3893 2192 3943; x_wconf 87' lang='grc' dir='ltr'>μ</span> <span class='ocrx_word' id='word_1_311' title='bbox 2341 3872 2409 3926; x_wconf 84' lang='grc'>15</span> <span class='ocrx_word' id='word_1_312' title='bbox 2452 3886 2569 3939; x_wconf 89' lang='lat' dir='ltr'>pre-</span> 
     </span>
     <span class='ocr_line' id='line_1_33' title="bbox 303 3957 2570 4030; baseline -0.002 -15"><span class='ocrx_word' id='word_1_313' title='bbox 303 3960 458 4016; x_wconf 91' lang='lat' dir='ltr'>uidet</span> <span class='ocrx_word' id='word_1_314' title='bbox 490 3976 538 4028; x_wconf 81' lang='lat' dir='ltr'>r,</span> <span class='ocrx_word' id='word_1_315' title='bbox 573 3960 852 4029; x_wconf 88' lang='lat' dir='ltr'>prohibuit</span> <span class='ocrx_word' id='word_1_316' title='bbox 894 3961 948 4014; x_wconf 90' lang='lat' dir='ltr'><strong><em>Z</em></strong></span> <span class='ocrx_word' id='word_1_317' title='bbox 1082 3962 1148 4015; x_wconf 89' lang='grc'>16</span> <span class='ocrx_word' id='word_1_318' title='bbox 1183 3960 1312 4029; x_wconf 85' lang='lat' dir='ltr'>quia</span> <span class='ocrx_word' id='word_1_319' title='bbox 1344 3960 1538 4015; x_wconf 87' lang='lat' dir='ltr'>tacuit.</span> <span class='ocrx_word' id='word_1_320' title='bbox 1571 3960 1785 4015; x_wconf 85' lang='lat' dir='ltr'>Veritas</span> <span class='ocrx_word' id='word_1_321' title='bbox 1820 3961 1898 4016; x_wconf 80' lang='lat' dir='ltr'>sic</span> <span class='ocrx_word' id='word_1_322' title='bbox 1931 3959 2218 4030; x_wconf 71' lang='lat' dir='ltr'>distinqwit</span> <span class='ocrx_word' id='word_1_323' title='bbox 2250 3974 2285 4016; x_wconf 82' lang='lat' dir='ltr'><em>v</em></span> <span class='ocrx_word' id='word_1_324' title='bbox 2418 3974 2487 4011; x_wconf 88' lang='lat' dir='ltr'>ne</span> <span class='ocrx_word' id='word_1_325' title='bbox 2520 3957 2570 4011; x_wconf 86' lang='lat' dir='ltr'>si</span> 
     </span>
     <span class='ocr_line' id='line_1_34' title="bbox 292 4045 2573 4116; baseline -0.002 -14"><span class='ocrx_word' id='word_1_326' title='bbox 292 4048 516 4116; x_wconf 71' lang='lat' dir='ltr'>scripsi,</span> <span class='ocrx_word' id='word_1_327' title='bbox 549 4047 658 4100; x_wconf 88' lang='lat' dir='ltr'>nisi</span> <span class='ocrx_word' id='word_1_328' title='bbox 691 4062 782 4116; x_wconf 69' lang='grc' dir='ltr'>νμ,</span> <span class='ocrx_word' id='word_1_329' title='bbox 817 4063 924 4101; x_wconf 89' lang='lat' dir='ltr'>non</span> <span class='ocrx_word' id='word_1_330' title='bbox 958 4047 1022 4112; x_wconf 90' lang='lat' dir='ltr'>Z,</span> <span class='ocrx_word' id='word_1_331' title='bbox 1046 4048 1094 4100; x_wconf 90' lang='lat' dir='ltr'>si</span> <span class='ocrx_word' id='word_1_332' title='bbox 1117 4063 1152 4101; x_wconf 84' lang='lat' dir='ltr'><strong><em>v</em></strong></span> <span class='ocrx_word' id='word_1_333' title='bbox 1302 4046 1455 4116; x_wconf 89' lang='lat' dir='ltr'>haec]</span> <span class='ocrx_word' id='word_1_334' title='bbox 1479 4046 1580 4101; x_wconf 84' lang='lat' dir='ltr'>hoc</span> <span class='ocrx_word' id='word_1_335' title='bbox 1602 4047 1653 4100; x_wconf 89' lang='grc' dir='ltr'><em>Ζ</em></span> <span class='ocrx_word' id='word_1_336' title='bbox 1787 4045 2123 4101; x_wconf 86' lang='lat' dir='ltr'>descenderet</span> <span class='ocrx_word' id='word_1_337' title='bbox 2144 4045 2241 4100; x_wconf 83' lang='grc' dir='ltr'>Ζυ.</span> <span class='ocrx_word' id='word_1_338' title='bbox 2374 4045 2438 4099; x_wconf 82' lang='grc'>17</span> <span class='ocrx_word' id='word_1_339' title='bbox 2462 4045 2573 4098; x_wconf 86' lang='lat' dir='ltr'>nisi</span> 
     </span>
     <span class='ocr_line' id='line_1_35' title="bbox 299 4130 2574 4203; baseline -0.002 -15"><span class='ocrx_word' id='word_1_340' title='bbox 299 4134 526 4203; x_wconf 85' lang='lat' dir='ltr'>pessime</span> <span class='ocrx_word' id='word_1_341' title='bbox 547 4133 599 4188; x_wconf 91' lang='lat' dir='ltr'><em>Z</em></span> <span class='ocrx_word' id='word_1_342' title='bbox 841 4134 910 4187; x_wconf 88' lang='lat'>18</span> <span class='ocrx_word' id='word_1_343' title='bbox 933 4132 1192 4202; x_wconf 82' lang='lat' dir='ltr'>quaedam</span> <span class='ocrx_word' id='word_1_344' title='bbox 1225 4132 1443 4202; x_wconf 89' lang='lat' dir='ltr'>utilius]</span> <span class='ocrx_word' id='word_1_345' title='bbox 1479 4132 1644 4187; x_wconf 85' lang='lat' dir='ltr'>utilia</span> <span class='ocrx_word' id='word_1_346' title='bbox 1679 4132 1937 4201; x_wconf 86' lang='lat' dir='ltr'>quaedam</span> <span class='ocrx_word' id='word_1_347' title='bbox 1973 4132 2021 4186; x_wconf 92' lang='lat' dir='ltr'><strong><em>Z</em></strong></span> <span class='ocrx_word' id='word_1_348' title='bbox 2216 4130 2574 4185; x_wconf 89' lang='lat' dir='ltr'>admonentur</span> 
     </span>
     <span class='ocr_line' id='line_1_36' title="bbox 297 4216 2571 4289; baseline -0.002 -15"><span class='ocrx_word' id='word_1_349' title='bbox 297 4222 444 4274; x_wconf 86' lang='lat' dir='ltr'>enirn</span> <span class='ocrx_word' id='word_1_350' title='bbox 480 4221 531 4275; x_wconf 90' lang='lat' dir='ltr'><em>Z</em></span> <span class='ocrx_word' id='word_1_351' title='bbox 733 4219 1130 4274; x_wconf 91' lang='lat' dir='ltr'>interciduntur</span> <span class='ocrx_word' id='word_1_352' title='bbox 1161 4234 1234 4289; x_wconf 67' lang='grc' dir='ltr'>νμ</span> <span class='ocrx_word' id='word_1_353' title='bbox 1429 4219 1497 4273; x_wconf 87' lang='grc'>19</span> <span class='ocrx_word' id='word_1_354' title='bbox 1529 4221 1777 4273; x_wconf 81' lang='lat' dir='ltr'>tacentur</span> <span class='ocrx_word' id='word_1_355' title='bbox 1812 4217 1963 4288; x_wconf 91' lang='lat' dir='ltr'>dum]</span> <span class='ocrx_word' id='word_1_356' title='bbox 1998 4234 2102 4287; x_wconf 90' lang='lat' dir='ltr'>que</span> <span class='ocrx_word' id='word_1_357' title='bbox 2133 4218 2187 4271; x_wconf 90' lang='lat' dir='ltr'><strong><em>Z</em></strong></span> <span class='ocrx_word' id='word_1_358' title='bbox 2368 4216 2571 4271; x_wconf 88' lang='lat' dir='ltr'>diuinis</span> 
     </span>
     <span class='ocr_line' id='line_1_37' title="bbox 297 4302 2571 4375; baseline -0.002 -15"><span class='ocrx_word' id='word_1_359' title='bbox 297 4306 363 4372; x_wconf 91' lang='grc' dir='ltr'>Ζ,</span> <span class='ocrx_word' id='word_1_360' title='bbox 397 4304 580 4360; x_wconf 88' lang='lat' dir='ltr'>duoris</span> <span class='ocrx_word' id='word_1_361' title='bbox 614 4325 670 4375; x_wconf 86' lang='grc' dir='ltr'>μ,</span> <span class='ocrx_word' id='word_1_362' title='bbox 706 4320 808 4361; x_wconf 85' lang='lat' dir='ltr'>om.</span> <span class='ocrx_word' id='word_1_363' title='bbox 842 4321 877 4359; x_wconf 79' lang='lat' dir='ltr'>r</span> <span class='ocrx_word' id='word_1_364' title='bbox 909 4306 974 4361; x_wconf 70' lang='lat' dir='ltr'>im</span> <span class='ocrx_word' id='word_1_365' title='bbox 1008 4307 1229 4370; x_wconf 65' lang='lat' dir='ltr'>lacuna,</span> <span class='ocrx_word' id='word_1_366' title='bbox 1263 4305 1322 4358; x_wconf 91' lang='lat' dir='ltr'>in</span> <span class='ocrx_word' id='word_1_367' title='bbox 1343 4320 1377 4359; x_wconf 83' lang='lat' dir='ltr'><strong><em>v</em></strong></span> <span class='ocrx_word' id='word_1_368' title='bbox 1547 4305 1621 4360; x_wconf 80' lang='lat'>20</span> <span class='ocrx_word' id='word_1_369' title='bbox 1654 4305 1785 4359; x_wconf 86' lang='lat' dir='ltr'>locis</span> <span class='ocrx_word' id='word_1_370' title='bbox 1821 4305 1872 4359; x_wconf 90' lang='grc' dir='ltr'><em>Ζ</em></span> <span class='ocrx_word' id='word_1_371' title='bbox 2034 4305 2289 4359; x_wconf 83' lang='lat' dir='ltr'>seueritas</span> <span class='ocrx_word' id='word_1_372' title='bbox 2323 4318 2411 4372; x_wconf 67' lang='grc' dir='ltr'>νμ,</span> <span class='ocrx_word' id='word_1_373' title='bbox 2449 4302 2571 4371; x_wconf 88' lang='lat' dir='ltr'>ipsa</span> 
     </span>
     <span class='ocr_line' id='line_1_38' title="bbox 297 4387 2567 4462; baseline -0.001 -17"><span class='ocrx_word' id='word_1_374' title='bbox 297 4392 502 4445; x_wconf 86' lang='lat' dir='ltr'>ueritas</span> <span class='ocrx_word' id='word_1_375' title='bbox 536 4392 586 4445; x_wconf 88' lang='grc' dir='ltr'><em>Ζ</em></span> <span class='ocrx_word' id='word_1_376' title='bbox 790 4392 1044 4460; x_wconf 86' lang='lat' dir='ltr'>loquatur</span> <span class='ocrx_word' id='word_1_377' title='bbox 1063 4406 1096 4445; x_wconf 76' lang='lat' dir='ltr'>r</span> <span class='ocrx_word' id='word_1_378' title='bbox 1302 4390 1479 4462; x_wconf 87' lang='lat' dir='ltr'>docet]</span> <span class='ocrx_word' id='word_1_379' title='bbox 1515 4391 1757 4460; x_wconf 90' lang='lat' dir='ltr'>loquitur</span> <span class='ocrx_word' id='word_1_380' title='bbox 1788 4406 1862 4462; x_wconf 67' lang='grc' dir='ltr'>νμ</span> <span class='ocrx_word' id='word_1_381' title='bbox 2067 4390 2135 4445; x_wconf 82' lang='lat'>21</span> <span class='ocrx_word' id='word_1_382' title='bbox 2169 4387 2567 4457; x_wconf 86' lang='lat' dir='ltr'>tantummodo]</span> 
     </span>
     <span class='ocr_line' id='line_1_39' title="bbox 295 4477 1590 4548; baseline 0 -16"><span class='ocrx_word' id='word_1_383' title='bbox 295 4479 516 4533; x_wconf 81' lang='lat' dir='ltr'>tanturn</span> <span class='ocrx_word' id='word_1_384' title='bbox 549 4493 620 4548; x_wconf 69' lang='grc' dir='ltr'>νμ</span> <span class='ocrx_word' id='word_1_385' title='bbox 795 4477 1162 4548; x_wconf 84' lang='lat' dir='ltr'>professionis]</span> <span class='ocrx_word' id='word_1_386' title='bbox 1199 4477 1522 4535; x_wconf 82' lang='lat' dir='ltr'>defensionis</span> <span class='ocrx_word' id='word_1_387' title='bbox 1555 4494 1590 4532; x_wconf 79' lang='lat' dir='ltr'>r</span> 
     </span>
    </p>
   </div>
  </div>
 </body>
</html>
