3217 5150
573 529 698 593 236
1511 524 1883 593 Appendix.

505 726 516 737 ·
565 704 691 745 mus
721 689 1040 745 metuentes
1069 702 1140 743 ne
1169 685 1326 744 Deus
1354 684 1536 743 iratus
1566 684 1785 743 fulmen
1814 684 1875 743 in
1898 702 2000 744 nos
2030 685 2219 745 uibret
2241 686 2359 745 irae
2384 701 2541 757 suae,
2573 702 2644 743 ne
2668 688 2825 745 terra

569 790 868 849 dehiscens
897 806 1000 847 nos
1031 789 1375 848 absorbeat?
1425 791 1489 846 ut
1531 788 1819 847 interdum
1866 788 2034 847 unius
2079 787 2345 861 impietas
2387 787 2655 862 supplicii
2686 804 2821 847 con-

563 894 744 954 sortio
773 892 982 953 multos
1014 890 1298 951 inuoluat:
1335 894 1394 949 et
1421 894 1559 949 sunt
1587 890 1807 949 scelera
1834 893 1954 949 tam
1986 892 2273 963 immania,
2320 893 2385 949 ut
2425 890 2645 949 uidisse
2676 908 2818 965 quo-

564 1014 673 1070 que
703 998 803 1055 aut
833 995 1060 1055 audisse
1091 995 1170 1054 sit
1199 994 1560 1055 detestabile.
1610 994 1711 1053 sed
1761 1010 1862 1053 cur
1914 994 2058 1053 alias
2088 994 2149 1053 in
2202 993 2387 1060 simili,
2420 994 2654 1054 crimine
2700 998 2818 1053 tam

563 1116 760 1159 sumus
791 1098 1160 1159 conniuentes
1175 1101 1203 1156 ¹?
1265 1115 1365 1156 cur
1415 1100 1476 1155 et
1527 1098 1691 1157 nobis
1734 1098 1874 1157 adeo
1908 1097 2228 1156 blandimur
2272 1100 2333 1156 et
2376 1098 2524 1156 aliis.
2574 1100 2636 1155 at
2688 1098 2818 1155 uide
2842 1122 2867 1161 s

560 1202 699 1277 quid
735 1204 802 1261 de
833 1202 1050 1261 talibus
1079 1201 1334 1275 loquitur
1388 1201 1680 1273 apostolus
1734 1200 1989 1259 scribens
2019 1200 2179 1260 Tito:
2240 1200 2705 1274 profitentur
2752 1217 2825 1259 se

564 1322 773 1365 nosse
818 1305 1066 1375 Deum,
1111 1304 1342 1363 factis
1386 1306 1629 1362 autem
1674 1306 1972 1377 negant.
2018 1304 2171 1363 idem
2216 1303 2279 1366 in
2308 1303 2496 1377 priore
2524 1304 2599 1363 ad
2628 1303 2821 1363 Timo-

567 1410 762 1468 theum
805 1410 874 1467 de
919 1408 1092 1467 uidua
1137 1423 1282 1481 quae
1311 1407 1560 1481 negligit
1589 1407 1900 1465 familiam:
1962 1408 2025 1466 si
2070 1424 2207 1480 qua
2251 1409 2485 1466 autem
2530 1424 2818 1468 suorum

557 1512 860 1570 maxime
903 1512 1466 1569 domesticorum
1511 1528 1749 1570 curam
1796 1526 1930 1569 non
1974 1510 2213 1581 habet,
2259 1510 2479 1569 fidem
2523 1510 2825 1585 negauit

560 1616 633 1671 et
693 1617 804 1673 est
848 1614 1152 1674 infideli
1199 1614 1546 1673 deterior.
1622 1614 1673 1673 si
1726 1614 1895 1673 fidem
1950 1613 2184 1687 negauit
2238 1630 2381 1687 quae
2434 1614 2821 1687 negligentius
2843 1634 2897 1673 ιο

569 1718 743 1777 habet
773 1734 933 1777 suam
963 1718 1260 1789 familiam,
1292 1718 1428 1791 quid
1460 1716 1747 1776 dicturum
1774 1720 1944 1791 putas
1974 1717 2041 1795 de
2074 1717 2166 1775 his
2196 1717 2296 1791 qui
2328 1734 2389 1775 se
2420 1720 2571 1777 totos
2590 1718 2823 1777 dedide-

566 1824 703 1879 runt
753 1837 1103 1881 mammonae
1157 1824 1214 1879 et
1266 1820 1498 1879 uentri?
1561 1820 1631 1878 de
1684 1820 2030 1879 Christianis
2071 1820 2267 1894 utique
2310 1821 2563 1895 loquitur
2604 1822 2823 1881 Paulus

563 1922 824 1982 scribens
882 1923 1378 1997 Philippensibus,
1461 1940 1588 1983 cum
1640 1922 1755 1981 ait:
1818 1940 2116 1996 quorum
2182 1924 2365 1983 sinis
2422 1924 2818 1997 interitnS,

567 2043 862 2099 qnorum
907 2026 1096 2086 Deus
1138 2030 1394 2086 uenter
1439 2030 1570 2085 est.
1620 2043 1761 2100 quos
1792 2027 2018 2085 eosdem
2046 2029 2207 2087 taxat
2238 2027 2495 2087 scribens
2518 2028 2820 2088 Romanis:

567 2128 980 2188 huiusmodi
1055 2129 1351 2189 Christo
1437 2130 1747 2189 Domino
1827 2148 1961 2189 non
2048 2132 2420 2203 seruiunt,
2498 2132 2621 2191 sed
2692 2150 2890 2192 sucis

562 2233 831 2291 nentri.
880 2233 1096 2293 seruire
1149 2234 1306 2292 iuxta
1339 2234 1753 2306 scripturarum
1786 2233 2247 2293 consuetudinem
2297 2234 2442 2293 dixit
2482 2252 2583 2307 pro
2613 2236 2815 2295 colere.

565 2338 831 2408 uentrem
863 2338 1057 2397 colunt
1111 2356 1238 2397 eum
1268 2355 1433 2411 quem
1465 2338 1683 2395 habent
1712 2354 1812 2411 pro
1844 2338 1978 2397 Deo.
2042 2338 2155 2397 iam
2185 2340 2255 2397 de
2284 2336 2531 2397 auaritia
2573 2339 2817 2398 manife-

559 2439 709 2499 stius
740 2441 912 2499 etiam
941 2442 1273 2514 pronuntiat
1310 2441 1562 2499 scribens
1614 2442 1683 2499 ad
1732 2440 2123 2499 Colossenses:
2184 2440 2677 2513 mortificate,
2724 2442 2813 2499 in-

559 2544 714 2618 quit,
777 2545 1090 2604 membra
1137 2547 1387 2604 uestra
1430 2560 1608 2619 quae
1657 2548 1829 2604 sunt
1889 2561 2101 2618 super
2144 2547 2443 2618 terram,
2490 2545 2811 2606 fornica-

554 2647 826 2708 tionem
871 2649 1402 2708 immunditiam
1435 2648 1819 2708 libidinem
1850 2648 2537 2722 concupiscentiam‘
2560 2649 2887 2715 malam„

553 2754 625 2810 et
671 2753 1104 2824 auaritiam,
1151 2769 1328 2825 quae
1375 2754 1487 2810 est
1530 2751 2091 2810 simulacrorum
2138 2752 2488 2811 seruitus.

453 2863 530 2920 25
649 2856 991 2914 Execramur
1021 2873 1114 2914 eos
1144 2855 1242 2929 qui
1271 2855 1647 2929 procumbunt
1678 2856 1751 2914 ad
1781 2855 1997 2914 Dianae
2030 2855 2431 2915 simulacrum:
2478 2861 2689 2930 quanto
2720 2856 2811 2915 iu-

561 2958 716 3016 stius
747 2975 842 3018 eos
875 2975 1230 3030 execramur,
1293 2960 1390 3034 qui
1423 2963 1540 3018 toto
1573 2964 1801 3032 pectore
1845 2960 2105 3018 seruiunt
2148 2976 2499 3019 mammonae
2518 3005 2532 3033 ‚
2578 2961 2675 3034 qui
2723 2960 2812 3019 illi

559 3062 810 3135 quotidie
838 3061 1201 3122 sacrificant?
1249 3065 1308 3121 et
1364 3064 1415 3122 si
1469 3081 1679 3121 auarus
1722 3065 1813 3121 est
1852 3062 2155 3122 idololatra
2185 3064 2285 3137 qui
2314 3063 2586 3137 pecuniae
2617 3063 2808 3122 studio

552 3167 800 3236 tenetur,
856 3165 954 3238 qui
985 3167 1134 3238 quod
1163 3167 1480 3225 hereditate
1512 3167 1743 3226 obuenit
1776 3168 1877 3225 aut
1906 3166 2188 3226 industria
2232 3169 2459 3241 partum
2490 3169 2576 3225 est
2607 3183 2806 3226 recon-
2828 3187 2880 3228 π

553 3267 640 3325 dit
668 3285 771 3326 nec
801 3271 1001 3342 erogat
1030 3268 1092 3326 in
1121 3286 1361 3342 egenos:
1422 3270 1560 3343 quid
1591 3270 1931 3330 censendum
1988 3272 2077 3328 est
2128 3271 2197 3328 de
2228 3270 2322 3328 his
2375 3271 2473 3344 qui
2502 3269 2801 3341 lenocinio,

551 3370 650 3444 qui
679 3371 892 3443 fenore,
925 3371 1022 3446 qui
1043 3375 1224 3446 rapto,
1256 3373 1354 3446 qui
1384 3372 1600 3443 fraude,
1636 3373 1733 3446 qui
1762 3374 2082 3443 calumniis,
2116 3373 2214 3447 qui
2244 3373 2630 3447 opprimendis
2660 3391 2805 3446 pau-

551 3473 782 3546 peribus
813 3492 930 3534 rem
958 3477 1358 3535 accumulant?
1392 3478 1561 3550 atque
1592 3476 1731 3535 haec
1764 3475 2042 3536 idolorum
2074 3477 2321 3536 seruitus
2364 3493 2479 3536 non
2509 3477 2691 3536 solum
2722 3477 2807 3534 in-
2860 3472 2872 3485 ‘

550 3578 778 3636 uenitur
807 3579 958 3638 inter
989 3580 1363 3652 Christianos,
1395 3597 1594 3640 uerum
1624 3581 1795 3640 etiam
1828 3581 1979 3656 quod
2000 3583 2339 3656 gemendum
2362 3585 2452 3642 est
2488 3583 2637 3641 inter
2682 3581 2804 3655 epi-

479 3720 490 3738 .
554 3697 772 3755 scopos
798 3699 964 3756 porro
995 3683 1328 3743 temulentia
1357 3684 1494 3744 adeo
1525 3685 1838 3744 communis
1870 3689 1959 3744 est
1988 3684 2218 3744 Africae
2248 3689 2495 3756 nostrae,
2551 3689 2614 3745 ut
2665 3703 2799 3759 pro·
2822 3706 2881 3748 ao

551 3786 848 3857 pemodum
879 3803 992 3845 non
1022 3787 1270 3846 habeant
1299 3804 1400 3860 pro
1429 3786 1685 3848 crimine.
1734 3805 1917 3848 annon
1950 3789 2207 3850 uidemus
2238 3789 2311 3847 ad
2342 3792 2655 3863 martyrum
2686 3789 2809 3848 me-‘

551 3887 759 3947 morias
791 3889 1173 3950 Christianum
1205 3910 1241 3950 a
1272 3889 1595 3950 Christiano
1630 3891 1757 3964 cogi
1786 3893 1857 3950 ad
1900 3891 2236 3952 ebrietatem
2250 3896 2277 3949 ἱ)
2342 3909 2419 3949 an
2462 3893 2569 3950 hoc
2614 3891 2801 3950 leuius

551 3989 766 4049 crimen
795 4008 920 4050 esse
951 3993 1236 4066 ducimus,
1292 4011 1464 4067 quam
1494 3993 1718 4054 hircum
1750 3994 2038 4054 immolare
2070 3995 2338 4054 Baccho?
2400 3995 2543 4053 mihi
2574 3995 2801 4078 uidetur

547 4093 727 4153 multo
758 4095 994 4167 grauius
1011 4142 1026 4168 ,
1059 4096 1112 4154 si
1139 4113 1256 4156 rem
1286 4101 1443 4157 recta
1471 4097 1693 4156 ratione
1728 4097 1968 4156 uelimus
1997 4099 2330 4172 expendere.
2364 4115 2493 4158 cum
2524 4100 2805 4172 tyrannus

678 4365 711 4417 6
747 4355 858 4419 Tit?
897 4366 942 4432 1,
981 4367 1063 4421 ie.
1095 4343 1100 4350 ’
1481 4369 1514 4422 s
1550 4367 1578 4420 1
1616 4369 1752 4421 Tim.
1790 4369 1839 4432 5,
1876 4371 1923 4422 s.
2347 4370 2415 4424 13
2452 4368 2593 4424 Phil.
2632 4370 2681 4432 3,
2720 4369 2804 4422 19.

547 4449 613 4504 15
649 4450 800 4504 Rom.
841 4452 922 4516 16,
959 4453 1040 4505 18.
1355 4454 1422 4507 18
1457 4453 1572 4508 001.
1607 4455 1659 4517 3,
1696 4455 1744 4508 5.
