3217 5150
722 528 819 576 Lx

722 665 867 730 ante
895 665 1229 732 Erasmum
1271 667 1541 733 edidisse
1578 667 1744 734 infra
1784 667 2061 734 narrabo.
2105 688 2180 734 ex
2207 669 2647 746 Dauentriensi
2675 672 2988 739 Erasmus

721 777 791 842 in
820 795 999 842 suam
1038 777 1274 862 recepit
1305 777 1736 846 emendatione
1765 778 2090 846 accedente
2119 779 2248 846 fere
2275 781 2466 848 nulla.
2486 801 2613 873 ‘nec
2639 783 2984 866 quicquam

724 887 791 953 in
820 887 1198 972 corrigendis
1245 889 1489 954 mendis
1532 889 1758 972 reliqui
1803 891 2266 974 praestiterunt.
2324 892 2474 958 sunt
2515 893 2682 958 enim
2731 895 2987 962 codices

725 999 855 1066 eius
886 998 1209 1068 rarissimi.
1256 1000 1499 1081 praeter
1526 1000 2032 1068 uetustissimum
2061 1000 2438 1070 Vossianum
2467 1003 2578 1068 lat.
2607 1004 2698 1070 40
2725 1023 2882 1070 saec.
2917 1005 2986 1070 X

723 1109 843 1196 (K)
855 1109 939 1195 ²⁸),
970 1129 1154 1193 quem
1184 1110 1283 1176 uir
1311 1111 1776 1178 illustrissimus
1805 1112 1908 1178 Du
1935 1111 2094 1179 Rieu
2123 1132 2245 1196 qua
2273 1115 2368 1180 est
2397 1115 2658 1201 insignis
2688 1115 2988 1184 liberali-

721 1223 853 1288 tate
892 1221 1313 1302 vindobonam
1356 1223 1553 1302 misit,
1596 1222 2009 1290 Parisiensem
2041 1223 2140 1309 (Z)
2188 1225 2364 1292 cuius
2405 1227 2652 1309 saepius
2681 1227 2988 1295 denotaui

720 1327 1259 1417 interpolationem
1300 1335 1577 1402 adhibui.
1621 1336 1824 1404 exstat
1864 1355 2010 1404 uero
2039 1337 2288 1416 tertius,
2330 1338 2669 1406 Vossianus
2700 1340 2812 1408 lat.
2851 1342 2988 1407 108

722 1465 875 1514 saec.
918 1447 1099 1527 XIII,
1152 1449 1327 1531 isque
1370 1446 1495 1514 fuit
1536 1446 1800 1514 fortasse
1841 1450 2003 1516 unde
2047 1449 2238 1514 editio
2285 1450 2566 1536 princeps
2609 1453 2810 1534 petita
2857 1455 2982 1520 est.

722 1560 889 1626 certe
909 1559 1061 1641 quin
1084 1577 1157 1624 ea
1177 1577 1249 1624 ex
1270 1558 1479 1625 codice
1496 1558 1794 1625 Vossiano
1825 1578 2014 1642 quam
2037 1560 2378 1628 Parisiensi
2407 1561 2700 1628 similiori
2725 1563 2990 1629 fluxerit

722 1672 972 1754 propter
998 1670 1362 1736 lacunarum
1390 1671 1636 1753 aliquot
1665 1671 2160 1754 mendorumque
2182 1674 2678 1740 communionem
2701 1674 2992 1740 dubitari

722 1782 955 1866 nequit.
1017 1783 1325 1865 quondam
1382 1783 1756 1848 exstiterunt
1811 1783 2168 1867 conplures:
2229 1803 2302 1849 ex
2354 1784 2562 1852 codice
2620 1786 2854 1871 insigni
2913 1791 2990 1854 et

726 1895 975 1960 uetusto
1006 1893 1372 1960 Carthusiae
1402 1892 1784 1960 Coloniensis
1812 1892 2081 1962 Grauius
2122 1896 2461 1979 scripturas
2502 1897 2802 1981 quasdam
2829 1918 2988 1982 pro-

724 2006 895 2084 tulit,
966 2006 1203 2072 codices
1258 2005 1561 2072 Ludouici
1621 1999 1928 2074 Carrionis
1987 2009 2052 2073 et
2109 2007 2170 2074 S.
2231 2009 2630 2076 Pantaleonis
2687 2009 2988 2078 Coloniae

724 2116 1045 2185 Pamelius
1074 2117 1309 2186 laudat.
1347 2155 1423 2168 -
1455 2117 1555 2184 111
1584 2123 1720 2188 De
1748 2124 2001 2189 laude
2029 2125 2464 2205 martyro&
2495 2123 2660 2189 hunc
2688 2121 2990 2188 libellum

732 2227 1025 2313 Cypriani
1056 2231 1262 2310 aetate
1290 2232 1710 2318 conscriptum
1741 2235 2008 2302 editores
2036 2237 2118 2302 ad
2147 2236 2688 2320 corruptissimum
2717 2234 2988 2300 alterius

726 2339 1003 2408 familiae
1052 2344 1362 2426 exemplar
1405 2347 1738 2430 exegerunt
1767 2347 1871 2412 uel
1899 2347 2107 2430 potius
2137 2365 2278 2412 cum
2307 2347 2605 2412 Erasmus
2635 2346 2874 2428 primus
2905 2365 2991 2410 ex

730 2454 939 2520 codice
970 2453 1101 2520 eius
1132 2455 1376 2539 generis
1402 2454 1836 2524 Gemblacensi
1869 2458 2182 2537 edidisset,
2211 2458 2676 2525 inemendatum
2705 2456 2988 2539 relique-

628 2578 639 2589 ·
728 2566 893 2633 runt.
948 2568 1192 2649 praeter
1240 2568 1481 2635 codices
1522 2567 1722 2651 MQT‚
1773 2586 2040 2653 quorum
2091 2570 2546 2655 comparatione
2589 2571 2671 2637 ad
2717 2569 2988 2637 alterius

729 2679 1005 2745 familiae
1034 2679 1437 2764 archetypum
1468 2684 1960 2766 cognoscendum
1988 2684 2365 2766 peruenitur,
2418 2683 2600 2749 libris
2629 2678 2793 2749 LNP
2825 2702 2986 2749 usus

733 2811 893 2871 sum,
938 2810 1091 2875 quos
1123 2792 1191 2857 in
1218 2812 1414 2859 unum
1458 2793 1734 2857 codicem
1761 2796 2082 2877 parentem
2111 2814 2480 2879 conuergere
2508 2813 2698 2877 supra
2725 2794 2990 2859 demon-

732 2904 1001 2971 stratum
1030 2904 1157 2981 est3
1190 2903 1367 2969 cuius
1397 2904 1778 2988 praestantia
1807 2906 2040 2988 quanta
2059 2906 2146 2985 sit
2165 2923 2472 2988 nusquam
2500 2904 2726 2970 melius
2757 2922 2990 2990 cogno-

732 3015 947 3081 scitur.
1002 3032 1147 3081 eum
1176 3034 1320 3082 uero
1350 3014 1746 3102 Seguieriano
1779 3014 1879 3102 (S)
1910 3016 2122 3083 cedere
2149 3036 2264 3101 par
2291 3018 2424 3083 erat
2450 3016 2517 3081 in
2545 3016 2748 3084 altera
2774 3014 2986 3081 libelli

732 3129 909 3211 parte
936 3128 1081 3193 inde
1110 3147 1147 3197 a
1177 3127 1385 3193 uerbis
1412 3146 1487 3192 sa
1514 3128 1776 3209 sufferre
1807 3131 1914 3211 (=
1945 3128 2108 3213 App.
2141 3129 2314 3212 39‚3)
2345 3128 2412 3193 in
2440 3144 2510 3192 eo
2539 3130 2836 3193 exstante.
2881 3128 2989 3193 his

731 3239 1057 3322 praesidiis
1078 3240 1145 3303 in
1166 3239 1282 3305 hac
1310 3240 1561 3306 demum
1590 3241 1942 3307 recensione
1969 3241 2283 3325 permulta
2303 3256 2462 3324 quae
2483 3242 2668 3307 antea
2691 3239 2986 3325 intellegi

732 3368 855 3417 non
882 3351 1169 3435 poterant
1196 3350 1425 3415 rectius
1456 3351 1800 3419 constituta
1827 3354 1992 3432 sunt,
2025 3352 2205 3437 plura
2233 3354 2474 3419 restant
2495 3352 2700 3421 adhuc
2724 3353 2992 3418 obscura

735 3466 799 3529 et
826 3464 1171 3529 restabunt.
1210 3481 1355 3527 nam
1386 3464 1601 3528 utrum
1633 3482 1706 3529 ea
1734 3465 2012 3531 contorto
2042 3483 2264 3549 genere
2293 3464 2538 3530 dicendi
2567 3481 2688 3547 quo
2719 3464 2990 3549 scriptor

733 3574 938 3641 utitur
989 3574 1349 3657 explicanda
1396 3574 1524 3641 sint
1567 3595 1647 3642 an
1690 3576 2084 3641 librariorum
2139 3576 2448 3642 erroribus
2494 3576 2836 3641 debeantur
2877 3574 2990 3639 uix

735 3688 941 3771 potest
976 3688 1241 3755 decerni.
1282 3726 1369 3737 —
1395 3689 1488 3753 IV
1518 3692 1656 3757 Aa
1684 3691 2291 3757 Nouaticmumc.
2331 3688 2496 3755 hunc
2535 3688 2878 3753 tractatum
2903 3686 2989 3752 ab

738 3799 1019 3884 episeopo
1072 3817 1214 3865 cum
1268 3798 1569 3885 Cypriane
1623 3802 1920 3867 aduersus
1973 3800 2356 3883 Stephanum
2409 3798 2517 3885 (cf.
2562 3798 2641 3865 A.
2685 3797 2865 3883 55‚4)
2919 3800 2994 3863 et

736 3910 1111 3977 Felicissimi
1151 3910 1421 3977 schisma
1461 3912 1568 3997 (cf.
1600 3913 1679 3977 A.
1711 3910 1932 3998 54‚12)
1977 3912 2183 3977 stante
2228 3912 2441 3996 paullo
2469 3912 2610 3996 post
2638 3908 2980 3975 Decianum

737 4023 1223 4107 persecutionem
1270 4022 1376 4109 (cf.
1408 4024 1490 4089 57
1494 4023 1629 4107 ‚25)
1675 4023 2090 4106 conscriptum
2133 4024 2463 4108 postquam
2509 4021 2700 4087 editio
2729 4020 2986 4085 Dauen-

738 4134 987 4201 triensis
1019 4132 1309 4219 Cypriani
1339 4136 1630 4218 operibus
1657 4134 1904 4214 adiecit,
1948 4136 2212 4202 editores
2243 4154 2386 4201 cum
2415 4132 2496 4201 ad
2523 4151 2622 4199 res
2651 4132 2730 4198 de
2758 4130 2994 4213 quibus

806 4306 857 4374 *)
882 4305 1134 4363 Continet
1172 4305 1383 4361 libellos
1424 4304 1519 4371 IV,
1559 4306 1649 4361 De
1683 4306 1818 4361 bono
1850 4307 2162 4375 puchcitiac
2204 4306 2317 4373 (fol.
2339 4305 2602 4373 8ὓ-13·).
2643 4302 2736 4357 VI.
2769 4300 2835 4355 V.
2857 4300 2991 4357 XII.

736 4392 891 4447 XIIL
926 4390 1079 4446 VIII.
1111 4392 1173 4445 X.
1210 4391 1306 4457 IX,
1342 4392 1498 4461 epist.
1528 4396 1609 4456 11,
1643 4394 1938 4447 tractatum
1961 4392 2056 4449 Aa
2079 4393 2464 4449 Nouatiamm
2496 4392 2585 4457 (=
2607 4390 2744 4458 App.
2769 4404 2816 4457 p.
2843 4389 2998 4457 52‚8)

738 4481 795 4532 et
817 4478 913 4532 lib.
938 4476 1035 4531 XI.
