3217 5150
941 487 1028 539 De
1067 487 1230 538 bono
1269 485 1653 555 pudicitiae
1702 503 1742 538 c.
1782 487 1935 541 6-8.
2486 487 2565 550 19

303 649 574 706 maritum
606 664 716 706 non
747 647 922 706 habet
951 644 1257 706 dominum.
1305 645 1608 719 uirginitas
1651 645 2047 705 affectionibus
2090 647 2349 705 omnibus
2380 646 2568 705 soluta

305 753 413 822 est,
434 749 575 808 'non
603 747 984 808 matrimoniis
1025 750 1114 808 est
1146 748 1354 821 dicata,
1386 765 1500 807 nou
1528 749 1776 820 saeculo,
1808 766 1923 807 non
1950 741 2165 810 liberis.
2212 748 2563 824 persecutio-

305 869 436 912 nem
465 870 576 912 non
605 853 801 925 potest
827 851 1045 923 timete,
1077 852 1210 910 dum
1241 849 1402 910 illam
1433 851 1502 910 de
1533 850 1839 910 securitate
1867 853 2055 925 potest
2084 869 2407 926 prouocare.

393 949 504 1014 Sed
544 955 681 1029 quia
721 953 1030 1027 pudicitiae
1083 954 1248 1014 nobis
1297 954 1549 1013 breuiter
1599 937 1737 1012 sunt
1776 955 2033 1027 exposita
2072 957 2393 1028 praecepta,
2446 956 2559 1014 iam
2580 957 2617 1010 8

263 1076 286 1110 ⁵
306 1059 614 1133 pudicitiae
645 1075 917 1130 ponamus
948 1057 1288 1131 exemplum.
1320 1057 1450 1130 plus
1481 1057 1633 1116 enim
1661 1056 1969 1132 proficitur,
2001 1075 2129 1116 cnm
2158 1058 2219 1118 in
2249 1076 2367 1118 rem
2396 1075 2564 1132 prae-

307 1165 526 1222 sentem
556 1160 802 1229 uenitur,
857 1176 960 1218 nec
991 1160 1060 1218 de
1089 1159 1302 1217 uirtute
1357 1159 1655 1218 dubitatur
1673 1205 1687 1231 ,
1745 1160 1965 1234 quando
2018 1162 2165 1234 quod
2217 1161 2566 1234 praecipitur

305 1263 480 1323 etiam
525 1261 796 1335 exemplis
839 1261 1111 1320 sancitur.
1155 1261 1473 1334 exemplum
1511 1261 1821 1334 pudicitiae
1853 1281 1887 1322 a
1918 1263 2127 1336 Ioseph
2173 1264 2377 1338 coepit.
2424 1265 2560 1324 ado-

302 1367 524 1426 lescens
570 1366 864 1424 Hebraeus
908 1381 1216 1438 generosus
1262 1366 1332 1422 de
1386 1367 1571 1438 patre,
1626 1364 1953 1438 generosior
1992 1367 2061 1424 de
2104 1365 2447 1440 innocentia,
2492 1367 2564 1428 ob

302 1468 579 1528 inuidiam
633 1469 1040 1528 reuelationum
1088 1466 1398 1528 distractus
1451 1486 1486 1527 a
1535 1468 1812 1528 fratribus
1864 1469 2175 1528 Ismaelitis
2228 1469 2295 1528 in
2338 1471 2561 1530 domum

227 1588 284 1626 ιο
303 1573 608 1632 deuenerat
651 1571 896 1630 hominis
923 1571 1214 1645 Aegyptii.
1261 1571 1528 1644 obsequio
1559 1573 1617 1630 et
1659 1572 1981 1630 innocentia
2010 1575 2069 1629 et
2097 1574 2221 1630 tota
2264 1572 2561 1632 seruitutis

302 1675 413 1733 fide
465 1675 692 1732 facilem
745 1675 806 1734 et
857 1673 1192 1732 beneuolum
1237 1672 1298 1730 in
1346 1691 1406 1732 se
1448 1675 1697 1734 animum
1730 1676 1816 1732 sui
1866 1678 2275 1747 prouocauerat
2327 1674 2559 1748 domiui,

301 1777 464 1836 cuius
495 1777 670 1836 facies
705 1795 768 1834 se
797 1780 855 1834 et
885 1780 1001 1834 tam
1033 1793 1215 1834 sermo
1246 1775 1502 1836 liberalis
1533 1793 1702 1849 quam
1732 1780 1890 1835 aetas
1934 1778 2194 1836 omnibus
2226 1780 2560 1838 conmenda-

300 1883 484 1940 uerat.
543 1881 643 1938 sed
693 1879 808 1937 ista
859 1879 1215 1952 generositas
1268 1879 1341 1938 ab
1393 1895 1564 1938 uxore
1620 1880 1833 1940 domini
1885 1880 2054 1940 aliter
2108 1898 2275 1954 quam
2326 1882 2562 1940 decebat

302 1985 536 2056 accepta
581 1985 700 2040 est:
747 1982 807 2040 in
849 1983 1048 2040 domus
1089 1983 1250 2056 parte
1283 1985 1502 2040 secreta
1531 1985 1589 2040 et
1620 1983 1741 2040 sine
1772 1983 2005 2042 arbitris
2036 1983 2259 2062 latebra
2288 1983 2559 2043 facinori-

231 2107 280 2143 ιε)
300 2089 408 2146 bus
447 2086 867 2146 accommodata
905 2086 1129 2158 putauit
1171 2102 1232 2144 se
1263 2085 1596 2158 pudicitiam
1628 2087 2009 2146 adolescentis
2046 2087 2405 2146 incontinens
2434 2105 2558 2146 mu·

302 2190 461 2248 lieris
507 2187 845 2262 inpudicitia
890 2205 1038 2246 nunc
1082 2189 1381 2261 promissis
1425 2206 1574 2248 nunc
1618 2189 1789 2248 minis
1817 2207 1983 2264 posse
2016 2207 2301 2264 superare.
2348 2193 2407 2250 et
2434 2209 2557 2250 cum

300 2295 560 2353 retentus
603 2295 692 2349 est
740 2290 997 2350 uestibus
1029 2308 1092 2349 eo
1125 2293 1272 2364 quod
1304 2291 1595 2352 moliretur
1626 2292 1821 2366 fugam
1851 2296 2082 2367 propter
2110 2292 2261 2352 tanti
2292 2293 2557 2352 facinoris

301 2395 596 2454 audaciam
665 2395 822 2469 ipsas
889 2397 1083 2453 uestes
1154 2393 1480 2467 relinquens
1540 2398 1598 2454 et
1669 2398 1917 2470 corporis
1976 2395 2113 2454 nudi
2174 2396 2554 2455 sinceritatem

300 2497 602 2556 habiturus
641 2497 1000 2556 innocentiae
1041 2499 1248 2556 testem
1289 2499 1360 2554 ad
1413 2499 1627 2558 crimen
1669 2498 2036 2572 inpudicitiae
2086 2515 2221 2556 suae
2279 2500 2556 2572 inpudens

215 2626 272 2661 ρο
293 2600 498 2659 mulier
539 2600 760 2660 adicere
803 2618 917 2659 non
956 2601 1240 2659 dubitauit
1282 2602 1652 2661 calumniam:
1696 2610 1753 2662 et
1799 2602 2003 2662 ceteris
2034 2603 2091 2659 et
2133 2602 2337 2664 marito
2368 2602 2556 2659 calida

507 2786 536 2837 7
573 2786 640 2838 cf.
678 2784 809 2839 Gen.
847 2785 934 2849 39,
974 2746 1020 2837 τ’.

436 2941 465 2992 1
486 2939 756 2992 dominum
777 2956 846 2992 ex
865 2938 1006 2991 domi
1031 2939 1094 2991 K
1107 2958 1172 2993 m.
1193 2944 1233 2991 2
1338 2939 1618 2993 affectibus
1642 2942 1701 3000 Z,
1729 2938 2157 2991 affectationibus
2182 2957 2214 2993 z·
2317 2940 2351 2991 2
2371 2938 2557 2991 matri-

297 3027 477 3079 monia
513 3027 566 3079 Z
767 3028 848 3079 est
885 3025 1080 3093 dicata]
1120 3026 1376 3095 abstupta
1400 3027 1452 3079 Z
1656 3026 1689 3077 3
1724 3042 1841 3079 cum
1879 3025 1980 3078 illa
2005 3026 2058 3078 Z
2259 3028 2557 3093 prouocare}

293 3111 512 3181 prouide
560 3128 650 3165 seu
702 3127 987 3180 prouocare
1025 3112 1074 3165 Z
1107 3180 1116 3189 ·
1414 3112 1448 3165 4
1485 3112 1741 3181 exposita]
1791 3113 1967 3180 posita
2006 3128 2097 3163 seu
2132 3112 2407 3179 proposita
2442 3112 2495 3163 Z

295 3199 330 3251 5
365 3198 605 3266 exempla
642 3198 694 3250 Z
921 3199 996 3267 in]
1037 3198 1102 3251 ad
1139 3200 1188 3249 Z
1215 3260 1218 3264 γ
1415 3185 1707 3266 τορῖηέῒιοιι]
1746 3198 1799 3250 Ζ
1858 3242 1863 3249 .
2018 3198 2051 3249 6
2086 3197 2425 3251 dubitabitur
2459 3215 2491 3251 v

297 3283 508 3351 quando
543 3283 682 3351 quod
717 3283 792 3349 K,
829 3299 948 3336 cum
985 3282 1042 3337 id
1077 3283 1132 3335 Z
1311 3284 1647 3353 praecipitur]
1686 3285 1977 3351 praeceptis
2012 3285 2061 3335 Z
2242 3284 2271 3337 7
2310 3282 2560 3350 exemplis

297 3369 458 3423 etiam
489 3387 528 3433 ,υ
701 3370 940 3423 sancitur
972 3370 1186 3437 scr-ipsi,
1224 3372 1446 3423 sanatur
1480 3369 1553 3433 K,
1589 3369 1847 3439 probatur
1884 3368 1948 3433 Ζ,
1985 3371 2231 3439 signatur
2265 3386 2296 3423 v
2464 3385 2561 3437 pu·

295 3456 512 3509 dicitiae
548 3472 646 3509 om.
686 3456 734 3509 Z
917 3455 984 3508 ab
1021 3455 1072 3507 Z
1247 3457 1424 3523 coepit
1458 3470 1556 3509 om.
1597 3455 1651 3507 Z
1832 3456 1867 3508 8
1901 3455 2084 3508 ebreus
2122 3456 2185 3519 Z,
2221 3454 2400 3507 breuis
2435 3454 2501 3507 K

299 3542 384 3611 ob]
425 3541 492 3595 ad
527 3542 581 3595 Z
781 3543 814 3595 9
849 3542 1170 3595 relationum
1209 3542 1260 3593 Z
1463 3559 1494 3595 a
1527 3543 1576 3595 f„
1601 3540 1966 3595 hismahelitis
2002 3542 2077 3605 K,
2112 3542 2161 3593 is
2193 3557 2225 3594 a
2262 3540 2563 3595 maledictis

301 3627 557 3681 fratribus
581 3628 631 3681 Z
800 3627 868 3679 10
901 3627 1155 3695 hominis]
1194 3614 1348 3679 hores
1383 3626 1437 3677 Z
1605 3624 1855 3691 obsequio
1892 3626 1947 3675 et
1982 3624 2287 3677 innocentia
2323 3640 2421 3677 om.
2448 3626 2500 3677 Z

299 3717 355 3767 et
389 3712 454 3767 de
490 3714 545 3766 Z
731 3714 794 3765 11
831 3713 992 3767 facile
1027 3713 1332 3766 beniuolum
1370 3712 1424 3765 Z
1608 3710 1809 3763 domini
1846 3726 1943 3763 om.
1980 3712 2027 3761 Z
2213 3711 2276 3763 12
2312 3710 2473 3763 facies
2509 3727 2565 3762 se

297 3802 509 3867 scripsi,
543 3800 706 3853 facies
743 3800 866 3863 KZ,
902 3799 1096 3852 faciem
1133 3817 1164 3853 v
1347 3800 1404 3851 et
1438 3799 1552 3849 tam
1591 3796 1667 3861 K,
1704 3796 1867 3849 etiam
1902 3798 1965 3859 Z,
2002 3799 2117 3849 tam
2152 3813 2184 3849 v
2369 3797 2560 3864 sermo]

299 3902 449 3939 seruo
488 3886 540 3938 Z
775 3886 824 3937 ei
857 3876 1019 3939 'aetas
1055 3886 1110 3939 Z
1347 3882 1737 3937 commendaret
1770 3883 1826 3935 Ζ
2061 3882 2127 3935 13
2173 3882 2282 3949 sed]
2322 3885 2378 3935 et
2412 3882 2466 3935 Z

297 3958 391 4024 dni
423 3971 509 4024 sui
545 3972 599 4024 Z
799 3972 868 4025 14
901 3972 1132 4040 accepta]
1170 3973 1384 4039 aspecta
1417 3971 1467 4021 Z
1672 3967 1888 4021 arbitrii
1923 3967 1976 4019 Z
2163 3967 2231 4020 ad
2266 3968 2473 4021 latebra
2499 3970 2563 4031 Z,

295 4056 482 4109 adlata
516 4056 682 4109 etiam
715 4056 790 4119 K,
826 4058 942 4109 alta
977 4060 1032 4109 et
1068 4074 1100 4110 v
1304 4056 1557 4111 facinoris
1593 4054 1659 4117 Z,
1696 4053 2005 4107 facinorosis
2042 4053 2106 4105 K
2310 4054 2374 4106 15
2408 4064 2566 4121 puta-

296 4142 394 4195 bat
429 4142 482 4194 Z
682 4142 875 4195 mulier
912 4142 1179 4211 impudica
1213 4142 1266 4194 Z
1471 4141 1537 4195 16
1573 4140 1646 4207 et]
1687 4137 1782 4191 sed
1816 4138 1873 4191 Z
2076 4138 2137 4191 17
2176 4140 2277 4208 est]
2317 4154 2377 4191 ex
2414 4140 2466 4191 Z

297 4228 444 4281 tanti
477 4242 576 4280 om.
615 4227 670 4281 Z
873 4230 940 4282 18
973 4228 1318 4296 relinquisset
1353 4228 1406 4280 Z
1607 4228 1664 4277 et
1698 4240 1799 4279 om.
1824 4224 1879 4277 Z
2080 4225 2385 4279 sinceritate
2411 4226 2464 4277 Z

300 4314 370 4367 19
400 4314 765 4367 innocentiam
801 4316 874 4379 K,
913 4316 1219 4369 innocentia
1256 4316 1304 4369 Z
1439 4313 1506 4368 ad
1542 4330 1642 4367 om.
1682 4313 1735 4365 Z
1867 4312 2172 4381 imprudens
2208 4331 2240 4367 v
2376 4314 2445 4365 21.)
2482 4318 2567 4364 tc-

299 4400 602 4453 ineritatem
639 4402 935 4455 calumniae
973 4402 1026 4453 Z
1197 4404 1251 4454 et
1288 4402 1504 4469 marito]
1545 4400 1850 4466 maritoque
1884 4399 1936 4451 Z
2092 4400 2337 4466 squalida
2374 4400 2463 4451 Kc

2051 4488 2155 4549 2*
