3217 5150
547 553 628 617 12
1335 512 1353 553 ἰ
1491 530 1862 620 Appendix'.

541 700 684 769 aere‘
715 729 896 782 auem,
937 711 1001 770 in
1039 712 1205 785 aquis
1233 710 1464 784 piscem,
1505 709 1568 767 in
1595 711 1752 768 terra
1780 708 2081 769 hominem.
2126 709 2288 780 haec,
2320 707 2573 782 inquam,
2607 711 2665 768 et
2694 707 2809 767 alia

541 813 681 873 item
711 831 881 888 opera
911 815 1105 874 diuina
1134 815 1250 874 sint
1280 814 1611 874 christianis
1642 812 1908 873 fidelibus
1938 813 2278 887 spectacula.
2326 813 2477 886 quod
2516 815 2809 872 theatrum

542 919 812 978 humanis
843 917 1107 978 manibus
1136 920 1488 977 exstructum
1509 917 1645 976 istis
1668 915 1935 990 operibus
1958 913 2173 989 poterit
2194 915 2551 989 comparari?
2582 915 2807 1002 magnis

541 1020 682 1080 licet
733 1021 986 1096 lapidum
1036 1022 1282 1081 molibus
1335 1022 1660 1080 exstruatur
1683 1063 1700 1093 ,
1765 1019 1975 1080 cristae
2026 1021 2161 1078 sunt
2210 1019 2487 1078 montium
2550 1019 2806 1087 altiores,

540 1127 602 1184 et
653 1143 792 1186 auro
841 1124 980 1185 lieet
1029 1127 1183 1184 tecta
1210 1123 1504 1198 laquearia
1543 1124 1855 1194 reluceant,
1887 1124 2181 1200 „astrorum
2210 1121 2435 1195 fulgore
2464 1121 2797 1182 uincentur:
2818 1147 2843 1187 s

542 1245 851 1302 numquam
897 1229 1148 1288 humana
1195 1244 1367 1302 opera
1416 1226 1721 1305 mirabitur
1766 1226 2026 1300 quisquis
2078 1244 2139 1286 se
2184 1225 2583 1301 recognouerit
2624 1225 2807 1285 filium

546 1330 674 1390 Dei.
721 1331 894 1390 deicit
944 1348 1005 1390 se
1057 1332 1126 1391 de
1176 1331 1424 1390 culmine
1473 1330 1879 1405 generositatis
1932 1345 2069 1389 suae
2122 1329 2221 1404 qui
2272 1328 2543 1388 admirari
2587 1329 2807 1402 aliquid

543 1433 675 1505 post
707 1431 886 1490 Deum
917 1435 1128 1506 potest.

447 1531 531 1590 10
637 1534 965 1608 scripturis,
997 1536 1248 1610 inquam,
1279 1534 1458 1594 sacris
1489 1535 1782 1595 incumbat
1810 1535 2158 1594 christianus
2188 1533 2409 1594 fidelis:
2439 1533 2525 1594 ibi
2551 1534 2806 1593 inueniet

540 1638 824 1712 condigna
867 1639 998 1698 fidei
1039 1639 1381 1712 spectacula.
1427 1638 1649 1698 uidebit
1686 1639 2083 1698 instituentem
2121 1637 2307 1696 Deum
2336 1638 2609 1696 mundum
2639 1655 2804 1696 suum
2824 1661 2879 1702 10

541 1743 602 1801 et
659 1759 787 1801 eum
847 1741 1053 1802 ceteris
1123 1742 1466 1802 animalibus
1525 1742 1783 1802 homines
1854 1741 2017 1800 illam
2075 1739 2470 1800 admirabilem
2528 1740 2808 1800 fabricam

541 1844 946 1918 melioremque
997 1844 1318 1906 facientem.
1387 1845 1669 1920 spectabit
1719 1845 1987 1905 mundum
2041 1844 2102 1903 in
2154 1842 2379 1903 delictis
2430 1842 2550 1903 suis
2574 1889 2587 1916 ,
2658 1844 2812 1903 iusta
2932 1915 2941 1926 ἡ

541 1947 843 2021 naufragia
857 1991 872 2020 ,
925 1947 1145 2021 piorum
1195 1949 1450 2022 praemia
1511 1949 1923 2023 impiorumque
1974 1946 2259 2021 supplicia
2272 1991 2287 2020 ,
2357 1947 2539 2006 maria
2600 1947 2811 2020 populo

545 2049 759 2109 siccata
801 2053 860 2109 et
899 2050 970 2111 de
999 2054 1164 2123 petra
1203 2069 1402 2111 rursus
1441 2051 1652 2125 populo
1682 2051 1862 2110 maria
1890 2052 2167 2125 porrecta.
2214 2050 2501 2122 spectabit
2541 2051 2609 2110 de
2653 2050 2811 2110 caelo

543 2150 951 2214 descendentes
979 2171 1218 2226 messae,
1250 2172 1366 2214 non
1393 2171 1463 2214 ex
1491 2155 1642 2214 areis
1672 2157 1863 2215 aratro
1894 2155 2232 2228 impressas:
2278 2153 2545 2228 inspiciet
2574 2153 2809 2212 flumina
2826 2177 2882 2217 15

544 2256 827 2314 transitus
869 2257 1050 2317 siccos
1091 2258 1391 2318 refrenatis
1433 2275 1710 2333 aquarum
1746 2258 2071 2333 agminibus
2096 2257 2453 2318 exhibentia:
2500 2256 2721 2316 uidebit
2748 2257 2810 2316 in

547 2358 887 2432 quibusdam
923 2360 1093 2420 fidem
1136 2379 1263 2422 cum
1295 2362 1427 2436 igne
1455 2362 1770 2421 luctantem
1785 2406 1799 2433 ,
1847 2361 2123 2435 religione
2152 2363 2451 2435 superatas
2478 2360 2631 2419 feras
2661 2361 2718 2418 et
2747 2359 2811 2418 in

546 2463 1034 2523 mansuetudinem
1053 2479 1386 2524 conuersas:
1409 2464 1725 2524 intuebitur
1746 2465 1805 2522 et
1827 2465 2046 2524 animas
2066 2464 2141 2522 ab
2162 2463 2291 2538 ipsa
2311 2465 2425 2523 iam
2440 2465 2622 2524 morte
2644 2479 2809 2522 reuo-

541 2567 732 2625 catas:
777 2566 1157 2629 considerabit
1179 2569 1353 2629 etiam
1377 2569 1448 2628 de
1477 2568 1757 2643 sepulcris
1788 2566 2155 2628 admirabiles
2177 2566 2428 2641 ipsorum
2456 2584 2809 2629 consumma-

545 2670 734 2727 torum
753 2670 868 2729 iam
890 2670 1043 2731 uitas
1066 2690 1360 2747 corporum
1384 2673 1662 2733 redactas,
1691 2675 1749 2732 et
1769 2672 1833 2731 in
1851 2672 1947 2736 his
1970 2671 2229 2731 omnibus
2251 2671 2365 2730 iam
2387 2672 2571 2730 maius
2590 2670 2813 2729 uidebit
2830 2693 2883 2735 20

541 2774 951 2847 spectaculum,
984 2776 1274 2835 diabolum
1303 2777 1468 2836 illum
1498 2776 1599 2851 qui
1628 2778 1813 2836 totum
1842 2774 2374 2848 detriumphauerat
2402 2775 2675 2833 mundum
2704 2772 2809 2832 sub

545 2875 787 2949 pedibus
830 2876 1044 2937 Christi
1093 2876 1397 2939 iacentem.
1443 2896 1613 2954 quam
1656 2881 1763 2939 hoc
1802 2881 2067 2939 decorum
2116 2877 2525 2952 spectaculum,
2578 2877 2809 2949 fratreS,

551 2996 720 3052 quam
762 2980 1081 3055 iocundum,
1125 3000 1296 3057 quam
1340 2983 1767 3043 necessarium?
1816 2982 2027 3043 intueri
2070 2998 2293 3056 semper
2342 2997 2502 3055 spem
2547 2998 2709 3041 suam
2753 2981 2813 3040 et

549 3082 741 3143 0011108
781 3084 1003 3157 aperire
1047 3087 1122 3145 ad
1163 3086 1410 3146 salutem
1449 3104 1631 3147 suam.
1678 3087 1784 3146 hoc
1825 3088 1915 3145 est
1956 3086 2341 3160 spectaculum
2386 3085 2532 3160 quod
2584 3084 2815 3143 uidetur

550 3188 724 3245 etiam
784 3187 1095 3249 luminibus
1157 3190 1408 3250 amissis.
1475 3192 1583 3251 hoc
1634 3192 1724 3251 est
1775 3190 2161 3265 spectaculum
2212 3189 2363 3264 quod
2412 3205 2527 3248 non
2578 3187 2807 3247 exhibet
2824 3206 2877 3248 2³

545 3293 774 3363 praetor
813 3292 912 3349 aut
956 3291 1172 3365 consul,
1226 3294 1328 3353 sed
1373 3293 1471 3367 qui
1514 3295 1603 3354 est
1643 3294 1800 3353 solus
1848 3296 1907 3354 et
1935 3294 2069 3352 ante
2099 3292 2289 3353 omnia
2316 3293 2376 3352 et
2406 3308 2575 3365 super
2603 3290 2811 3363 omnia,

687 3536 718 3589 1
743 3550 868 3590 aues
893 3538 977 3591 Zv
1081 3539 1248 3606 pisces
1273 3538 1357 3594 Zv
1466 3539 1706 3595 homines
1730 3542 1785 3595 Z
1883 3541 1918 3595 2
1940 3539 2092 3609 item]
2118 3538 2176 3593 id
2198 3540 2283 3592 est
2305 3538 2371 3601 Z,
2396 3552 2496 3591 om.
2520 3553 2555 3591 v
2650 3536 2687 3589 4
2714 3534 2813 3589 cri-

549 3622 631 3675 ste
649 3622 714 3686 Z,
738 3626 918 3676 crusta
936 3640 1042 3693 νμυ
1178 3624 1396 3680 altiores
1414 3641 1515 3680 om.
1534 3643 1641 3696 τμυ
1796 3625 1830 3681 5
1851 3627 1997 3695 auro]
2022 3642 2147 3679 rura
2169 3641 2242 3694 νμ
2380 3622 2654 3677 lacunaria
2674 3637 2746 3691 μυ

547 3709 844 3777 reluceant]
875 3709 1250 3778 resplendeant
1286 3712 1370 3765 Zv
1541 3716 1809 3767 astrorum
1842 3715 2025 3773 tamen
2049 3712 2104 3765 Z
2260 3709 2294 3763 6
2330 3709 2639 3779 cognouerit
2672 3724 2744 3776 τμ

545 3793 580 3845 7
617 3793 773 3848 reicit
807 3796 874 3858 Z,
910 3795 1015 3849 seit
1049 3816 1088 3865 μ
1273 3798 1461 3852 mirari
1497 3799 1552 3853 Z
1739 3800 1774 3853 8
1808 3799 1949 3869 post]
1984 3784 2089 3867 pot
2116 3818 2169 3867 μ,
2208 3798 2417 3866 praeter
2453 3796 2536 3850 Zv
2720 3792 2815 3847 do·

497 3895 502 3903 ¹
547 3879 756 3933 minum
791 3882 874 3936 Ζυ
1081 3881 1117 3940 9
1155 3885 1210 3937 et
1245 3884 1322 3937 ibi
1358 3884 1442 3939 Ζυ
1650 3886 1719 3939 10
1752 3870 1879 3938 dim
1916 3884 1969 3939 Z
2195 3883 2261 3937 11
2298 3881 2579 3935 animabus
2614 3896 2687 3949 ψ

547 3966 784 4023 hominis
817 3986 850 4023 v
1163 3971 1230 4030 12
1264 3971 1579 4026 inmundum
1613 3988 1645 4026 r
1658 4015 1671 4040 ,
1708 3973 1768 4025 in
1802 3971 1961 4025 undis
1996 3971 2051 4025 Z
2346 3969 2457 4022 suis
2494 3982 2593 4023 om.
2632 3968 2689 4024 Z

552 4054 618 4108 13
651 4054 860 4124 piorum
894 4058 1133 4126 praemia
1168 4074 1267 4113 om.
1314 4059 1370 4112 Z
1526 4060 1592 4114 15
1636 4058 1773 4112 areis
1821 4074 1922 4114 om.
1959 4058 2010 4111 Z
2171 4058 2349 4110 aratro
2386 4056 2671 4124 impressas
2704 4068 2815 4127 pm.

551 4155 622 4207 m·
759 4140 1012 4211 inspiciet
1033 4160 1136 4199 om.
1162 4144 1213 4197 Z
1350 4144 1414 4198 17
1453 4160 1574 4197 oum
1609 4160 1711 4199 om.
1734 4160 1767 4197 r
1900 4143 2041 4197 feras
2076 4143 2337 4211 religione
2372 4142 2643 4210 superatas
2668 4140 2751 4193 Zv

549 4226 619 4279 18
653 4242 836 4282 uersas
870 4229 924 4283 Z
1059 4230 1168 4284 iam
1204 4236 1303 4286 om.
1330 4246 1418 4300 νμ,
1456 4232 1622 4285 etiam
1645 4246 1679 4285 v
1818 4230 1883 4285 19
1918 4232 2315 4285 consumtorum
2340 4228 2425 4282 Zv
2560 4228 2633 4281 20
2655 4224 2819 4293 uitas]
2936 4284 2941 4292 ,

549 4310 621 4366 ad
654 4313 827 4367 uitam
863 4308 960 4372 Zv'
1163 4317 1407 4372 reductas
1444 4318 1528 4372 Zv
1745 4317 1804 4370 in
1836 4317 1945 4386 his]
1982 4316 2091 4371 hiis
2128 4317 2183 4370 Z
2398 4314 2573 4368 maius
2608 4314 2718 4367 iam
2754 4312 2821 4377 Z,

551 4399 666 4451 tam
703 4400 874 4455 maius
909 4418 954 4466 r,
999 4389 1072 4458 tfi'
1099 4403 1214 4457 auis
1249 4420 1281 4457 r
1511 4403 1580 4458 25
1616 4403 1804 4472 etiam]
1841 4405 1897 4456 et
1932 4403 1987 4457 Z
2214 4402 2284 4457 26
2318 4400 2500 4457 omnia
2536 4398 2665 4454 deus
2702 4399 2757 4453 Z

551 4488 609 4540 et
646 4502 804 4556 super
838 4490 1016 4543 omnia
1051 4505 1150 4544 om.
1186 4507 1219 4544 r
1237 4530 1252 4543 .
