<?xml version="1.0" encoding="UTF-8"?>
<!DOCTYPE html PUBLIC "-//W3C//DTD XHTML 1.0 Transitional//EN"
    "http://www.w3.org/TR/xhtml1/DTD/xhtml1-transitional.dtd">
<html xmlns="http://www.w3.org/1999/xhtml" xml:lang="en" lang="en">
 <head>
  <title>
</title>
<meta http-equiv="Content-Type" content="text/html;charset=utf-8" />
  <meta name='ocr-system' content='tesseract 3.04.00' />
  <meta name='ocr-capabilities' content='ocr_page ocr_carea ocr_par ocr_line ocrx_word'/>
</head>
<body>
  <div class='ocr_page' id='page_1' title='image "./corpusscriptoru29wissgoog_0505.png"; bbox 0 0 3217 5150; ppageno 0'>
   <div class='ocr_carea' id='block_1_1' title="bbox 2263 598 2460 646">
    <p class='ocr_par' dir='ltr' id='par_1_1' title="bbox 2263 598 2460 646">
     <span class='ocr_line' id='line_1_1' title="bbox 2263 598 2460 646; baseline 0 -2"><span class='ocrx_word' id='word_1_1' title='bbox 2263 598 2460 646; x_wconf 79' lang='lat' dir='ltr'>LXVII</span> 
     </span>
    </p>
   </div>
   <div class='ocr_carea' id='block_1_2' title="bbox 222 715 2474 2054">
    <p class='ocr_par' dir='ltr' id='par_1_2' title="bbox 222 715 2474 2054">
     <span class='ocr_line' id='line_1_2' title="bbox 222 715 2463 832; baseline -0.004 -22"><span class='ocrx_word' id='word_1_2' title='bbox 222 745 390 810; x_wconf 83' lang='lat' dir='ltr'>XXX</span> <span class='ocrx_word' id='word_1_3' title='bbox 400 745 535 821; x_wconf 87' lang='lat' dir='ltr'>VII,</span> <span class='ocrx_word' id='word_1_4' title='bbox 550 715 885 809; x_wconf 78' lang='lat' dir='ltr'>emendaui.</span> <span class='ocrx_word' id='word_1_5' title='bbox 904 744 1144 806; x_wconf 81' lang='lat' dir='ltr'>sextum</span> <span class='ocrx_word' id='word_1_6' title='bbox 1158 744 1289 807; x_wconf 82' lang='lat' dir='ltr'>De</span> <span class='ocrx_word' id='word_1_7' title='bbox 1301 741 1920 806; x_wconf 66' lang='lat' dir='ltr'>resurrectione</span> <span class='ocrx_word' id='word_1_8' title='bbox 1931 747 2463 832; x_wconf 61' lang='lat' dir='ltr'>mmo-tuorum</span> 
     </span>
     <span class='ocr_line' id='line_1_3' title="bbox 224 849 2462 939; baseline -0.004 -18"><span class='ocrx_word' id='word_1_9' title='bbox 224 855 661 921; x_wconf 87' lang='lat' dir='ltr'>uetustissimis</span> <span class='ocrx_word' id='word_1_10' title='bbox 692 854 1002 919; x_wconf 78' lang='lat' dir='ltr'>codicibus</span> <span class='ocrx_word' id='word_1_11' title='bbox 1026 853 1530 939; x_wconf 85' lang='lat' dir='ltr'>Sangermanensi</span> <span class='ocrx_word' id='word_1_12' title='bbox 1554 852 1666 937; x_wconf 89' lang='lat' dir='ltr'>(D)</span> <span class='ocrx_word' id='word_1_13' title='bbox 1691 871 1843 917; x_wconf 88' lang='lat' dir='ltr'>saec.</span> <span class='ocrx_word' id='word_1_14' title='bbox 1876 850 1999 914; x_wconf 88' lang='lat' dir='ltr'>VII</span> <span class='ocrx_word' id='word_1_15' title='bbox 2032 851 2133 934; x_wconf 88' lang='lat' dir='ltr'>(cf.</span> <span class='ocrx_word' id='word_1_16' title='bbox 2155 869 2214 934; x_wconf 89' lang='lat' dir='ltr'>p.</span> <span class='ocrx_word' id='word_1_17' title='bbox 2231 849 2462 924; x_wconf 71' lang='lat' dir='ltr'>XXII),</span> 
     </span>
     <span class='ocr_line' id='line_1_4' title="bbox 225 960 2460 1052; baseline -0.002 -21"><span class='ocrx_word' id='word_1_18' title='bbox 225 966 719 1050; x_wconf 80' lang='lat' dir='ltr'>wirceburgensi</span> <span class='ocrx_word' id='word_1_19' title='bbox 744 965 883 1052; x_wconf 88' lang='lat' dir='ltr'>(W)</span> <span class='ocrx_word' id='word_1_20' title='bbox 916 985 1070 1032; x_wconf 89' lang='lat' dir='ltr'>saec.</span> <span class='ocrx_word' id='word_1_21' title='bbox 1104 965 1429 1032; x_wconf 84' lang='lat' dir='ltr'>VIII—IX</span> <span class='ocrx_word' id='word_1_22' title='bbox 1462 965 1561 1050; x_wconf 88' lang='lat' dir='ltr'>(cf.</span> <span class='ocrx_word' id='word_1_23' title='bbox 1593 985 1653 1048; x_wconf 87' lang='lat' dir='ltr'>p.</span> <span class='ocrx_word' id='word_1_24' title='bbox 1686 963 1882 1048; x_wconf 88' lang='lat' dir='ltr'>XIX),</span> <span class='ocrx_word' id='word_1_25' title='bbox 1913 963 2244 1048; x_wconf 86' lang='lat' dir='ltr'>Reginensi</span> <span class='ocrx_word' id='word_1_26' title='bbox 2277 961 2352 1050; x_wconf 80' lang='grc' dir='ltr'>(Τ</span> <span class='ocrx_word' id='word_1_27' title='bbox 2383 960 2460 1026; x_wconf 82' lang='lat' dir='ltr'>cf.</span> 
     </span>
     <span class='ocr_line' id='line_1_5' title="bbox 226 1075 2464 1160; baseline -0.001 -20"><span class='ocrx_word' id='word_1_28' title='bbox 226 1097 282 1160; x_wconf 89' lang='lat' dir='ltr'>p.</span> <span class='ocrx_word' id='word_1_29' title='bbox 313 1077 604 1159; x_wconf 73' lang='lat' dir='ltr'>XXXIX)</span> <span class='ocrx_word' id='word_1_30' title='bbox 667 1077 952 1142; x_wconf 78' lang='lat' dir='ltr'>traditur.</span> <span class='ocrx_word' id='word_1_31' title='bbox 1027 1077 1336 1160; x_wconf 82' lang='lat' dir='ltr'>exemplar</span> <span class='ocrx_word' id='word_1_32' title='bbox 1394 1077 1710 1142; x_wconf 84' lang='lat' dir='ltr'>uetustate</span> <span class='ocrx_word' id='word_1_33' title='bbox 1769 1077 1903 1159; x_wconf 85' lang='lat' dir='ltr'>pari</span> <span class='ocrx_word' id='word_1_34' title='bbox 1958 1075 2220 1160; x_wconf 80' lang='lat' dir='ltr'>insigne,</span> <span class='ocrx_word' id='word_1_35' title='bbox 2291 1075 2464 1138; x_wconf 85' lang='lat' dir='ltr'>cuius</span> 
     </span>
     <span class='ocr_line' id='line_1_6' title="bbox 226 1185 2464 1272; baseline -0.002 -17"><span class='ocrx_word' id='word_1_36' title='bbox 226 1189 761 1256; x_wconf 86' lang='lat' dir='ltr'>Laureshamensis</span> <span class='ocrx_word' id='word_1_37' title='bbox 802 1189 1218 1254; x_wconf 79' lang='lat' dir='ltr'>bibliothecae</span> <span class='ocrx_word' id='word_1_38' title='bbox 1258 1189 1578 1272; x_wconf 87' lang='lat' dir='ltr'>catalogus</span> <span class='ocrx_word' id='word_1_39' title='bbox 1620 1188 1696 1252; x_wconf 85' lang='lat' dir='ltr'>ab</span> <span class='ocrx_word' id='word_1_40' title='bbox 1735 1187 1974 1272; x_wconf 88' lang='lat' dir='ltr'>Angelo</span> <span class='ocrx_word' id='word_1_41' title='bbox 2004 1187 2170 1253; x_wconf 87' lang='lat' dir='ltr'>Maio</span> <span class='ocrx_word' id='word_1_42' title='bbox 2215 1185 2464 1272; x_wconf 71' lang='lat' dir='ltr'>(spicil.</span> 
     </span>
     <span class='ocr_line' id='line_1_7' title="bbox 230 1297 2466 1385; baseline -0.001 -19"><span class='ocrx_word' id='word_1_43' title='bbox 230 1302 403 1367; x_wconf 80' lang='lat' dir='ltr'>Rmn.</span> <span class='ocrx_word' id='word_1_44' title='bbox 450 1305 597 1366; x_wconf 89' lang='lat' dir='ltr'>tom.</span> <span class='ocrx_word' id='word_1_45' title='bbox 640 1301 688 1365; x_wconf 85' lang='lat' dir='ltr'>V</span> <span class='ocrx_word' id='word_1_46' title='bbox 730 1323 789 1385; x_wconf 89' lang='lat' dir='ltr'>p.</span> <span class='ocrx_word' id='word_1_47' title='bbox 829 1301 973 1382; x_wconf 87' lang='lat'>188)</span> <span class='ocrx_word' id='word_1_48' title='bbox 1020 1302 1082 1365; x_wconf 91' lang='lat' dir='ltr'>et</span> <span class='ocrx_word' id='word_1_49' title='bbox 1112 1301 1400 1384; x_wconf 87' lang='lat' dir='ltr'>Augusto</span> <span class='ocrx_word' id='word_1_50' title='bbox 1432 1300 1784 1365; x_wconf 90' lang='lat' dir='ltr'>Wilmanns</span> <span class='ocrx_word' id='word_1_51' title='bbox 1829 1299 2032 1384; x_wconf 63' lang='lat' dir='ltr'>(Mus</span> <span class='ocrx_word' id='word_1_52' title='bbox 2065 1297 2266 1362; x_wconf 80' lang='lat' dir='ltr'>Rhen.</span> <span class='ocrx_word' id='word_1_53' title='bbox 2295 1297 2466 1363; x_wconf 86' lang='lat'>-1868</span> 
     </span>
     <span class='ocr_line' id='line_1_8' title="bbox 230 1407 2470 1497; baseline -0.002 -21"><span class='ocrx_word' id='word_1_54' title='bbox 230 1434 285 1497; x_wconf 88' lang='lat' dir='ltr'>p.</span> <span class='ocrx_word' id='word_1_55' title='bbox 312 1413 461 1496; x_wconf 79' lang='lat'>392)</span> <span class='ocrx_word' id='word_1_56' title='bbox 493 1412 847 1497; x_wconf 86' lang='lat' dir='ltr'>publicatus</span> <span class='ocrx_word' id='word_1_57' title='bbox 876 1415 1251 1477; x_wconf 77' lang='lat' dir='ltr'>mentionem</span> <span class='ocrx_word' id='word_1_58' title='bbox 1276 1412 1429 1477; x_wconf 86' lang='lat' dir='ltr'>facit</span> <span class='ocrx_word' id='word_1_59' title='bbox 1454 1412 1738 1476; x_wconf 68' lang='lat' dir='ltr'>Metram</span> <span class='ocrx_word' id='word_1_60' title='bbox 1761 1409 2145 1475; x_wconf 78' lang='lat' dir='ltr'>Tertulliani</span> <span class='ocrx_word' id='word_1_61' title='bbox 2168 1407 2242 1472; x_wconf 82' lang='lat' dir='ltr'>cle</span> <span class='ocrx_word' id='word_1_62' title='bbox 2263 1427 2470 1473; x_wconf 76' lang='lat' dir='ltr'>resur-</span> 
     </span>
     <span class='ocr_line' id='line_1_9' title="bbox 232 1523 2468 1612; baseline -0.001 -24"><span class='ocrx_word' id='word_1_63' title='bbox 232 1525 491 1589; x_wconf 75' lang='lat' dir='ltr'>rectione</span> <span class='ocrx_word' id='word_1_64' title='bbox 538 1524 693 1612; x_wconf 84' lang='lat' dir='ltr'>(cod.</span> <span class='ocrx_word' id='word_1_65' title='bbox 738 1523 842 1587; x_wconf 86' lang='lat' dir='ltr'>fol.</span> <span class='ocrx_word' id='word_1_66' title='bbox 877 1525 987 1589; x_wconf 83' lang='lat'>31·</span> <span class='ocrx_word' id='word_1_67' title='bbox 1016 1524 1057 1588; x_wconf 94' lang='lat' dir='ltr'>l.</span> <span class='ocrx_word' id='word_1_68' title='bbox 1091 1525 1198 1607; x_wconf 88' lang='grc'>21)</span> <span class='ocrx_word' id='word_1_69' title='bbox 1248 1523 1547 1602; x_wconf 76' lang='lat' dir='ltr'>adferens⁷</span> <span class='ocrx_word' id='word_1_70' title='bbox 1600 1543 1916 1606; x_wconf 80' lang='lat' dir='ltr'>nusquam</span> <span class='ocrx_word' id='word_1_71' title='bbox 1951 1524 2154 1606; x_wconf 89' lang='lat' dir='ltr'>potuit</span> <span class='ocrx_word' id='word_1_72' title='bbox 2195 1524 2468 1606; x_wconf 88' lang='lat' dir='ltr'>reperiri.</span> 
     </span>
     <span class='ocr_line' id='line_1_10' title="bbox 231 1635 2470 1718; baseline -0 -18"><span class='ocrx_word' id='word_1_73' title='bbox 231 1636 389 1718; x_wconf 92' lang='lat' dir='ltr'>quod</span> <span class='ocrx_word' id='word_1_74' title='bbox 419 1637 472 1700; x_wconf 93' lang='lat' dir='ltr'>si</span> <span class='ocrx_word' id='word_1_75' title='bbox 502 1636 885 1712; x_wconf 59' lang='lat' dir='ltr'>haberemus</span> <span class='ocrx_word' id='word_1_76' title='bbox 930 1635 1159 1700; x_wconf 88' lang='lat' dir='ltr'>certius</span> <span class='ocrx_word' id='word_1_77' title='bbox 1189 1635 1448 1700; x_wconf 89' lang='lat' dir='ltr'>fortasse</span> <span class='ocrx_word' id='word_1_78' title='bbox 1480 1636 1555 1700; x_wconf 87' lang='lat' dir='ltr'>de</span> <span class='ocrx_word' id='word_1_79' title='bbox 1585 1635 1770 1700; x_wconf 87' lang='lat' dir='ltr'>huius</span> <span class='ocrx_word' id='word_1_80' title='bbox 1803 1635 2094 1700; x_wconf 85' lang='lat' dir='ltr'>carminis</span> <span class='ocrx_word' id='word_1_81' title='bbox 2127 1636 2470 1706; x_wconf 84' lang='lat' dir='ltr'>recensione</span> 
     </span>
     <span class='ocr_line' id='line_1_11' title="bbox 229 1745 2468 1831; baseline 0 -19"><span class='ocrx_word' id='word_1_82' title='bbox 229 1749 490 1824; x_wconf 87' lang='lat' dir='ltr'>diuersa,</span> <span class='ocrx_word' id='word_1_83' title='bbox 545 1767 701 1830; x_wconf 90' lang='lat' dir='ltr'>quae</span> <span class='ocrx_word' id='word_1_84' title='bbox 752 1747 915 1828; x_wconf 89' lang='lat' dir='ltr'>apud</span> <span class='ocrx_word' id='word_1_85' title='bbox 944 1745 1298 1812; x_wconf 84' lang='lat' dir='ltr'>Fabricium</span> <span class='ocrx_word' id='word_1_86' title='bbox 1348 1746 1539 1831; x_wconf 79' lang='lat' dir='ltr'>(Poet.</span> <span class='ocrx_word' id='word_1_87' title='bbox 1587 1751 1705 1810; x_wconf 77' lang='lat' dir='ltr'>uel.</span> <span class='ocrx_word' id='word_1_88' title='bbox 1749 1746 1947 1811; x_wconf 67' lang='lat' dir='ltr'>eccles</span> <span class='ocrx_word' id='word_1_89' title='bbox 1995 1765 2182 1827; x_wconf 82' lang='lat' dir='ltr'>opera</span> <span class='ocrx_word' id='word_1_90' title='bbox 2228 1767 2284 1828; x_wconf 84' lang='lat' dir='ltr'>p.</span> <span class='ocrx_word' id='word_1_91' title='bbox 2319 1747 2468 1830; x_wconf 77' lang='lat'>256)</span> 
     </span>
     <span class='ocr_line' id='line_1_12' title="bbox 234 1859 2471 1942; baseline 0 -18"><span class='ocrx_word' id='word_1_92' title='bbox 234 1859 434 1924; x_wconf 77' lang='lat' dir='ltr'>exstat</span> <span class='ocrx_word' id='word_1_93' title='bbox 474 1860 921 1938; x_wconf 87' lang='lat' dir='ltr'>iudicaremus;</span> <span class='ocrx_word' id='word_1_94' title='bbox 964 1859 1327 1924; x_wconf 89' lang='lat' dir='ltr'>incredibile</span> <span class='ocrx_word' id='word_1_95' title='bbox 1358 1859 1525 1924; x_wconf 89' lang='lat' dir='ltr'>enim</span> <span class='ocrx_word' id='word_1_96' title='bbox 1557 1862 1671 1937; x_wconf 88' lang='lat' dir='ltr'>est,</span> <span class='ocrx_word' id='word_1_97' title='bbox 1717 1859 1880 1942; x_wconf 90' lang='lat' dir='ltr'>quod</span> <span class='ocrx_word' id='word_1_98' title='bbox 1910 1859 2192 1924; x_wconf 89' lang='lat' dir='ltr'>Martene</span> <span class='ocrx_word' id='word_1_99' title='bbox 2224 1859 2329 1941; x_wconf 90' lang='lat' dir='ltr'>qui</span> <span class='ocrx_word' id='word_1_100' title='bbox 2359 1861 2471 1939; x_wconf 82' lang='lat' dir='ltr'>hoc</span> 
     </span>
     <span class='ocr_line' id='line_1_13' title="bbox 232 1969 2474 2054; baseline -0.002 -17"><span class='ocrx_word' id='word_1_101' title='bbox 232 1990 480 2037; x_wconf 89' lang='lat' dir='ltr'>carmen</span> <span class='ocrx_word' id='word_1_102' title='bbox 520 1990 591 2036; x_wconf 88' lang='lat' dir='ltr'>ex</span> <span class='ocrx_word' id='word_1_103' title='bbox 634 1972 837 2036; x_wconf 91' lang='lat' dir='ltr'>codice</span> <span class='ocrx_word' id='word_1_104' title='bbox 868 1973 925 2036; x_wconf 91' lang='lat' dir='ltr'>D</span> <span class='ocrx_word' id='word_1_105' title='bbox 956 1972 1033 2036; x_wconf 87' lang='lat' dir='ltr'>ad</span> <span class='ocrx_word' id='word_1_106' title='bbox 1064 1971 1324 2036; x_wconf 89' lang='lat' dir='ltr'>uerbum</span> <span class='ocrx_word' id='word_1_107' title='bbox 1363 1969 1846 2054; x_wconf 82' lang='lat' dir='ltr'>imprimendum</span> <span class='ocrx_word' id='word_1_108' title='bbox 1877 1971 2120 2035; x_wconf 88' lang='lat' dir='ltr'>curauit</span> <span class='ocrx_word' id='word_1_109' title='bbox 2153 1969 2474 2054; x_wconf 80' lang='lat' dir='ltr'>(Veterum</span> 
     </span>
    </p>
   </div>
   <div class='ocr_carea' id='block_1_3' title="bbox 105 2083 2470 2167">
    <p class='ocr_par' dir='ltr' id='par_1_3' title="bbox 105 2083 2470 2167">
     <span class='ocr_line' id='line_1_14' title="bbox 105 2083 2470 2167; baseline 0 -19"><span class='ocrx_word' id='word_1_110' title='bbox 105 2123 117 2130; x_wconf 87' lang='lat'>-</span> <span class='ocrx_word' id='word_1_111' title='bbox 233 2085 608 2165; x_wconf 76' lang='lat' dir='ltr'>scriptorum</span> <span class='ocrx_word' id='word_1_112' title='bbox 636 2089 692 2149; x_wconf 79' lang='lat' dir='ltr'>ct</span> <span class='ocrx_word' id='word_1_113' title='bbox 721 2085 1258 2148; x_wconf 71' lang='lat' dir='ltr'>monumentorum</span> <span class='ocrx_word' id='word_1_114' title='bbox 1298 2083 1698 2164; x_wconf 81' lang='lat' dir='ltr'>amplissima</span> <span class='ocrx_word' id='word_1_115' title='bbox 1737 2083 2001 2148; x_wconf 79' lang='lat' dir='ltr'>collectio</span> <span class='ocrx_word' id='word_1_116' title='bbox 2039 2085 2186 2149; x_wconf 88' lang='lat' dir='ltr'>tom.</span> <span class='ocrx_word' id='word_1_117' title='bbox 2220 2083 2312 2148; x_wconf 83' lang='lat' dir='ltr'>IX</span> <span class='ocrx_word' id='word_1_118' title='bbox 2340 2105 2400 2167; x_wconf 90' lang='lat' dir='ltr'>p.</span> <span class='ocrx_word' id='word_1_119' title='bbox 2438 2086 2470 2148; x_wconf 89' lang='lat'>1</span> 
     </span>
    </p>
   </div>
   <div class='ocr_carea' id='block_1_4' title="bbox 235 2188 2491 4717">
    <p class='ocr_par' dir='ltr' id='par_1_4' title="bbox 235 2188 2491 4717">
     <span class='ocr_line' id='line_1_15' title="bbox 235 2188 2476 2280; baseline -0 -18"><span class='ocrx_word' id='word_1_120' title='bbox 235 2197 347 2280; x_wconf 84' lang='lat' dir='ltr'>sq.)</span> <span class='ocrx_word' id='word_1_121' title='bbox 381 2188 727 2279; x_wconf 78' lang='lat' dir='ltr'>suspicatus</span> <span class='ocrx_word' id='word_1_122' title='bbox 768 2198 879 2274; x_wconf 89' lang='lat' dir='ltr'>est,</span> <span class='ocrx_word' id='word_1_123' title='bbox 927 2216 964 2260; x_wconf 88' lang='lat' dir='ltr'>a</span> <span class='ocrx_word' id='word_1_124' title='bbox 992 2197 1272 2262; x_wconf 84' lang='lat' dir='ltr'>Fabricio</span> <span class='ocrx_word' id='word_1_125' title='bbox 1314 2197 1543 2280; x_wconf 86' lang='lat' dir='ltr'>insigni</span> <span class='ocrx_word' id='word_1_126' title='bbox 1574 2195 1831 2262; x_wconf 88' lang='lat' dir='ltr'>audacia</span> <span class='ocrx_word' id='word_1_127' title='bbox 1864 2197 1994 2261; x_wconf 89' lang='lat' dir='ltr'>sine</span> <span class='ocrx_word' id='word_1_128' title='bbox 2025 2197 2217 2261; x_wconf 88' lang='lat' dir='ltr'>ullius</span> <span class='ocrx_word' id='word_1_129' title='bbox 2247 2195 2476 2261; x_wconf 89' lang='lat' dir='ltr'>codicis</span> 
     </span>
     <span class='ocr_line' id='line_1_16' title="bbox 236 2308 2476 2392; baseline -0.001 -18"><span class='ocrx_word' id='word_1_130' title='bbox 236 2326 345 2391; x_wconf 89' lang='lat' dir='ltr'>ope</span> <span class='ocrx_word' id='word_1_131' title='bbox 388 2309 792 2392; x_wconf 74' lang='lat' dir='ltr'>elegantiores</span> <span class='ocrx_word' id='word_1_132' title='bbox 834 2327 1047 2374; x_wconf 88' lang='lat' dir='ltr'>uersus</span> <span class='ocrx_word' id='word_1_133' title='bbox 1088 2310 1409 2374; x_wconf 89' lang='lat' dir='ltr'>restitutos</span> <span class='ocrx_word' id='word_1_134' title='bbox 1441 2327 1590 2374; x_wconf 88' lang='lat' dir='ltr'>esse.</span> <span class='ocrx_word' id='word_1_135' title='bbox 1637 2309 1837 2373; x_wconf 81' lang='lat' dir='ltr'>exstat</span> <span class='ocrx_word' id='word_1_136' title='bbox 1867 2309 2031 2373; x_wconf 89' lang='lat' dir='ltr'>enim</span> <span class='ocrx_word' id='word_1_137' title='bbox 2062 2308 2256 2372; x_wconf 86' lang='lat' dir='ltr'>altera</span> <span class='ocrx_word' id='word_1_138' title='bbox 2287 2308 2476 2380; x_wconf 81' lang='lat' dir='ltr'>etiam</span> 
     </span>
     <span class='ocr_line' id='line_1_17' title="bbox 236 2419 2478 2502; baseline -0.001 -17"><span class='ocrx_word' id='word_1_139' title='bbox 236 2421 501 2485; x_wconf 88' lang='lat' dir='ltr'>recensio</span> <span class='ocrx_word' id='word_1_140' title='bbox 555 2419 749 2484; x_wconf 88' lang='lat' dir='ltr'>simili</span> <span class='ocrx_word' id='word_1_141' title='bbox 803 2421 1055 2485; x_wconf 88' lang='lat' dir='ltr'>consilio</span> <span class='ocrx_word' id='word_1_142' title='bbox 1108 2423 1293 2502; x_wconf 88' lang='lat' dir='ltr'>atque</span> <span class='ocrx_word' id='word_1_143' title='bbox 1322 2419 1687 2484; x_wconf 83' lang='lat' dir='ltr'>Fabriciana</span> <span class='ocrx_word' id='word_1_144' title='bbox 1739 2419 2032 2484; x_wconf 89' lang='lat' dir='ltr'>instituta</span> <span class='ocrx_word' id='word_1_145' title='bbox 2076 2439 2194 2502; x_wconf 89' lang='lat' dir='ltr'>qua</span> <span class='ocrx_word' id='word_1_146' title='bbox 2240 2419 2478 2483; x_wconf 87' lang='lat' dir='ltr'>scilicet</span> 
     </span>
     <span class='ocr_line' id='line_1_18' title="bbox 239 2529 2478 2617; baseline -0.001 -20"><span class='ocrx_word' id='word_1_147' title='bbox 239 2531 555 2617; x_wconf 87' lang='lat' dir='ltr'>prosodiae</span> <span class='ocrx_word' id='word_1_148' title='bbox 614 2533 1028 2614; x_wconf 86' lang='lat' dir='ltr'>sermonisque</span> <span class='ocrx_word' id='word_1_149' title='bbox 1081 2529 1449 2596; x_wconf 81' lang='lat' dir='ltr'>barbarismi</span> <span class='ocrx_word' id='word_1_150' title='bbox 1500 2531 1883 2609; x_wconf 87' lang='lat' dir='ltr'>tollerentur,</span> <span class='ocrx_word' id='word_1_151' title='bbox 1944 2531 2108 2596; x_wconf 88' lang='lat' dir='ltr'>inter</span> <span class='ocrx_word' id='word_1_152' title='bbox 2159 2530 2478 2596; x_wconf 88' lang='lat' dir='ltr'>Aldhelmi</span> 
     </span>
     <span class='ocr_line' id='line_1_19' title="bbox 238 2642 2478 2728; baseline -0.001 -20"><span class='ocrx_word' id='word_1_153' title='bbox 238 2662 441 2727; x_wconf 86' lang='lat' dir='ltr'>opera,</span> <span class='ocrx_word' id='word_1_154' title='bbox 494 2645 716 2726; x_wconf 90' lang='lat' dir='ltr'>quibus</span> <span class='ocrx_word' id='word_1_155' title='bbox 773 2645 851 2728; x_wconf 84' lang='lat' dir='ltr'>(p.</span> <span class='ocrx_word' id='word_1_156' title='bbox 906 2643 1263 2723; x_wconf 83' lang='lat'>130—134)</span> <span class='ocrx_word' id='word_1_157' title='bbox 1318 2644 1432 2707; x_wconf 89' lang='lat' dir='ltr'>hoc</span> <span class='ocrx_word' id='word_1_158' title='bbox 1482 2662 1729 2709; x_wconf 88' lang='lat' dir='ltr'>carmen</span> <span class='ocrx_word' id='word_1_159' title='bbox 1780 2642 1880 2707; x_wconf 90' lang='lat' dir='ltr'>uel</span> <span class='ocrx_word' id='word_1_160' title='bbox 1932 2644 2137 2727; x_wconf 87' lang='lat' dir='ltr'>potius</span> <span class='ocrx_word' id='word_1_161' title='bbox 2190 2643 2478 2708; x_wconf 89' lang='lat' dir='ltr'>carminis</span> 
     </span>
     <span class='ocr_line' id='line_1_20' title="bbox 236 2754 2481 2841; baseline -0.001 -22"><span class='ocrx_word' id='word_1_162' title='bbox 236 2756 659 2840; x_wconf 86' lang='lat' dir='ltr'>fragmentum</span> <span class='ocrx_word' id='word_1_163' title='bbox 700 2756 943 2841; x_wconf 85' lang='lat' dir='ltr'>(incipit</span> <span class='ocrx_word' id='word_1_164' title='bbox 986 2758 1149 2822; x_wconf 90' lang='lat' dir='ltr'>enim</span> <span class='ocrx_word' id='word_1_165' title='bbox 1180 2776 1216 2820; x_wconf 88' lang='lat' dir='ltr'>a</span> <span class='ocrx_word' id='word_1_166' title='bbox 1246 2776 1431 2823; x_wconf 88' lang='lat' dir='ltr'>uersu</span> <span class='ocrx_word' id='word_1_167' title='bbox 1471 2756 1593 2821; x_wconf 88' lang='lat'>108</span> <span class='ocrx_word' id='word_1_168' title='bbox 1629 2754 1761 2821; x_wconf 79' lang='lat' dir='ltr'>Cur</span> <span class='ocrx_word' id='word_1_169' title='bbox 1790 2774 1917 2821; x_wconf 75' lang='lat' dir='ltr'>non</span> <span class='ocrx_word' id='word_1_170' title='bbox 1945 2776 2020 2820; x_wconf 80' lang='lat' dir='ltr'>ex</span> <span class='ocrx_word' id='word_1_171' title='bbox 2049 2755 2260 2836; x_wconf 76' lang='lat' dir='ltr'>aliquo</span> <span class='ocrx_word' id='word_1_172' title='bbox 2279 2756 2481 2835; x_wconf 77' lang='lat' dir='ltr'>possit</span> 
     </span>
     <span class='ocr_line' id='line_1_21' title="bbox 238 2866 2482 2949; baseline -0.001 -18"><span class='ocrx_word' id='word_1_173' title='bbox 238 2868 584 2949; x_wconf 69' lang='lat' dir='ltr'>confinyere</span> <span class='ocrx_word' id='word_1_174' title='bbox 628 2871 795 2944; x_wconf 75' lang='lat' dir='ltr'>nota,</span> <span class='ocrx_word' id='word_1_175' title='bbox 841 2867 1065 2931; x_wconf 85' lang='lat' dir='ltr'>desinit</span> <span class='ocrx_word' id='word_1_176' title='bbox 1095 2869 1159 2931; x_wconf 92' lang='lat' dir='ltr'>in</span> <span class='ocrx_word' id='word_1_177' title='bbox 1189 2888 1247 2931; x_wconf 81' lang='lat' dir='ltr'>u,</span> <span class='ocrx_word' id='word_1_178' title='bbox 1281 2868 1402 2931; x_wconf 88' lang='grc'>291</span> <span class='ocrx_word' id='word_1_179' title='bbox 1440 2866 1530 2930; x_wconf 77' lang='lat' dir='ltr'>Et</span> <span class='ocrx_word' id='word_1_180' title='bbox 1568 2867 1864 2949; x_wconf 75' lang='lat' dir='ltr'>yenitura</span> <span class='ocrx_word' id='word_1_181' title='bbox 1893 2866 2100 2932; x_wconf 78' lang='lat' dir='ltr'>Deum</span> <span class='ocrx_word' id='word_1_182' title='bbox 2118 2888 2240 2949; x_wconf 79' lang='lat' dir='ltr'>per</span> <span class='ocrx_word' id='word_1_183' title='bbox 2266 2868 2482 2930; x_wconf 79' lang='lat' dir='ltr'>omnia</span> 
     </span>
     <span class='ocr_line' id='line_1_22' title="bbox 240 2977 2480 3071; baseline 0.001 -30"><span class='ocrx_word' id='word_1_184' title='bbox 240 2978 407 3042; x_wconf 76' lang='lat' dir='ltr'>laeta</span> <span class='ocrx_word' id='word_1_185' title='bbox 426 2982 687 3061; x_wconf 65' lang='lat' dir='ltr'>tutetur)</span> <span class='ocrx_word' id='word_1_186' title='bbox 705 2979 881 3060; x_wconf 87' lang='lat' dir='ltr'>quasi</span> <span class='ocrx_word' id='word_1_187' title='bbox 904 2979 1210 3044; x_wconf 89' lang='lat' dir='ltr'>ineditum</span> <span class='ocrx_word' id='word_1_188' title='bbox 1226 2977 1583 3043; x_wconf 79' lang='lat' dir='ltr'>oxoniensis</span> <span class='ocrx_word' id='word_1_189' title='bbox 1608 2979 1807 3043; x_wconf 89' lang='lat' dir='ltr'>editor</span> <span class='ocrx_word' id='word_1_190' title='bbox 1821 2979 1871 3042; x_wconf 95' lang='lat' dir='ltr'>I.</span> <span class='ocrx_word' id='word_1_191' title='bbox 1891 2980 1964 3042; x_wconf 85' lang='lat' dir='ltr'>A.</span> <span class='ocrx_word' id='word_1_192' title='bbox 1986 2980 2156 3045; x_wconf 85' lang='lat' dir='ltr'>Giles</span> <span class='ocrx_word' id='word_1_193' title='bbox 2183 2998 2252 3044; x_wconf 81' lang='lat' dir='ltr'>ex</span> <span class='ocrx_word' id='word_1_194' title='bbox 2276 2979 2480 3071; x_wconf 85' lang='lat' dir='ltr'>codice</span> 
     </span>
     <span class='ocr_line' id='line_1_23' title="bbox 243 3090 2481 3176; baseline 0 -22"><span class='ocrx_word' id='word_1_195' title='bbox 243 3092 577 3157; x_wconf 88' lang='lat' dir='ltr'>Parisiensi</span> <span class='ocrx_word' id='word_1_196' title='bbox 608 3093 783 3157; x_wconf 88' lang='lat'>8318·</span> <span class='ocrx_word' id='word_1_197' title='bbox 808 3091 907 3176; x_wconf 85' lang='lat' dir='ltr'>(cf.</span> <span class='ocrx_word' id='word_1_198' title='bbox 933 3110 991 3173; x_wconf 90' lang='lat' dir='ltr'>p.</span> <span class='ocrx_word' id='word_1_199' title='bbox 1019 3092 1167 3171; x_wconf 86' lang='lat'>389)</span> <span class='ocrx_word' id='word_1_200' title='bbox 1201 3091 1477 3156; x_wconf 89' lang='lat' dir='ltr'>inseruit.</span> <span class='ocrx_word' id='word_1_201' title='bbox 1510 3110 1665 3172; x_wconf 89' lang='lat' dir='ltr'>quae</span> <span class='ocrx_word' id='word_1_202' title='bbox 1696 3092 1749 3154; x_wconf 86' lang='lat' dir='ltr'>si</span> <span class='ocrx_word' id='word_1_203' title='bbox 1779 3110 1846 3155; x_wconf 89' lang='lat' dir='ltr'>re</span> <span class='ocrx_word' id='word_1_204' title='bbox 1875 3108 2022 3156; x_wconf 87' lang='lat' dir='ltr'>uera</span> <span class='ocrx_word' id='word_1_205' title='bbox 2050 3091 2126 3155; x_wconf 89' lang='lat' dir='ltr'>ab</span> <span class='ocrx_word' id='word_1_206' title='bbox 2151 3090 2481 3157; x_wconf 88' lang='lat' dir='ltr'>Aldhelmo</span> 
     </span>
     <span class='ocr_line' id='line_1_24' title="bbox 239 3192 2480 3287; baseline -0 -20"><span class='ocrx_word' id='word_1_207' title='bbox 239 3203 514 3285; x_wconf 86' lang='lat' dir='ltr'>profecta</span> <span class='ocrx_word' id='word_1_208' title='bbox 536 3206 630 3268; x_wconf 89' lang='lat' dir='ltr'>est</span> <span class='ocrx_word' id='word_1_209' title='bbox 656 3204 842 3287; x_wconf 86' lang='lat' dir='ltr'>(certe</span> <span class='ocrx_word' id='word_1_210' title='bbox 866 3192 943 3268; x_wconf 86' lang='lat' dir='ltr'>ab</span> <span class='ocrx_word' id='word_1_211' title='bbox 968 3202 1290 3267; x_wconf 84' lang='lat' dir='ltr'>Aldhelmi</span> <span class='ocrx_word' id='word_1_212' title='bbox 1318 3202 1564 3287; x_wconf 87' lang='lat' dir='ltr'>ingenio</span> <span class='ocrx_word' id='word_1_213' title='bbox 1594 3220 1714 3267; x_wconf 89' lang='lat' dir='ltr'>non</span> <span class='ocrx_word' id='word_1_214' title='bbox 1745 3203 2076 3286; x_wconf 88' lang='lat' dir='ltr'>abhorret),</span> <span class='ocrx_word' id='word_1_215' title='bbox 2110 3222 2217 3269; x_wconf 89' lang='lat' dir='ltr'>cur</span> <span class='ocrx_word' id='word_1_216' title='bbox 2247 3220 2367 3269; x_wconf 90' lang='lat' dir='ltr'>non</span> <span class='ocrx_word' id='word_1_217' title='bbox 2397 3204 2480 3267; x_wconf 86' lang='lat' dir='ltr'>&#39;ab</span> 
     </span>
     <span class='ocr_line' id='line_1_25' title="bbox 240 3314 2482 3397; baseline -0 -16"><span class='ocrx_word' id='word_1_218' title='bbox 240 3316 440 3381; x_wconf 88' lang='lat' dir='ltr'>altero</span> <span class='ocrx_word' id='word_1_219' title='bbox 492 3316 803 3379; x_wconf 90' lang='lat' dir='ltr'>diorthota</span> <span class='ocrx_word' id='word_1_220' title='bbox 854 3315 1104 3396; x_wconf 88' lang='lat' dir='ltr'>antiquo</span> <span class='ocrx_word' id='word_1_221' title='bbox 1136 3314 1492 3379; x_wconf 85' lang='lat' dir='ltr'>Fabriciana</span> <span class='ocrx_word' id='word_1_222' title='bbox 1542 3314 1656 3379; x_wconf 88' lang='lat' dir='ltr'>illa</span> <span class='ocrx_word' id='word_1_223' title='bbox 1702 3314 2004 3397; x_wconf 88' lang='lat' dir='ltr'>proficisci</span> <span class='ocrx_word' id='word_1_224' title='bbox 2048 3317 2319 3397; x_wconf 88' lang='lat' dir='ltr'>potuerit</span> <span class='ocrx_word' id='word_1_225' title='bbox 2362 3334 2482 3380; x_wconf 90' lang='lat' dir='ltr'>non</span> 
     </span>
     <span class='ocr_line' id='line_1_26' title="bbox 240 3425 2482 3513; baseline 0 -21"><span class='ocrx_word' id='word_1_226' title='bbox 240 3428 557 3511; x_wconf 80' lang='lat' dir='ltr'>intellego,</span> <span class='ocrx_word' id='word_1_227' title='bbox 590 3425 915 3491; x_wconf 86' lang='lat' dir='ltr'>tacendum</span> <span class='ocrx_word' id='word_1_228' title='bbox 943 3444 1085 3491; x_wconf 88' lang='lat' dir='ltr'>uero</span> <span class='ocrx_word' id='word_1_229' title='bbox 1110 3446 1229 3491; x_wconf 90' lang='lat' dir='ltr'>non</span> <span class='ocrx_word' id='word_1_230' title='bbox 1252 3430 1346 3491; x_wconf 87' lang='lat' dir='ltr'>est</span> <span class='ocrx_word' id='word_1_231' title='bbox 1364 3428 1863 3493; x_wconf 87' lang='lat' dir='ltr'>Aldhelmianam</span> <span class='ocrx_word' id='word_1_232' title='bbox 1895 3429 2195 3513; x_wconf 88' lang='lat' dir='ltr'>originem</span> <span class='ocrx_word' id='word_1_233' title='bbox 2226 3448 2355 3493; x_wconf 88' lang='lat' dir='ltr'>esse</span> <span class='ocrx_word' id='word_1_234' title='bbox 2385 3430 2482 3492; x_wconf 88' lang='lat' dir='ltr'>in-</span> 
     </span>
     <span class='ocr_line' id='line_1_27' title="bbox 240 3538 2484 3622; baseline -0 -17"><span class='ocrx_word' id='word_1_235' title='bbox 240 3540 668 3605; x_wconf 85' lang='lat' dir='ltr'>certissimam.</span> <span class='ocrx_word' id='word_1_236' title='bbox 726 3540 910 3604; x_wconf 80' lang='lat' dir='ltr'>codex</span> <span class='ocrx_word' id='word_1_237' title='bbox 961 3538 1123 3603; x_wconf 90' lang='lat' dir='ltr'>enim</span> <span class='ocrx_word' id='word_1_238' title='bbox 1173 3538 1537 3603; x_wconf 86' lang='lat' dir='ltr'>Parisiensis</span> <span class='ocrx_word' id='word_1_239' title='bbox 1590 3538 1756 3604; x_wconf 87' lang='lat'>8318</span> <span class='ocrx_word' id='word_1_240' title='bbox 1810 3558 1846 3604; x_wconf 91' lang='lat' dir='ltr'>a</span> <span class='ocrx_word' id='word_1_241' title='bbox 1898 3542 2162 3622; x_wconf 88' lang='lat' dir='ltr'>quinque</span> <span class='ocrx_word' id='word_1_242' title='bbox 2213 3540 2484 3605; x_wconf 89' lang='lat' dir='ltr'>librariis</span> 
     </span>
     <span class='ocr_line' id='line_1_28' title="bbox 240 3648 2485 3735; baseline -0 -17"><span class='ocrx_word' id='word_1_243' title='bbox 240 3651 509 3735; x_wconf 90' lang='lat' dir='ltr'>scriptus</span> <span class='ocrx_word' id='word_1_244' title='bbox 532 3650 673 3714; x_wconf 88' lang='lat' dir='ltr'>inde</span> <span class='ocrx_word' id='word_1_245' title='bbox 695 3668 730 3714; x_wconf 91' lang='lat' dir='ltr'>a</span> <span class='ocrx_word' id='word_1_246' title='bbox 754 3649 859 3718; x_wconf 87' lang='lat' dir='ltr'>fol.</span> <span class='ocrx_word' id='word_1_247' title='bbox 884 3650 991 3715; x_wconf 82' lang='lat' dir='ltr'>73b</span> <span class='ocrx_word' id='word_1_248' title='bbox 1012 3651 1126 3730; x_wconf 86' lang='lat' dir='ltr'>hoc</span> <span class='ocrx_word' id='word_1_249' title='bbox 1150 3650 1569 3734; x_wconf 85' lang='lat' dir='ltr'>fragmentum</span> <span class='ocrx_word' id='word_1_250' title='bbox 1586 3654 1648 3717; x_wconf 88' lang='lat' dir='ltr'>et</span> <span class='ocrx_word' id='word_1_251' title='bbox 1667 3648 1982 3716; x_wconf 80' lang='lat' dir='ltr'>Aldhelmi</span> <span class='ocrx_word' id='word_1_252' title='bbox 2008 3653 2277 3717; x_wconf 88' lang='lat' dir='ltr'>carmina</span> <span class='ocrx_word' id='word_1_253' title='bbox 2299 3670 2485 3717; x_wconf 83' lang='lat' dir='ltr'>manu</span> 
     </span>
     <span class='ocr_line' id='line_1_29' title="bbox 240 3763 2486 3829; baseline -0 -1"><span class='ocrx_word' id='word_1_254' title='bbox 240 3784 397 3829; x_wconf 86' lang='lat' dir='ltr'>saec.</span> <span class='ocrx_word' id='word_1_255' title='bbox 424 3764 514 3827; x_wconf 88' lang='lat' dir='ltr'>XI</span> <span class='ocrx_word' id='word_1_256' title='bbox 546 3766 792 3829; x_wconf 86' lang='lat' dir='ltr'>exarata</span> <span class='ocrx_word' id='word_1_257' title='bbox 833 3763 1104 3828; x_wconf 88' lang='lat' dir='ltr'>continet</span> <span class='ocrx_word' id='word_1_258' title='bbox 1128 3764 1444 3829; x_wconf 90' lang='lat' dir='ltr'>Aldhelmi</span> <span class='ocrx_word' id='word_1_259' title='bbox 1473 3765 1719 3829; x_wconf 88' lang='lat' dir='ltr'>nomine</span> <span class='ocrx_word' id='word_1_260' title='bbox 1748 3765 1988 3829; x_wconf 89' lang='lat' dir='ltr'>nonnisi</span> <span class='ocrx_word' id='word_1_261' title='bbox 2011 3765 2074 3828; x_wconf 90' lang='lat' dir='ltr'>in</span> <span class='ocrx_word' id='word_1_262' title='bbox 2097 3764 2218 3828; x_wconf 88' lang='lat' dir='ltr'>fine</span> <span class='ocrx_word' id='word_1_263' title='bbox 2247 3763 2352 3829; x_wconf 86' lang='lat' dir='ltr'>fol.</span> <span class='ocrx_word' id='word_1_264' title='bbox 2375 3765 2486 3829; x_wconf 78' lang='lat'>83¹³</span> 
     </span>
     <span class='ocr_line' id='line_1_30' title="bbox 240 3862 2490 3969; baseline -0.001 -27"><span class='ocrx_word' id='word_1_265' title='bbox 240 3878 481 3942; x_wconf 86' lang='lat' dir='ltr'>adiecto</span> <span class='ocrx_word' id='word_1_266' title='bbox 526 3862 686 3957; x_wconf 68' lang='lat' dir='ltr'>exffl.</span> <span class='ocrx_word' id='word_1_267' title='bbox 731 3876 1031 3955; x_wconf 74' lang='lat' dir='ltr'>opuscula</span> <span class='ocrx_word' id='word_1_268' title='bbox 1074 3875 1374 3969; x_wconf 69' lang='lat' dir='ltr'>aldhelmi</span> <span class='ocrx_word' id='word_1_269' title='bbox 1386 3906 1407 3958; x_wconf 89' lang='lat'>‚-</span> <span class='ocrx_word' id='word_1_270' title='bbox 1453 3879 1519 3941; x_wconf 91' lang='lat' dir='ltr'>in</span> <span class='ocrx_word' id='word_1_271' title='bbox 1561 3876 1762 3943; x_wconf 82' lang='lat' dir='ltr'>fronte</span> <span class='ocrx_word' id='word_1_272' title='bbox 1806 3896 1950 3941; x_wconf 86' lang='lat' dir='ltr'>uero</span> <span class='ocrx_word' id='word_1_273' title='bbox 1993 3874 2097 3939; x_wconf 87' lang='lat' dir='ltr'>fol.</span> <span class='ocrx_word' id='word_1_274' title='bbox 2131 3876 2240 3941; x_wconf 76' lang='lat'>73¹²</span> <span class='ocrx_word' id='word_1_275' title='bbox 2269 3896 2490 3942; x_wconf 90' lang='lat' dir='ltr'>manus</span> 
     </span>
     <span class='ocr_line' id='line_1_31' title="bbox 242 3986 2488 4070; baseline 0 -19"><span class='ocrx_word' id='word_1_276' title='bbox 242 4006 401 4051; x_wconf 88' lang='lat' dir='ltr'>saec.</span> <span class='ocrx_word' id='word_1_277' title='bbox 434 3986 617 4051; x_wconf 90' lang='lat' dir='ltr'>XVII</span> <span class='ocrx_word' id='word_1_278' title='bbox 659 3987 1028 4051; x_wconf 78' lang='lat' dir='ltr'>Aldhelmus</span> <span class='ocrx_word' id='word_1_279' title='bbox 1078 3988 1421 4069; x_wconf 85' lang='lat' dir='ltr'>adscripsit.</span> <span class='ocrx_word' id='word_1_280' title='bbox 1476 3987 1970 4055; x_wconf 88' lang='lat' dir='ltr'>hanc-notitiam</span> <span class='ocrx_word' id='word_1_281' title='bbox 2019 3991 2488 4070; x_wconf 86' lang='lat' dir='ltr'>accuratamque</span> 
     </span>
     <span class='ocr_line' id='line_1_32' title="bbox 241 4098 2490 4183; baseline 0 -20"><span class='ocrx_word' id='word_1_282' title='bbox 241 4100 579 4183; x_wconf 86' lang='lat' dir='ltr'>fragmenti</span> <span class='ocrx_word' id='word_1_283' title='bbox 622 4100 1009 4165; x_wconf 88' lang='lat' dir='ltr'>collationem</span> <span class='ocrx_word' id='word_1_284' title='bbox 1040 4100 1240 4163; x_wconf 87' lang='lat' dir='ltr'>Noltii</span> <span class='ocrx_word' id='word_1_285' title='bbox 1281 4098 1659 4165; x_wconf 87' lang='lat' dir='ltr'>humanitati</span> <span class='ocrx_word' id='word_1_286' title='bbox 1699 4101 1902 4165; x_wconf 82' lang='lat' dir='ltr'>debeo.</span> <span class='ocrx_word' id='word_1_287' title='bbox 1948 4100 2235 4165; x_wconf 84' lang='lat' dir='ltr'>carminis</span> <span class='ocrx_word' id='word_1_288' title='bbox 2279 4104 2490 4166; x_wconf 87' lang='lat' dir='ltr'>auctor</span> 
     </span>
     <span class='ocr_line' id='line_1_33' title="bbox 243 4212 2490 4297; baseline -0 -21"><span class='ocrx_word' id='word_1_289' title='bbox 243 4212 521 4278; x_wconf 82' lang='lat' dir='ltr'>incertus</span> <span class='ocrx_word' id='word_1_290' title='bbox 582 4216 704 4277; x_wconf 88' lang='lat' dir='ltr'>est:</span> <span class='ocrx_word' id='word_1_291' title='bbox 768 4212 1145 4276; x_wconf 83' lang='lat' dir='ltr'>Tertulliano</span> <span class='ocrx_word' id='word_1_292' title='bbox 1206 4213 1711 4278; x_wconf 85' lang='lat' dir='ltr'>Laureshamensi</span> <span class='ocrx_word' id='word_1_293' title='bbox 1770 4214 2048 4297; x_wconf 87' lang='lat' dir='ltr'>catalogo</span> <span class='ocrx_word' id='word_1_294' title='bbox 2105 4214 2490 4295; x_wconf 83' lang='lat' dir='ltr'>Fabriciique</span> 
     </span>
     <span class='ocr_line' id='line_1_34' title="bbox 242 4324 2490 4408; baseline -0.001 -19"><span class='ocrx_word' id='word_1_295' title='bbox 242 4324 515 4389; x_wconf 88' lang='lat' dir='ltr'>editione</span> <span class='ocrx_word' id='word_1_296' title='bbox 564 4325 957 4408; x_wconf 81' lang='lat' dir='ltr'>adsignatur:</span> <span class='ocrx_word' id='word_1_297' title='bbox 1004 4344 1153 4389; x_wconf 89' lang='lat' dir='ltr'>num</span> <span class='ocrx_word' id='word_1_298' title='bbox 1197 4325 1381 4388; x_wconf 80' lang='lat' dir='ltr'>codex</span> <span class='ocrx_word' id='word_1_299' title='bbox 1426 4324 1595 4389; x_wconf 87' lang='lat' dir='ltr'>ullus</span> <span class='ocrx_word' id='word_1_300' title='bbox 1638 4345 1779 4391; x_wconf 90' lang='lat' dir='ltr'>eum</span> <span class='ocrx_word' id='word_1_301' title='bbox 1823 4327 2132 4390; x_wconf 80' lang='lat' dir='ltr'>auctorem</span> <span class='ocrx_word' id='word_1_302' title='bbox 2174 4325 2490 4407; x_wconf 83' lang='lat' dir='ltr'>perhibeat</span> 
     </span>
     <span class='ocr_line' id='line_1_35' title="bbox 240 4435 2490 4520; baseline 0 -21"><span class='ocrx_word' id='word_1_303' title='bbox 240 4436 470 4500; x_wconf 87' lang='lat' dir='ltr'>nescio.</span> <span class='ocrx_word' id='word_1_304' title='bbox 506 4435 795 4519; x_wconf 66' lang='lat' dir='ltr'>Cypriani</span> <span class='ocrx_word' id='word_1_305' title='bbox 826 4456 1045 4501; x_wconf 87' lang='lat' dir='ltr'>nomen</span> <span class='ocrx_word' id='word_1_306' title='bbox 1078 4438 1261 4500; x_wconf 77' lang='lat' dir='ltr'>codex</span> <span class='ocrx_word' id='word_1_307' title='bbox 1293 4438 1656 4520; x_wconf 86' lang='lat' dir='ltr'>Reginensis</span> <span class='ocrx_word' id='word_1_308' title='bbox 1692 4456 1837 4520; x_wconf 90' lang='lat' dir='ltr'>prae</span> <span class='ocrx_word' id='word_1_309' title='bbox 1869 4458 1931 4501; x_wconf 85' lang='lat' dir='ltr'>se</span> <span class='ocrx_word' id='word_1_310' title='bbox 1961 4437 2100 4515; x_wconf 86' lang='lat' dir='ltr'>fert,</span> <span class='ocrx_word' id='word_1_311' title='bbox 2141 4436 2490 4502; x_wconf 73' lang='lat' dir='ltr'>wircebur-</span> 
     </span>
     <span class='ocr_line' id='line_1_36' title="bbox 240 4526 2491 4650; baseline 0.001 -39"><span class='ocrx_word' id='word_1_312' title='bbox 240 4548 453 4631; x_wconf 89' lang='lat' dir='ltr'>gensis</span> <span class='ocrx_word' id='word_1_313' title='bbox 486 4549 881 4629; x_wconf 84' lang='lat' dir='ltr'>inscriptione</span> <span class='ocrx_word' id='word_1_314' title='bbox 917 4551 979 4613; x_wconf 86' lang='lat' dir='ltr'>et</span> <span class='ocrx_word' id='word_1_315' title='bbox 1011 4526 1457 4631; x_wconf 79' lang='lat' dir='ltr'>subscriptione</span> <span class='ocrx_word' id='word_1_316' title='bbox 1488 4550 1669 4614; x_wconf 88' lang='lat' dir='ltr'>caret.</span> <span class='ocrx_word' id='word_1_317' title='bbox 1720 4550 1785 4613; x_wconf 90' lang='lat' dir='ltr'>in</span> <span class='ocrx_word' id='word_1_318' title='bbox 1816 4548 2321 4650; x_wconf 74' lang='lat' dir='ltr'>Sangermanensi</span> <span class='ocrx_word' id='word_1_319' title='bbox 2354 4550 2491 4631; x_wconf 85' lang='lat' dir='ltr'>post</span> 
     </span>
     <span class='ocr_line' id='line_1_37' title="bbox 1995 4652 2086 4717; baseline 0 -28"><span class='ocrx_word' id='word_1_320' title='bbox 1995 4672 2028 4717; x_wconf 72' lang='lat' dir='ltr'><strong>e</strong></span> <span class='ocrx_word' id='word_1_321' title='bbox 2051 4652 2086 4689; x_wconf 80' lang='grc'>*</span> 
     </span>
    </p>
   </div>
  </div>
 </body>
</html>
