3217 5150
807 514 896 567 De
931 511 1277 567 duodecim
1312 512 1631 566 abnsiuis
1666 512 1924 567 saeculi
1960 528 2003 567 c.
2040 512 2200 567 2-3.
2506 520 2623 581 155

369 672 685 732 ministrari
703 672 814 731 sibi
832 672 932 733 ille
961 672 1231 747 sperabit,
1254 672 1354 745 qui
1374 671 1436 730 in
1458 672 1847 732 adnleseentia
1868 672 2187 733 senioribus
2212 671 2621 733 oboedientiam

370 776 640 836 exhibere
667 776 976 835 contemnit
989 778 1018 834 ἵ
1051 775 1200 834 unde
1227 777 1286 835 et
1313 775 1375 834 in
1404 775 1703 849 prouerbio
1734 774 1886 850 apud
1916 777 2139 835 ueteres
2168 775 2409 835 habetur
2422 820 2439 847 ‚
2470 776 2627 849 quod

373 879 580 940 seruiri
618 881 866 953 nequeat
895 877 994 953 qui
1021 878 1182 953 prius
1211 877 1384 938 alieni
1413 878 1751 938 seruitutem
1779 878 2051 952 praebere
2080 878 2341 955 denegat.
2384 880 2621 953 propter

373 984 523 1057 quod
553 986 611 1043 et
638 982 916 1042 Dominus
945 982 1112 1041 Iesus
1142 982 1204 1041 in
1233 980 1584 1056 temporibus
1618 998 1756 1042 suae
1786 980 1977 1041 earnis
1994 1024 2009 1053 ,
2050 980 2185 1040 dum
2212 981 2400 1041 adhue
2426 982 2501 1041 ad
2530 981 2616 1041 le·
2646 1038 2651 1045 .

323 1106 350 1143 5
369 1086 630 1161 gitimam
679 1087 926 1146 aetatem
976 1085 1222 1145 doctoris
1251 1101 1364 1145 non
1401 1084 1681 1158 peruenit,
1733 1081 2093 1145 oboedienter
2142 1083 2619 1145 ministrationem

367 1189 701 1263 parentibus
731 1189 851 1248 suis
873 1188 1148 1248 exhibuit.
1181 1188 1332 1249 sieut
1359 1202 1494 1263 ergo
1517 1187 1578 1246 in
1601 1186 1835 1247 senibus
1862 1187 2143 1247 sobrietas
2163 1186 2222 1246 et
2242 1204 2461 1247 morum
2488 1204 2613 1261 per·

365 1292 538 1353 feetio
567 1291 878 1367 requiritur
891 1335 914 1363 ,
939 1274 1024 1350 ita
1049 1291 1110 1349 in
1141 1290 1602 1351 adulescentibus
1625 1289 1959 1365 obsequium
1976 1294 2037 1351 et
2066 1289 2340 1349 subiectio
2363 1292 2423 1349 et
2448 1291 2618 1351 oboe-
2682 1296 2689 1302 “

366 1395 584 1455 dientia
625 1395 738 1455 rite
764 1395 1019 1455 debetur.
1064 1396 1410 1469 quapropter
1449 1395 1510 1453 et
1549 1394 1609 1475 in
1643 1394 1927 1454 mandatis
1956 1393 2105 1469 legis
2144 1392 2391 1467 primum
2430 1392 2495 1453 in
2522 1393 2617 1453 his

367 1516 514 1574 quae
554 1499 626 1557 ad
666 1498 926 1560 homines
965 1497 1253 1573 pertinent
1293 1498 1477 1572 patris
1522 1500 1582 1558 et
1625 1497 1829 1558 matris
1871 1498 2053 1558 honor
2093 1498 2403 1573 imperatur
2420 1541 2435 1570 ,
2481 1497 2620 1571 qnia

293 1624 348 1662 ιο
367 1600 630 1675 quamuis
669 1602 916 1661 earnalis
956 1603 1122 1676 pater
1149 1618 1260 1661 non
1315 1600 1698 1675 super-uixerit
1737 1604 1838 1661 ant
1878 1601 2149 1677 indignus
2192 1600 2401 1673 fuerit,
2446 1600 2617 1667 alicui

364 1708 557 1773 tamen
585 1704 738 1779 patri
767 1704 940 1778 digno
968 1707 1027 1764 et
1056 1704 1278 1765 uiuenti
1300 1708 1573 1778 paternus
1603 1706 1785 1765 honor
1805 1722 1985 1780 usque
2014 1705 2086 1763 ad
2116 1704 2349 1780 dignam
2368 1706 2617 1765 aetatem

363 1825 402 1867 a
429 1806 565 1867 filiis
593 1808 950 1881 praebendus
980 1824 1108 1868 esse
1138 1807 1477 1869 ostenditur.
1522 1810 1793 1883 quattuor
1834 1809 2045 1869 etenim
2086 1809 2271 1869 modis
2298 1824 2401 1882 per
2428 1807 2612 1882 serip-

363 1914 524 1969 turas
555 1909 778 1971 diuinas
794 1914 986 1986 patres
1007 1914 1298 1984 uocantur,
1329 1912 1438 1972 hoo
1464 1912 1552 1972 est
1579 1914 1789 1971 natura
1816 1915 1987 1987 gente
2004 1911 2388 1973 admonitione
2408 1913 2615 1971 aetate.

366 2014 436 2073 de
486 2016 649 2089 patre
700 2031 944 2090 namque
994 2016 1242 2075 naturali
1293 2016 1464 2075 Iacob
1507 2016 1580 2075 ad
1607 2016 1807 2076 Laban
1857 2015 2140 2090 loquitur:
2197 2016 2352 2076 nisi
2396 2018 2423 2074 t
2438 2014 2571 2075 imo
2584 2033 2614 2073 r

291 2140 344 2177 η
361 2117 603 2193 patris
656 2118 790 2178 mei
841 2119 1049 2179 Isaac
1103 2118 1507 2193 adfuisset,
1561 2118 1883 2179 tulisses
1936 2119 2169 2180 omnia
2226 2136 2407 2193 quae
2461 2135 2613 2179 mea

363 2239 393 2280 s
406 2240 494 2281 un
507 2224 552 2281 t.
597 2224 770 2304 gente
811 2237 948 2282 uero
993 2223 1155 2297 pater
1185 2222 1412 2297 dieitur,
1444 2224 1667 2298 quando
1697 2223 1974 2284 Dominus
2003 2223 2076 2282 ad
2106 2223 2341 2299 Moysen
2371 2223 2442 2283 de
2473 2223 2613 2283 rubo

359 2324 732 2401 loquebatur,
779 2342 906 2400 ego
935 2343 1114 2406 sum,
1159 2325 1453 2400 inquiens,
1501 2326 1695 2386 Deus
1737 2328 2021 2401 patrum
2064 2327 2381 2399 tuorum,
2427 2324 2615 2385 Deus

360 2428 745 2503 Abraham,
789 2430 982 2489 Deus
1011 2429 1237 2503 Isaac,
1270 2430 1458 2489 Deus
1488 2429 1728 2489 Iaeob.
1760 2431 1949 2489 aetate
1969 2432 2163 2489 autem
2183 2429 2402 2503 pariter
2424 2429 2610 2487 etad-

359 2531 670 2593 monitione
694 2534 860 2607 pater
887 2531 1116 2607 dieitur,
1149 2550 1276 2594 oum
1303 2533 1530 2611 Moyses
1560 2532 1623 2592 in
1644 2532 1863 2593 cantioo
1882 2532 2307 2594 Deuteronomii
2327 2530 2612 2608 loquitur:

295 2636 755 2710 minterroga
811 2638 1092 2712 patrem
1156 2638 1384 2712 tuum,
1443 2639 1513 2697 et
1556 2629 2041 2697 adnuntiabit
2082 2635 2227 2695 tibi
2284 2635 2612 2716 [maiores

359 2743 543 2813 tuos,
590 2743 663 2802 et
704 2741 954 2800 dicent
998 2740 1182 2816 tibiJ.
1227 2741 1380 2814 quod
1421 2739 1474 2800 si
1503 2756 1637 2815 ergo
1667 2739 1950 2800 naturalis
1978 2742 2143 2814 pater
2172 2743 2465 2814 superstes
2496 2756 2609 2798 non

358 2843 536 2904 fuerit
565 2845 666 2903 aut
695 2843 966 2918 indignus
997 2843 1190 2916 fuerit,
1223 2844 1550 2904 admonenti
1577 2847 1770 2905 tamen
1799 2844 1901 2903 aut
1930 2842 2141 2904 seniori
2169 2844 2243 2902 ab
2272 2843 2608 2902 adnleseen-

357 2946 518 3006 tibus
547 2946 904 3008 oboedientia
923 2948 1250 3022 praebenda
1266 2947 1394 3008 erit.
1427 2947 1705 3022 quomodo
1730 2946 1879 3006 enim
1902 2947 2211 3006 honoratus
2234 2945 2296 3004 in
2320 2948 2611 3006 senectute

499 3189 565 3242 14
600 3187 730 3244 Gen.
768 3189 854 3255 31,
887 3191 974 3244 42.
1181 3191 1248 3243 17
1284 3189 1378 3246 Ex.
1417 3191 1468 3256 3,
1504 3192 1553 3245 6.
1763 3192 1832 3247 20
1864 3193 2027 3248 Dent.
2062 3193 2148 3259 32,
2185 3195 2233 3248 7.

494 3404 524 3457 1
561 3403 858 3458 ministrari
892 3403 997 3457 sibi
1031 3403 1163 3472 (sibi
1197 3420 1298 3459 om.
1343 3405 1500 3475 θην)
1533 3406 1630 3460 1110
1664 3406 1773 3475 (im
1816 3407 1889 3477 V)
1933 3407 2055 3476 GV,
2104 3408 2323 3477 obsequi
2369 3409 2475 3464 sibi
2511 3409 2607 3464 1110

353 3493 434 3554 X,
471 3489 596 3544 aliis
632 3489 993 3544 ministerium
1025 3506 1060 3544 v
1391 3493 1572 3560 sperat
1614 3491 1667 3546 G
1696 3491 1793 3547 sed
1827 3495 1887 3547 at
1920 3494 1985 3547 in
2016 3509 2145 3558 raa,
2184 3495 2472 3565 imperabit
2504 3516 2538 3554 υ

353 3592 410 3629 se
448 3575 742 3630 senioribus
777 3578 869 3631 Xv
1092 3575 1455 3632 oboedientem
1497 3577 1577 3632 Vv
1799 3577 1834 3631 3
1869 3581 2066 3634 seruire
2109 3581 2171 3648 V,
2208 3580 2473 3636 dominari
2506 3602 2541 3639 v

354 3661 610 3730 denegat]
629 3664 873 3730 ¹nequeat
913 3663 967 3718 V
1235 3663 1271 3716 4
1303 3663 1433 3717 dum
1467 3677 1569 3719 om.
1607 3667 1674 3718 X
1932 3667 1967 3721 5
1994 3653 2242 3736 ‘pn-uenit
2294 3671 2372 3734 X,
2425 3685 2609 3739 perue—

355 3750 510 3800 nerat
551 3747 633 3802 Vv
837 3747 872 3800 6
906 3748 1018 3802 suis
1052 3763 1154 3803 om.
1191 3751 1256 3803 X
1468 3749 1729 3820 exhibuit]
1768 3751 2048 3820 praestitit
2079 3770 2114 3808 v
2319 3755 2350 3808 ‘1
2386 3755 2487 3825 ita]
2525 3757 2636 3812 ita·

353 3835 519 3887 etiam
553 3847 588 3886 v
809 3834 844 3886 8
879 3834 935 3887 et
966 3834 1050 3903 in]
1083 3836 1142 3888 in
1183 3834 1238 3889 V
1439 3835 1506 3890 13
1537 3835 1921 3906 admonitione]
1960 3839 2250 3908 adoptione
2286 3843 2351 3894 X
2551 3860 2581 3898 e

353 3921 534 3974 aetate
566 3934 601 3974 υ
922 3920 990 3975 14
1023 3921 1317 3976 naturali-0
1357 3921 1420 3990 V,
1454 3922 1775 3977 naturaliter
1820 3921 1939 3977 ΘΧ
1947 3945 1962 3991 ;
1996 3923 2133 3990 fort.
2168 3928 2409 3982 naturali
2442 3945 2537 3999 per

353 4006 422 4059 16
457 4003 524 4058 de
555 4003 690 4058 rubo
725 4004 795 4059 ad
830 4021 1048 4076 moysen
1081 4021 1114 4060 v
1351 4007 1420 4062 18
1452 4008 1656 4078 pariter
1689 4011 1746 4064 et
1778 4011 2077 4066 monitione
2112 4015 2187 4077 X,
2222 4015 2377 4082 pater
2408 4015 2611 4070 dieitur

351 4093 410 4144 et
441 4089 580 4143 adm.
625 4090 688 4155 V,
725 4114 752 4145 2
768 4115 842 4144 n
859 4115 974 4147 n-
990 4116 1017 4147 ·
1051 4096 1107 4146 et
1141 4093 1522 4148 ammonitione
1563 4094 1617 4149 G
1646 4095 1745 4150 sed
1776 4111 1865 4150 am
1898 4112 1943 4154 e.
1977 4097 2013 4152 1.
2045 4114 2115 4152 m.
2152 4102 2207 4165 2,
2245 4103 2303 4154 et
2336 4101 2478 4156 adm.
2516 4119 2611 4171 pa-

351 4176 482 4230 riter
515 4191 548 4229 v
739 4177 812 4230 20
844 4176 1194 4232 adnuntiauit
1235 4179 1400 4233 ΨΧ*
1573 4181 1798 4236 maiores
1834 4183 1877 4238 t.
1914 4199 1962 4236 e.
1997 4183 2050 4238 d.
2086 4185 2195 4238 tibi
2230 4201 2333 4240 om.
2376 4187 2489 4241 GX
2495 4189 2549 4242 V

347 4261 414 4314 21
453 4261 593 4330 quod
627 4278 730 4317 om.
773 4263 836 4328 V,
871 4262 1014 4318 unde
1050 4267 1116 4318 X
1294 4281 1420 4334 ergo
1455 4280 1556 4320 om.
1593 4269 1659 4320 X
1856 4271 2009 4337 pater
2042 4285 2143 4324 om.
2180 4273 2241 4324 X
2434 4273 2505 4328 22
2539 4275 2609 4328 ab

345 4346 772 4403 aduliscentibus
813 4348 933 4413 GV,
969 4348 1303 4405 adulescenti
1339 4353 1415 4418 Χ,
1449 4351 1805 4408 adolescentis
1838 4369 1873 4409 v
2102 4357 2173 4412 23
2206 4358 2349 4414 enim
2388 4376 2489 4415 om.
2538 4361 2601 4427 V,

347 4447 476 4501 ergo
491 4491 496 4496 ,
513 4451 546 4487 v
