3217 5150
754 559 919 608 cxvl

2879 711 3008 764 pag.

752 793 835 856 29
880 790 1217 874 Cyprianus
1244 790 1621 873 presbyteris
1653 791 1717 854 et
1745 789 2132 856 diaconibus:
2163 789 2258 856 Ne
2288 791 2439 873 quid
2469 791 2786 856 conscien-

1040 903 1197 967 tiam
1278 951 2678 967 ..............
2773 951 2790 967 .
2881 902 3010 968 547

752 1014 837 1078 30
878 1011 1231 1095 Presbyteri
1260 1014 1323 1077 et
1352 1011 1590 1077 diaconi
1604 1012 1832 1078 Romae
1847 1011 2178 1095 Cypriam:
2205 1011 2596 1095 Quamquam
2627 1013 2788 1078 bene
2877 1015 3008 1079 549

752 1125 831 1190 31
878 1125 1119 1208 Moyses
1152 1126 1215 1188 et
1244 1124 1552 1188 Maximus
1590 1175 1601 1188 .
1634 1175 1646 1186 .
1677 1174 1688 1186 .
1725 1122 2058 1207 Cypriano:
2088 1125 2264 1190 Inter
2292 1126 2498 1190 uarios
2551 1173 2570 1188 .
2660 1176 2674 1190 .
2769 1175 2785 1190 .
2879 1125 3009 1190 557

752 1237 835 1302 32
879 1234 1218 1319 Cyprianus
1246 1237 1621 1318 presbyteris
1651 1236 1714 1300 et
1743 1235 2134 1302 diaconibus:
2167 1234 2397 1316 Quales
2423 1237 2670 1302 litteras
2771 1284 2790 1301 .
2879 1237 3014 1302 565

750 1348 835 1412 33
880 1345 1247 1430 (Cyprianus
1277 1345 1531 1430 lapsis):
1562 1347 1868 1412 Dominus
1897 1348 2104 1412 noster
2121 1396 2786 1412 .......
2881 1347 3014 1412 566

750 1460 835 1524 34
879 1457 1217 1543 Cyprianus
1246 1458 1618 1542 presbyteris
1649 1461 1712 1524 et
1741 1458 2129 1524 diaconibus,
2163 1458 2416 1542 Integre
2552 1510 2565 1522 .
2659 1509 2674 1523 .
2881 1459 3012 1525 568

752 1573 837 1638 35
879 1569 1220 1654 Cyprianus
1249 1569 1623 1654 presbyteris
1655 1571 1716 1634 et
1747 1570 2104 1636 diaconibus
2123 1571 2388 1636 Romae:
2417 1569 2503 1634 Et
2533 1569 2790 1636 dilectio
2881 1572 3010 1636 571

750 1684 834 1749 36
878 1683 1235 1766 Presbyteri
1250 1683 1313 1747 et
1328 1681 1607 1748 diacones
1627 1682 1858 1748 Romae
1877 1681 2210 1766 Cypriano:
2237 1680 2392 1748 Cum
2413 1681 2790 1766 perlegisse-

1036 1815 1177 1860 mus
1283 1841 2672 1860 ..............
2766 1843 2786 1856 .
2881 1795 3014 1860 572

749 1906 830 1971 37
876 1905 1213 1988 Cyprianus
1242 1904 1444 1989 Moysi
1474 1907 1537 1969 et
1568 1904 1869 1971 Maximo:
1899 1906 1982 1970 Et
2013 1907 2264 1970 cunctos
2333 1953 2786 1970 .....
2879 1906 3010 1970 576

750 2017 833 2082 38
878 2015 1218 2100 Cyprianus
1252 2016 1627 2099 presbyteris
1659 2019 1722 2082 et
1749 2017 2138 2082 diaconibus:
2187 2017 2264 2082 In
2295 2015 2789 2082 ordinationibus

1037 2128 1274 2194 clericis
1382 2177 2452 2194 ...........
2459 2131 2476 2148 ‘
2547 2179 2562 2192 .
2654 2178 2669 2191 .
2765 2179 2778 2192 .
2874 2130 3006 2194 579

748 2241 833 2305 39
878 2238 1215 2322 Cyprianus
1246 2239 1620 2323 presbyteris
1651 2243 1715 2305 et
1745 2240 2045 2306 diaconis:
2077 2240 2484 2327 Agnoscenda
2549 2291 2562 2303 .
2657 2293 2670 2304 .
2767 2290 2784 2306 .
2875 2242 3000 2306 581

744 2353 833 2416 40
875 2350 1213 2435 Cyprianus
1242 2351 1615 2434 presbyteris
1647 2353 1708 2416 et
1738 2351 2125 2418 diaconibus:
2157 2352 2590 2418 Nuntiandum
2653 2405 2668 2418 .
2767 2405 2781 2418 .
2875 2353 3004 2420 585

744 2465 827 2529 41
875 2462 1215 2547 Cyprianus
1265 2461 1553 2528 Caldonio
1611 2465 1675 2528 et
1727 2463 2104 2529 Herculano:
2163 2464 2576 2530 Vehementer
2635 2483 2786 2530 con-

1034 2576 1324 2642 tristatus
1380 2625 2784 2643 ..............
2878 2579 3002 2644 587

622 2756 629 2769 ,
744 2688 831 2753 42
876 2686 1205 2753 Caldonius
1236 2707 1377 2752 cum
1408 2688 1756 2752 Herculano
1791 2736 1806 2753 .
1837 2738 1850 2751 .
1879 2736 1894 2751 .
1921 2710 1937 2753 ε
1968 2687 2404 2755 Abstinuimus
2445 2740 2459 2753 .
2551 2737 2566 2754 .
2663 2738 2676 2753 .
2771 2740 2787 2755 .
2879 2690 3008 2755 590

746 2797 831 2862 43
875 2796 1215 2882 Cyprianus
1243 2798 1442 2881 plebi:
1476 2796 1868 2881 Quamquam
1899 2798 1942 2863 f.
1977 2818 2026 2865 c.
2062 2800 2307 2866 Virtius
2332 2848 2785 2867 .....
2879 2800 3008 2865 590

744 2910 832 2975 44
876 2909 1215 2993 Cyprianus
1246 2908 1555 2975 Cornelio:
1588 2910 1906 2975 Venerunt
1935 2911 2015 2976 ad
2043 2928 2153 2976 nos
2235 2959 2782 2976 ......
2877 2912 3004 2979 597

747 3021 833 3087 45
876 3020 1215 3105 Cyprianus
1244 3020 1553 3087 Cornelio:
1585 3020 1763 3101 Quod
1793 3023 1988 3089 seruis
2019 3024 2120 3089 dei
2235 3076 2246 3087 .
2337 3072 2352 3089 .
2443 3073 2458 3088 .
2517 3003 2524 3017 ’
2551 3075 2564 3089 .
2605 3046 2615 3053 ⁴
2659 3075 2672 3087 .
2769 3073 2786 3088 .
2878 3024 3006 3090 599

744 3134 832 3199 46
878 3133 1217 3216 Cyprianus
1244 3134 1517 3200 Maximo
1544 3134 1610 3199 et
1639 3132 2026 3199 Nicostrato:
2058 3132 2216 3199 Cum
2246 3133 2598 3218 frequenter
2661 3187 2674 3199 .
2769 3184 2786 3200 .
2881 3135 3010 3200 604

747 3245 829 3309 47
876 3243 1214 3328 Cyprianus
1244 3244 1555 3311 Cornelio:
1586 3246 1673 3310 Et
1703 3245 2065 3329 religiosum
2123 3294 2784 3311 .......
2879 3246 3008 3311 605

747 3356 831 3422 48
878 3356 1215 3441 Cyprianus
1244 3356 1555 3423 Cornelio:
1586 3358 1739 3443 Legi
1761 3357 2004 3423 litteras
2025 3358 2167 3425 tuas
2191 3358 2234 3422 f.
2257 3377 2308 3423 c.
2335 3376 2486 3441 quas
2509 3376 2617 3441 per
2638 3357 2786 3423 Pri-

1036 3467 1334 3533 mitiuum
1392 3517 1832 3533 .....
1879 3444 1886 3456 “
1923 3518 2787 3535 .........
2880 3472 3006 3537 606

744 3580 833 3647 49
878 3578 1191 3645 Cornelius
1222 3578 1553 3665 Cypriam:
1586 3578 1898 3659 Quantam
1927 3580 2412 3647 sollicitudinem
2444 3630 2458 3646 .
2553 3632 2568 3647 .
2659 3631 2676 3646 .
2771 3634 2786 3647 .
2879 3583 3004 3647 Q

747 3692 834 3758 50
876 3690 1190 3759 Cornelius
1220 3692 1551 3777 Cypriano:
1584 3692 1680 3757 Ne
1711 3693 1862 3775 quid
1891 3694 2097 3759 minus
2125 3741 2789 3758 .......
2879 3694 3004 3760 613

746 3802 827 3869 51
876 3802 1217 3887 Cyprianus
1248 3802 1554 3869 Cornelio:
1585 3806 1670 3869 Et
1700 3804 1897 3888 egisse
1927 3822 2036 3871 nos
2126 3849 2787 3869 .......
2878 3806 3004 3872 614

748 3914 832 3980 52
876 3913 1213 3998 Cyprianus
1244 3914 1552 3981 Cornelio:
1585 3916 1670 3980 Et
1701 3934 1843 3980 cum
1873 3915 2202 3999 diligentia
2236 3963 2786 3981 ......
2881 3918 3004 3983 616

747 4026 834 4093 53
876 4026 1185 4091 Maximus
1214 4024 1501 4091 Vrbanus
1538 4076 1551 4088 .
1580 4076 1593 4089 .
1633 4025 1968 4110 Cypriane·
2001 4026 2168 4093 Certi
2231 4074 2672 4092 .....
2769 4078 2788 4094 .
2877 4030 3004 4096 620

748 4136 834 4203 54
878 4135 1215 4221 Cyprianus
1244 4138 1517 4203 Maximo
1545 4137 1849 4203 Vrbano.
1923 4138 2176 4203 :Lectis
2203 4136 2432 4203 litteris
2551 4188 2564 4201 .
2657 4186 2673 4201 .
2769 4188 2782 4201 .
2877 4142 3000 4205 621

742 4249 829 4315 55
874 4247 1213 4333 Cyprianus
1245 4248 1632 4315 Antoniano:
1664 4186 1893 4331 Accepi
1922 4250 2156 4332 primas
2239 4299 2252 4312 .
2344 4298 2366 4325 .,
2450 4298 2466 4313 .
2555 4297 2570 4313 .
2663 4300 2679 4315 .
2773 4302 2788 4315 .
2879 4253 3002 4317 624

744 4360 829 4427 56
874 4359 1216 4444 Cyprianus
1244 4360 1589 4427 Fortunato
1619 4362 2030 4445 Ahymmo..
2059 4359 2458 4445 :Scripsistis
2487 4360 2646 4425 1111111
2771 4411 2788 4425 .
2879 4363 3002 4429 648

742 4471 827 4535 57
876 4468 1215 4554 Cyprianus
1244 4472 1549 4537 Liberalis
1587 4523 1601 4536 .
1631 4522 1646 4537 .
1674 4522 1688 4535 .
1723 4470 2036 4538 Cornelio:
2069 4472 2503 4538 Statueramus
2557 4522 2574 4537 .
2664 4522 2680 4537 .
2776 4523 2793 4538 .
2881 4474 3008 4541 650
