3217 5150
543 535 675 602 380

546 688 879 744 circumcisio
916 687 1229 746 Iudaeorum
1257 687 1403 740 intra
1427 687 1678 740 octauum

616 757 756 812 diem
812 761 1199 812 sacramentum
1224 757 1282 809 in
1306 755 1521 809 umbra:
1560 755 1679 820 718,

613 827 675 890 33
702 827 820 893 719,
838 827 934 891 243
953 825 1285 880 circumcisio
1304 824 1537 878 carnalis
1555 841 1678 877 eua-

616 899 775 949 cuata
808 895 894 962 45,
930 896 963 950 9
1000 911 1077 964 sq.
1115 893 1378 964 spiritalis
1412 893 1498 958 45,
1534 894 1569 947 9
1595 909 1675 961 sq.

618 963 733 1030 720,
761 965 855 1028 10;
888 964 1009 1028 477,
1035 965 1061 1017 1
1090 979 1168 1034 sq.
1194 963 1258 1016 de
1278 960 1678 1016 circumcisione

615 1031 807 1086 Petrus
826 1049 946 1086 cum
958 1031 1127 1086 Paulo
1138 1031 1464 1101 disceptauit
1478 1031 1595 1096 773,
1609 1030 1675 1083 11

544 1099 925 1222 cirgumueniri
960 1116 1065 1154 non
1093 1101 1285 1154 debere
1308 1100 1530 1154 fratrem
1559 1099 1675 1165 175,

687 1186 712 1223 s
750 1210 763 1224 .

548 1185 768 1292 Circaga
802 1236 990 1308 pocula
1024 1237 1069 1290 A
1110 1237 1229 1303 290,
1266 1236 1332 1291 19

550 1307 721 1360 circus
756 1308 875 1372 673,
913 1306 977 1359 13
1013 1321 1091 1374 sq.

542 1375 741 1430 cirrum
777 1391 883 1430 non
916 1374 1223 1428 habendum
1259 1373 1377 1432 173,
1420 1373 1485 1428 16

542 1443 697 1498 Cirta
728 1445 849 1508 441,
885 1444 920 1498 5
1048 1439 1063 1450 ⁶

544 1511 635 1566 (ΗΒ
670 1513 801 1567 Saul
834 1513 979 1566 filius
1016 1513 1065 1566 A
1103 1512 1220 1578 161,
1258 1510 1322 1564 11

542 1580 785 1636 Oittinus
820 1583 939 1648 766,
977 1582 1045 1635 12

542 1649 737 1704 ciuitas
772 1650 1025 1706 meretrix
1050 1649 1166 1714 196,
1198 1651 1255 1714 1;
1291 1647 1541 1702 ciuitates
1567 1646 1672 1701 soli

608 1719 765 1774 hiatu
801 1719 1086 1774 deuoratae
1120 1718 1239 1784 816,
1275 1716 1345 1770 24

539 1786 732 1842 Clarus
767 1805 800 1842 a
834 1788 1075 1842 Mascula
1106 1787 1227 1846 459,
1261 1785 1295 1839 6

546 1856 945 1911 Clementianus
980 1857 1037 1910 la
1074 1871 1166 1909 sus
1202 1856 1318 1918 648,
1355 1853 1390 1908 9

544 1924 766 1994 Cleopas
802 1925 1007 1980 Christi
1078 1924 1177 1978 isci
1218 1923 1338 1977 ulus
1373 1922 1422 1976 A
1456 1921 1542 1987 81,
1581 1922 1611 1974 1

540 1993 715 2048 clerus
751 1994 925 2048 minor
962 1995 1009 2047 A
1045 1993 1128 2058 82,
1212 2014 1226 2057 ;
1279 1991 1460 2045 clerici
1496 1989 1670 2044 urbici

612 2063 731 2128 592,
768 2062 863 2128 21;
916 2062 1053 2116 clero
1090 2061 1319 2134 proximi
1352 2061 1469 2124 548,
1505 2059 1566 2123 5;
1613 2060 1670 2112 in

608 2130 1037 2185 ordinationibus
1099 2131 1300 2184 clerum
1362 2131 1488 2189 ante
1546 2143 1666 2181 con·

610 2199 744 2253 sulit
796 2199 1093 2268 Cyprianus
1143 2199 1261 2264 547,
1317 2197 1383 2251 15
1418 2215 1445 2250 s
1486 2238 1495 2247 .
1550 2195 1669 2262 548,

612 2269 705 2334 10;
738 2268 856 2333 570,
891 2269 955 2322 17
970 2290 985 2333 ;
1038 2267 1154 2321 sine
1190 2267 1412 2320 consilio
1446 2213 1498 2319 ql

606 2353 865 2461 ἓῖἓεοίιδεῑι
938 2336 1076 2390 lebis
1112 2332 1252 2390 nihil
1278 2351 1436 2405 agere
1472 2335 1670 2388 statuit

714 2449 729 2474 Ι
834 2445 847 2471 ἳ

606 2475 971 2530 municatione
1006 2476 1249 2528 remouet
1283 2473 1402 2538 568,
1429 2473 1525 2536 12;
1562 2471 1666 2526 cle-

1611 532 1816 588 Index

1837 685 2022 741 racbet
2084 686 2350 756 exemplar
2407 687 2454 741 A
2504 688 2620 753 181,
2674 689 2741 742 23
2778 704 2860 770 sq.

1801 703 2120 810 feminarum
2147 757 2540 877 Kropiuquitas
2587 772 2746 826 quam
2783 759 2864 811 sit

1799 824 2096 893 periculosa
2232 825 2349 890 184,
2403 826 2470 879 27
2507 843 2584 894 sq.
2644 829 2727 879 est
2775 827 2860 880 ui-

1801 909 1950 946 scum
1987 895 2278 948 toxaticum
2303 909 2406 962 quo
2426 893 2672 948 diabolus
2696 910 2860 949 aueu-

1835 963 1960 1014 atur
2015 963 2063 1014 A
2121 963 2237 1029 185,
2299 963 2393 1027 13;
2453 963 2858 1032 singularitatis
2913 981 2920 987 ·

1837 1046 1995 1084 onum
2031 1035 2088 1084 et
2121 1030 2240 1084 laus
2275 1034 2324 1084 A
2347 1030 2466 1096 214,
2491 1033 2524 1085 9
2551 1048 2628 1100 sq.
2664 1034 2713 1087 A
2739 1033 2857 1098 177,

1801 1100 1866 1153 17
1897 1115 1976 1168 sq.
2015 1100 2390 1153 examinantur
2425 1099 2733 1154 clericorum
2771 1116 2858 1154 ar-

1799 1170 2055 1291 ῗὲἓθῗῖ
2100 1167 2857 1293 ⁰⁰¹²X¹⁸182³¹²¹1¹¹²¹i¹⁵⁸l⁶⁰i¹8214

1905 1279 1916 1304 2
2055 1254 2080 1289 ⁸
2121 1279 2134 1293 ·
2375 1279 2388 1302 9
2531 1255 2556 1290 Β
2595 1278 2607 1290 ·
2843 1280 2857 1304 9

1797 1305 1892 1370 243
1927 1310 1971 1359 A
2013 1253 2128 1372 1911,
2167 1307 2248 1360 18.
2288 1309 2332 1358 A
2370 1307 2486 1374 193,
2603 1329 2617 1372 ;
2653 1307 2702 1360 A
2737 1307 2856 1372 194,

1796 1375 1858 1440 23
1893 1374 1942 1428 A
1977 1375 2096 1440 210,
2132 1376 2165 1428 6
2203 1390 2279 1442 sq.
2337 1372 2643 1430 abstinetur
2676 1374 2855 1430 diaco-

1793 1459 1898 1567 41]ξὲ
1934 1443 2027 1565 (gili
2064 1459 2186 1497 cum
2220 1442 2425 1497 femina
2459 1459 2616 1513 saepe
2651 1445 2856 1499 mansit

1726 1554 1913 1703 011311‘13021’
1947 1581 2062 1702 ἷξε,
2098 1581 2158 1645 9;
2215 1581 2442 1634 clinicus
2479 1581 2534 1634 in
2573 1581 2855 1651 euangelio

1726 1715 1977 1772 Cloacina
2011 1717 2110 1771 dea
2145 1719 2230 1784 21,
2265 1719 2300 1773 9

1726 1785 1964 1840 Collecta
1999 1788 2116 1852 535,
2154 1788 2222 1841 13

1726 1853 2039 1923 collegium:
2099 1843 2349 1910 conuiuia
2399 1855 2459 1910 in
2511 1854 2737 1926 collegio
2789 1856 2851 1909 et

1724 2008 1782 2044 ω
1786 1924 2191 2046 Ιειοξιιριὶιοτεοῖἱῳ,
2199 1924 2417 2048 ᾖ19ἐὸσ41ἱ
2442 1941 2514 2048 1¹⁴5
2551 1917 2792 1978 sacerdos

1952 2010 2004 2047 m
2123 2009 2198 2046 ns
2227 2009 2248 2046 1
2389 2036 2403 2059 ,

1725 2060 1817 2115 Col
1843 2062 1997 2115 onica
2031 2061 2148 2128 535,
2187 2063 2276 2116 16’

1724 2129 1969 2184 columba
2004 2146 2037 2183 a
2073 2129 2187 2184 Noe
2221 2129 2418 2184 emissa
2453 2129 2502 2182 A
2525 2131 2608 2196 55,
2630 2129 2727 2197 203
2763 2145 2854 2185 co-

1791 2197 2005 2252 lumbae
2041 2197 2327 2282 descriptio
2366 2198 2483 2264 217,
2520 2199 2588 2253 18

1448 2283 1477 2320 c
1500 2265 1577 2318 eri
1614 2269 1669 2318 et
1724 2267 2098 2322 commentarii
2159 2269 2312 2321 missi
2372 2267 2466 2336 qui
2520 2267 2849 2338 cyprianum

1793 2337 2006 2390 Vticam
2039 2336 2384 2406 perducerent
2418 2335 2538 2403 841,
2573 2337 2608 2390 3

935 2405 1079 2459 aium
1104 2403 1423 2459 Diddensem
1460 2420 1491 2456 a
1527 2419 1668 2456 com-
1722 2407 2034 2459 commercia
2068 2421 2188 2459 cum
2225 2405 2384 2459 malis
2415 2404 2692 2474 prohibita
2731 2403 2852 2472 690,

1794 2475 1858 2527 16

548 2545 559 2556 “
607 2543 710 2599 rici
762 2543 847 2599 dei
900 2543 1139 2597 ministri
1174 2542 1293 2608 465,
1328 2543 1363 2597 9
1396 2557 1503 2596 non
1558 2540 1668 2595 nisi
1722 2542 2160 2598 communicatio:
2217 2558 2310 2613 per
2355 2559 2544 2598 manus
2579 2541 2852 2614 impositi-

610 2613 773 2667 altari
832 2615 887 2667 et
946 2611 1222 2667 sacrificiis
1280 2611 1549 2675 deseruire
1608 2614 1666 2663 ct

643 2680 853 2736 recibus
907 2684 1069 2750 atque
1108 2679 1441 2734 orationibus
1479 2694 1666 2734 uacare

646 2751 805 2805 ebent
836 2750 956 2817 465,
995 2750 1061 2804 12
1096 2765 1174 2818 sq.
1210 2766 1315 2803 non
1349 2748 1546 2803 debent
1580 2750 1668 2801 tu-

610 2821 752 2873 tores
809 2820 897 2873 uel
949 2820 1215 2872 curatores
1252 2818 1513 2871 constitui
1546 2816 1669 2880 465,

604 2888 641 2941 9
676 2904 757 2957 sq.
794 2888 889 2957 qui
944 2888 1191 2942 clericum
1228 2888 1461 2940 tutorem
1498 2886 1667 2941 nomi-

608 2956 817 3010 nauerit
870 2956 1188 3010 sacrificium
1278 2971 1333 3008 ro
1386 2955 1500 3009 eius
1549 2954 1665 3007 dor-

606 3025 832 3079 mitione
867 3024 1047 3078 offerri
1084 3040 1190 3077 non
1263 3024 1384 3077 ebet
1414 3023 1535 3089 466,
1574 3022 1667 3088 19;

606 3093 789 3147 clerici
826 3093 895 3147 ad
949 3090 1259 3161 explicanda
1307 3092 1668 3162 impossibilia

608 3162 813 3216 habent
866 3162 1119 3241 spiritum
1173 3165 1415 3216 sanctum
1461 3161 1510 3215 A
1546 3160 1666 3226 206,

607 3232 705 3296 21;
758 3231 887 3285 cleri
946 3232 1241 3299 portionem
1298 3230 1496 3285 infesta
1531 3232 1666 3284 tem·
1729 3270 1748 3297 x

604 3302 1151 3433 {551‘2‘2103}²m⁸2{35:
1172 3299 1667 3449 8ἷέζῖῗέἒὲξὲθὲ

604 3438 863 3507 puniatur
899 3436 946 3491 A
983 3436 1099 3501 182,
1123 3437 1219 3502 24;
1256 3436 1437 3491 clerici
1462 3452 1495 3490 a
1527 3437 1666 3490 diui-

608 3506 755 3560 sione
812 3522 1099 3559 mensurna
1166 3503 1431 3575 prohibiti
1503 3504 1668 3560 donec

609 3575 913 3629 iudicentur
968 3574 1087 3641 571,
1126 3575 1183 3641 13
1241 3573 1373 3627 cleri
1425 3574 1668 3643 sportula

605 3644 725 3709 585,
752 3644 810 3709 13
844 3642 974 3697 cleri
998 3642 1264 3697 ordinatio
1288 3643 1405 3709 579,
1434 3639 1501 3700 17
1529 3643 1664 3707 (uid.

602 3729 659 3766 u.
685 3712 1007 3783 episcopus);
1042 3728 1135 3781 per
1186 3712 1401 3765 clericos
1438 3712 1667 3765 scribere

606 3784 818 3849 oportet
854 3781 1155 3851 episcopum
1181 3780 1299 3845 547,
1327 3782 1419 3846 16;
1455 3782 1575 3845 839,
1602 3782 1668 3845 9;

602 3852 787 3904 contra
823 3848 1043 3904 clericos
1092 3850 1185 3918 qui
1220 3849 1507 3903 mulierum
1544 3865 1666 3903 con-

602 3918 993 3973 tubernalitate
1032 3921 1260 3972 utuntur
1297 3917 1346 3971 A
1383 3919 1499 3983 173,
1525 3918 1559 3971 5
1586 3932 1663 3986 sq.

605 3988 654 4041 A
693 3988 809 4052 177,
868 3988 898 4039 1
935 4003 1012 4056 sq.
1066 3988 1212 4041 inter
1265 3986 1557 4040 masculam
1610 3990 1668 4039 et

605 4055 864 4110 feminam
911 4056 1223 4110 castitatem
1296 4055 1433 4109 erire
1470 4056 1519 4109 A
1547 4055 1662 4121 175,

604 4126 701 4207 20;
734 4126 783 4178 A
818 4124 937 4189 178,
962 4126 1030 4178 26
1054 4141 1130 4194 sq.
1170 4124 1218 4177 si
1277 4124 1505 4194 egitima
1536 4138 1665 4176 uxor

1791 2627 2230 2735 {mazlaum
2243 2612 2517 2751 sipili?
2569 2628 2690 2744 3¹1⁸&
2711 2627 2853 2746 ⁰5¹3}

1792 2750 1909 2816 519,
1944 2750 2006 2814 4;
2041 2750 2159 2815 522,
2198 2751 2289 2815 113
2324 2750 2442 2816 514,
2480 2750 2573 2814 11;
2608 2749 2727 2815 248,
2753 2748 2851 2814 2ος

1789 2818 2005 2872 laxatur
2037 2818 2269 2872 incautis
2296 2820 2704 2873 communicatio
2729 2818 2852 2884 247,

1790 2887 1885 2953 28;
1931 2888 2219 2941 temeraria
2255 2888 2538 2941 festinatio
2573 2888 2849 2955 uitupera-

1787 2958 1881 3009 tur
1904 2956 2022 3021 248,
2047 2956 2142 3021 20;
2178 2957 2297 3023 261,
2319 2956 2413 3018 22;
2447 2957 2564 3022 521,
2602 2956 2695 3021 15;
2729 2954 2851 3021 525,
2909 3014 2928 3022 ,

1788 3026 1823 3079 5
1835 3045 1849 3089 3
1883 3026 2002 3091 562,
2041 3025 2071 3077 7
2087 3046 2101 3090 ;
2152 3025 2270 3089 573,
2305 3025 2367 3090 43
2404 3041 2509 3093 qua
2545 3022 2852 3077 condicione

1789 3092 1955 3163 lapsis
1967 3110 2028 3147 ea
2041 3095 2116 3147 sit
2127 3094 2302 3148 danda
2313 3094 2428 3147 uid.
2443 3093 2581 3174 lapsi
2598 3114 2611 3158 ;
2622 3092 2851 3146 exitiosa

1826 3165 2098 3231 roperatae
2141 3162 2638 3216 communicationis
2683 3176 2850 3214 reme-

1825 3230 1880 3284 ia
1915 3232 2032 3297 262,
2071 3232 2131 3295 83
2165 3233 2284 3297 518,
2318 3234 2376 3297 13
2411 3230 2528 3297 575,
2553 3230 2588 3284 2
2612 3245 2690 3297 sq.
2728 3230 2848 3297 679,

1794 3300 1860 3354 19
1914 3316 1990 3369 sq.
2055 3300 2368 3369 euangelica
2436 3298 2848 3353 communicatio

1789 3368 1904 3422 sola
1938 3371 2058 3422 rata
2092 3370 2210 3435 573,
2239 3369 2304 3423 14
2329 3384 2405 3437 sq.
2434 3367 2847 3422 communicatio

1789 3452 1894 3492 non
1953 3438 2454 3492 communicantium
2514 3437 2674 3491 irrita
2727 3436 2846 3501 261,

1790 3506 1860 3559 24
1893 3523 1970 3575 sq.
2008 3508 2126 3571 682,
2151 3506 2244 3573 22;
2278 3506 2692 3560 communicatio
2726 3520 2846 3559 cum

1793 3576 2062 3629 sacerdote
2115 3577 2390 3646 peccatore
2427 3574 2691 3643 sacrilega
2727 3572 2844 3639 737,

1791 3645 1824 3698 5
1849 3660 1928 3713 sq.
1957 3660 2111 3698 nemo
2148 3659 2181 3698 a
2204 3644 2383 3698 fructu
2411 3659 2453 3697 c.
2479 3645 2536 3697 et
2571 3660 2662 3712 spe
2697 3642 2846 3713 pacis

1790 3712 2044 3767 arcendus
2103 3713 2220 3779 646,
2271 3712 2335 3777 4;
2392 3712 2591 3766 histrio
2645 3728 2677 3765 a
2728 3711 2846 3764 iure

1789 3780 2287 3836 communicationis
2356 3780 2656 3835 reiciendus
2724 3780 2844 3860 467,

1790 3850 1858 3970 18)
1890 3868 1974 3919 sq.
2031 3850 2126 3920 qui
2177 3850 2452 3919 episeopus
2498 3866 2618 3905 cum
2654 3866 2714 3903 eo
2749 3864 2845 3916 qui

1789 3934 1822 3971 a

1788 3988 2263 4042 communicauerit
2309 3988 2497 4041 contra
2550 3988 2656 4040 scri
2693 3988 2845 4039 turae

1787 4058 1998 4178 statuta
2049 4059 2169 4127 agit
2220 4056 2269 4110 A
2305 4056 2422 4123 169,
2470 4056 2530 4121 8;
2585 4057 2648 4111 ui
2687 4096 2698 4107 .
2750 4054 2845 4107 ab·

1787 4142 1812 4177 s
1843 4141 1906 4178 en
1936 4144 1998 4179 us

1941 3920 2112 3974 altero
2206 3918 2687 3972 excommunicatus
2761 3919 2847 3970 est

606 4210 783 4249 uirum
807 4210 962 4247 suum
988 4195 1237 4263 temptat,
1262 4196 1463 4262 quanto
1488 4192 1664 4261 magis
1718 4192 2032 4249 concilium:
2087 4193 2314 4248 coucilia
2363 4192 2670 4261 frequenter
2721 4193 2852 4245 acta

606 4262 707 4317 illa
744 4279 878 4333 quae
936 4262 1129 4317 clerico
1163 4262 1316 4316 nulla
1349 4262 1470 4330 lege
1507 4277 1663 4331 copu-

606 4331 752 4387 latur
787 4336 833 4384 A
872 4333 987 4397 179,
1012 4331 1048 4384 4
1058 4353 1073 4397 ;
1110 4330 1325 4385 etiamsi
1360 4330 1508 4388 nullo
1544 4346 1664 4383 con-

604 4400 795 4455 cubitu
829 4401 1099 4467 miscetur,
1135 4400 1396 4453 desiderio
1431 4399 1662 4453 oblecta-

608 4472 701 4524 tur
760 4469 807 4524 A
870 4468 986 4534 180,
1040 4469 1087 4523 8.
1140 4468 1236 4534 20;
1308 4468 1663 4539 perniciosum

1785 4260 1849 4315 de
1884 4278 2010 4333 paee
2046 4264 2102 4317 la
2141 4264 2216 4316 sis
2254 4260 2429 4316 danda
2453 4262 2570 4325 680,
2598 4262 2692 4326 10;
2727 4261 2844 4327 627,

1786 4331 1878 4397 15;
1915 4334 2032 4399 626,
2070 4332 2100 4385 1
2151 4354 2164 4397 ;
2199 4331 2318 4398 651,
2354 4331 2447 4396 22;
2493 4330 2689 4383 Romae
2725 4330 2846 4395 628,

1782 4398 1844 4464 4;
1878 4402 1938 4455 in
1975 4400 2309 4471 Cappadocia
2353 4400 2471 4464 812,
2508 4398 2602 4464 243
2655 4414 2687 4451 a
2723 4414 2844 4452 con·

1785 4468 1908 4524 cilio
1950 4470 2128 4525 idibus
2165 4469 2305 4522 Mais
2341 4468 2668 4537 Carthagine
2705 4466 2845 4522 eele-
