3217 5150
705 543 788 606 82
1656 537 2019 607 Appendix.

699 697 1037 772 mysterium
1088 697 1222 757 fidei
1273 697 1673 757 intemeratum
1731 697 1956 772 possint
2001 695 2271 770 accipere.
2332 698 2435 756 sed
2484 698 2652 770 enim,
2716 699 2973 760 uirorum

701 800 931 874 optime,
984 801 1284 860 reddamus
1335 803 1392 859 et
1437 800 1837 874 permittamus
1880 800 2193 859 uirtutibus
2234 800 2583 860 caelestibus
2627 801 2781 862 uires
2812 820 2968 875 suas,

697 906 756 963 et
811 899 1131 977 dignationi
1183 903 1410 963 diuinae
1458 903 1777 962 maiestatis
1836 903 2208 963 concedamus
2269 903 2624 976 operationes
2676 906 2967 978 proprias,

697 1008 756 1066 et
786 1006 1183 1080 intellegentes
1213 1009 1486 1080 quantum
1515 1007 1578 1064 in
1608 1023 1677 1065 ea
1708 1007 1789 1065 sit
1842 1005 2283 1066 emolumentum
2333 1006 2582 1066 libenter
2632 1008 2686 1066 61
2716 1008 2964 1081 adquie-

697 1127 938 1170 scamus,
986 1111 1044 1169 et
1089 1109 1224 1169 ideo
1257 1126 1385 1168 cum
1427 1108 1584 1168 salus
1628 1110 1824 1168 nostra
1867 1109 1928 1167 111
1971 1109 2315 1183 baptismate
2346 1109 2605 1182 spiritus,
2654 1113 2805 1184 quod
2835 1112 2965 1185 ple·
2983 1135 3011 1173 ⁵

694 1229 930 1287 rumque
955 1229 1082 1272 cum
1102 1211 1448 1287 baptismate
1472 1212 2047 1286 aquaenconiunctum
2068 1214 2178 1285 est,
2212 1210 2289 1270 sit
2312 1213 2643 1286 constituta,
2675 1212 2963 1287 siquidem

692 1334 794 1392 per
823 1333 924 1375 nos
952 1316 1241 1390 baptisma
1284 1315 1561 1387 tradetur,
1620 1315 1841 1390 integro
1887 1317 1945 1374 et
1986 1314 2339 1375 sollemniter
2370 1317 2429 1375 et
2458 1332 2562 1390 per
2592 1315 2783 1374 omnia
2813 1333 2962 1390 quae

689 1421 904 1494 scripta
933 1423 1066 1480 sunt
1095 1419 1430 1492 adsignetur
1459 1421 1633 1492 atque
1666 1417 1791 1478 sine
1822 1418 1943 1478 ulla
1965 1419 2142 1478 ullius
2164 1417 2248 1478 rei
2273 1418 2631 1492 separatione
2650 1419 2957 1478 tradatur:

689 1527 790 1583 aut
817 1523 869 1583 si
897 1539 932 1581 a
961 1523 1176 1581 minore
1224 1521 1374 1580 clero
1424 1537 1526 1595 per
1567 1521 1967 1581 necessitatem
2012 1521 2291 1580 traditum
2323 1520 2518 1593 fuerit,
2552 1524 2823 1580 euentum
2854 1538 2957 1581 ex-

688 1629 1008 1701 spectemus
1065 1628 1132 1684 ut
1190 1626 1290 1684 aut
1348 1623 1681 1698 suppleatur
1738 1642 1774 1684 a
1822 1624 1988 1685 nobis
2039 1627 2141 1684 aut
2180 1625 2251 1700 [a]
2282 1624 2519 1684 Domino
2570 1625 2955 1698 supplendum
2976 1650 3035 1688 10

685 1731 1039 1790 reseruetur:
1087 1728 1138 1786 si
1167 1743 1303 1787 uero
1333 1729 1406 1786 ab
1436 1726 1642 1786 alienis
1678 1727 1957 1786 traditum
1985 1727 2177 1801 fuerit,
2208 1729 2276 1786 ut
2306 1729 2496 1800 potest
2518 1727 2625 1786 hoc
2654 1729 2955 1802 negotium

685 1835 744 1892 et
772 1833 837 1889 ut
866 1829 1122 1889 admittit
1163 1831 1499 1904 corrigatur,
1553 1831 1688 1905 quia
1732 1831 1975 1904 spiritus
2018 1832 2253 1890 sanctus
2296 1832 2459 1889 extra
2502 1830 2804 1890 ecclesiam
2834 1849 2951 1890 non

685 1935 781 2008 sit,
834 1933 975 2018 fides
1027 1948 1248 2006 quoque
1291 1949 1403 1992 non
1447 1933 1633 1992 solum
1680 1934 1833 2007 apud
1864 1933 2200 2006 haereticos,
2233 1951 2431 1992 uerum
2460 1933 2635 1992 etiam
2664 1935 2818 2007 apud
2848 1951 2949 1994 eos

683 2038 784 2113 qui
832 2038 892 2097 111
945 2037 1252 2097 schismate
1305 2037 1604 2096 constituti
1656 2039 1791 2096 sunt
1841 2055 1983 2096 sana
2032 2053 2159 2096 esse
2210 2054 2323 2096 non
2373 2038 2573 2110 possit,
2621 2037 2947 2111 idcircoque

681 2141 1089 2216 paenitentiam
1141 2140 1445 2214 agentibus
1497 2140 1876 2215 correctisque
1918 2159 2021 2216 per
2060 2142 2377 2202 doctrinam
2428 2142 2695 2202 ueritatis
2738 2144 2798 2202 et
2840 2159 2948 2216 per
2968 2168 3017 2206 15

679 2245 849 2304 fidem
902 2245 1169 2319 ipsorum,
1225 2261 1368 2320 quae
1423 2245 1622 2319 postea
1672 2245 1973 2304 emendata
2017 2247 2106 2304 est
2155 2244 2452 2318 purificato
2504 2245 2669 2304 corde
2724 2260 2941 2315 eorum,

677 2349 1068 2408 tantummodo
1111 2347 1458 2420 baptismate
1502 2347 1751 2420 spiritali
1796 2346 1852 2406 id
1896 2349 1987 2407 est
2030 2363 2232 2407 manus
2278 2346 2639 2422 impositione
2684 2346 2941 2422 episcopi

679 2453 739 2510 et
768 2449 1006 2525 spiritus
1052 2449 1240 2510 sancti
1287 2449 1811 2509 subministratione
1855 2449 2148 2509 subueniri
2178 2451 2400 2510 debeat.
2448 2450 2677 2524 signum
2704 2467 2935 2526 quoque

677 2555 810 2615 fidei
851 2553 1139 2629 integrum
1184 2553 1288 2614 hoc
1327 2553 1490 2613 modo
1522 2555 1580 2613 et
1609 2554 1719 2638 hac
1768 2554 1985 2613 ratione
2016 2552 2167 2613 tradi
2196 2552 2257 2613 in
2288 2553 2529 2614 ecclesia
2555 2554 2759 2615 merito
2791 2571 2933 2615 oon-

678 2659 885 2731 sueuit‚
927 2675 997 2716 116
1039 2656 1322 2717 inuocatio
1363 2656 1608 2717 nominis
1636 2658 1769 2717 Iesu
1799 2674 1942 2730 quae
1974 2658 2188 2717 aboleri
2216 2674 2329 2717 non
2356 2660 2550 2731 potest
2580 2658 2933 2731 contemptui
2954 2680 3011 2721 so

677 2779 712 2820 a
752 2760 917 2821 nobis
960 2760 1224 2820 uideatur
1261 2759 1481 2831 habita,
1530 2760 1679 2833 quod
1722 2760 1919 2833 utique
1958 2777 2071 2819 non
2114 2762 2355 2833 oportet,
2408 2778 2751 2835 quamquam
2792 2760 2936 2820 talis

670 2864 954 2924 inuocatio
971 2910 985 2937 ,
1047 2863 1098 2922 si
1149 2862 1295 2922 nihil
1346 2878 1539 2921 eorum
1590 2876 1735 2935 quae
1786 2862 2221 2921 memorauimus
2274 2866 2533 2923 secutum
2590 2862 2768 2923 fuerit
2783 2909 2797 2937 ,
2858 2866 2934 2923 ab

671 2966 995 3040 operatione
1042 2965 1248 3025 salutis
1292 2967 1482 3025 cesset
1525 2984 1593 3025 ao
1634 2968 1819 3025 uacet.
1868 2965 2089 3024 dicente
2121 2966 2271 3024 enim
2300 2966 2561 3045 apostolo
2591 2984 2768 3027 unum
2796 2984 2935 3027 esse

667 3070 970 3145 baptisma,
1023 3086 1254 3129 necesse
1303 3071 1394 3129 est
1443 3068 1799 3154 inuocatione
1850 3069 2094 3127 nominis
2137 3070 2269 3129 Iesu
2311 3072 2736 3143 perseuerante‚
2792 3072 2934 3144 quia

665 3191 778 3233 non
821 3175 1008 3247 potest
1037 3190 1074 3231 a
1103 3190 1384 3247 quoquam
1430 3172 1722 3231 hominum
1764 3188 1907 3246 quae
1950 3171 2128 3231 semel
2170 3172 2437 3233 inuocata
2478 3175 2569 3233 est
2598 3172 2835 3246 auferri,
2872 3173 2927 3232 si
2948 3194 3005 3235 25

664 3292 790 3337 eam
835 3278 1030 3337 contra
1073 3277 1362 3335 decretum
1400 3274 1783 3348 apostolorum
1830 3276 2119 3349 geminare
2164 3275 2289 3335 ausi
2318 3275 2594 3335 fuerimus
2624 3276 2927 3335 nimietate

663 3379 995 3455 praestandi
1046 3378 1215 3437 immo
1267 3378 1683 3452 superaddendi
1737 3378 2104 3451 baptismatis
2156 3378 2378 3438 studio:
2434 3378 2485 3439 si
2536 3378 2641 3438 ille
2696 3378 2793 3454 1161
2849 3380 2927 3439 ad

663 3484 960 3544 ecclesiam
1011 3483 1326 3543 reuertitur
1375 3482 1520 3542 nolit
1573 3483 1757 3543 denuo
1810 3482 2111 3557 baptizari,
2164 3482 2421 3543 futurum
2462 3486 2552 3544 est
2592 3488 2659 3543 ut
2688 3484 2923 3545 defrau-

663 3587 859 3647 demus
909 3586 1254 3660 baptismate
1307 3585 1557 3661 spiritali
1609 3604 1739 3647 eum
1793 3604 1961 3660 quem
2012 3588 2280 3662 putamus
2325 3586 2775 3647 defraudandum
2807 3605 2923 3648 non

661 3707 786 3751 esse
815 3690 1160 3765 baptismate
1191 3707 1389 3765 aquae.
2946 3714 3001 3755 so

559 3795 637 3853 11
745 3793 892 3864 Quid
933 3796 1123 3852 autem
1165 3795 1382 3853 statues
1421 3793 1484 3852 in
1525 3810 1829 3867 personam
1870 3793 1993 3853 eius
2031 3793 2271 3853 uerbum
2320 3793 2609 3854 audientis
2640 3794 2739 3869 qui
2768 3794 2921 3855 forte

659 3898 1046 3971 adprehensus
1086 3896 1146 3954 in
1187 3895 1412 3956 nomine
1460 3894 1675 3956 Christi
1706 3897 1904 3956 statim
1934 3897 2228 3956 confessus
2260 3915 2329 3958 ac
2358 3897 2693 3972 priusquam
2720 3899 2919 3972 bapti-

659 3994 782 4059 zari‘
824 4017 975 4073 vaqua
1024 4000 1447 4075 permitteretur
1480 4000 1532 4059 ei
1573 4000 1752 4060 fuerit
1800 4000 2055 4074 punitus,
2108 4002 2301 4061 utrum
2351 4001 2571 4075 perisse
2623 4018 2751 4061 eum
2780 4019 2919 4076 pro-

657 4102 948 4163 nuntiabis
989 4103 1123 4177 quia
1163 4121 1276 4163 non
1314 4107 1404 4165 est
1444 4122 1591 4179 aqua
1632 4103 1977 4177 baptizatus,
2032 4121 2105 4163 an
2145 4121 2279 4163 uero
2310 4104 2531 4179 aliquid
2561 4104 2921 4165 extrinsecus

794 4306 824 4358 1
861 4305 1104 4359 uiuorum
1142 4306 1274 4371 cod„
1314 4321 1410 4360 em.
1448 4304 1859 4375 Baluziusffl
1882 4306 1919 4359 4
1953 4306 2025 4375 et]
2063 4308 2126 4360 ut
2161 4306 2283 4377 1359.
2446 4306 2676 4361 libentes
2711 4306 2841 4375 Riy.

658 4390 724 4443 10
759 4405 792 4444 a
825 4390 1027 4446 inclusi
1166 4392 1232 4446 18
1267 4391 1424 4446 debet
1456 4392 1588 4457 fort.
1738 4393 1807 4446 22
1843 4394 2100 4462 secutum]
2142 4396 2413 4449 seruatum
2451 4393 2572 4464 Εἰς.
2713 4393 2801 4447 26·
2819 4397 2921 4449 aut

655 4476 702 4530 si
739 4478 853 4534 eocl.
995 4478 1061 4531 27
1092 4478 1340 4533 studiosi.
1379 4478 1437 4532 Si
1473 4477 1593 4548 Εἰς.
1735 4478 1802 4533 28
1837 4478 2013 4532 noluit
2048 4478 2175 4549 Riy.
