3217 5150
711 530 834 593 180
1649 521 2017 590 Appendix.

707 683 870 759 copia
899 681 1314 743 esculentorum
1343 680 1565 741 animus
1593 680 1850 755 pascitur
1863 728 1878 755 ,
1922 683 1983 741 et
2010 679 2130 739 uini
2160 679 2431 742 odoriferi
2471 680 2593 739 sola
2635 678 2961 752 fragrantia

689 780 936 861 'saepius
965 784 1276 845 suscitatur
1305 784 1547 845 animus.
1581 785 1719 859 quid
1746 802 1848 857 per
1876 784 2207 859 hypocrisin
2236 784 2365 843 uult
2392 783 2466 841 ab
2493 781 2821 842 hominibus
2852 782 2957 840 ab·

707 890 928 949 stinens
958 888 1070 949 dici
1099 890 1159 948 et
1187 888 1248 947 in
1277 890 1492 948 secreto
1522 889 1787 948 carnibus
1816 890 1875 947 et
1903 886 2181 948 ebrietate
2210 886 2499 947 distendi?
2546 886 2761 945 habent
2790 884 2961 945 multi

707 991 942 1053 diuitias
979 1009 1120 1067 quas
1149 991 1270 1051 suis
1300 991 1498 1051 usibus
1539 994 1751 1065 negant
1781 991 1883 1051 sed
1928 1007 2029 1064 pro
2059 989 2369 1065 cupiditate
2412 990 2755 1050 conseruant
2769 1033 2784 1060 ,
2829 988 2963 1061 qui-

704 1097 816 1155 bus
860 1096 910 1155 si
939 1094 1100 1155 nulla
1130 1094 1412 1169 cupiditas
1439 1094 1801 1167 inhaesisset,
1826 1110 1931 1153 nec
1953 1092 2285 1167 cupiditatis
2306 1092 2556 1167 insignia
2576 1091 2958 1167 possiderent.
2980 1110 3003 1147 ⁵

703 1202 766 1259 at
793 1216 926 1259 uero
955 1198 1090 1273 quia
1119 1198 1430 1273 cupiditate
1453 1197 1705 1272 possessi
1732 1199 1897 1270 sunt,
1928 1196 2296 1271 perfruuntur
2325 1196 2510 1256 animo
2542 1195 2693 1270 quod
2712 1212 2823 1255 usu
2846 1211 2963 1255 non

705 1304 967 1376 tangunt.
1027 1301 1113 1361 ita
1140 1302 1192 1361 is
1231 1300 1332 1375 qui
1361 1300 1619 1375 despexit
1660 1300 1947 1360 uinculum
1993 1300 2323 1375 nuptiarum
2338 1344 2353 1372 ,
2408 1301 2466 1357 et
2495 1298 2665 1357 aliter
2693 1297 2963 1358 femineis

703 1404 950 1465 uinculis
980 1404 1299 1479 obligatur:
1341 1402 1602 1477 quamuis
1642 1404 1801 1463 nullo
1832 1403 2133 1463 concubitu
2168 1403 2473 1463 misceatur
2487 1447 2504 1475 ,
2546 1400 2828 1463 desiderio
2872 1406 2960 1461 ta-

700 1524 832 1568 men
861 1505 990 1566 uisu
1019 1506 1314 1580 conloquio
1339 1506 1727 1566 coniunctione
1752 1522 1977 1585 semper
2000 1507 2336 1566 oblectatur.
2366 1523 2499 1565 nam
2530 1505 2581 1564 si
2612 1505 2962 1566 desiderium

701 1609 944 1670 feminae
963 1626 1076 1669 non
1106 1610 1362 1681 haberet,
1393 1626 1701 1683 numquam
1720 1609 1989 1669 feminam
2011 1610 2130 1669 suis
2154 1608 2585 1670 oblectamentis
2606 1610 2957 1670 adsumeret.
2980 1622 3031 1661 ιο

701 1712 872 1773 immo
904 1728 1038 1772 uero
1067 1712 1298 1786 insuper
1325 1712 1468 1771 mihi
1497 1715 1823 1787 suspectum
1852 1712 2124 1787 placitum
2156 1711 2313 1771 dedit
2355 1712 2453 1786 qui
2494 1729 2607 1772 non
2635 1712 2961 1787 legitimam

704 1815 866 1876 duxit
895 1817 954 1875 et
981 1814 1296 1890 legitimam
1323 1814 1642 1875 recusauit:
1676 1814 1790 1875 nisi
1820 1814 1990 1876 fallor
2005 1861 2019 1888 ‚
2052 1816 2113 1873 in
2142 1815 2367 1889 publico
2398 1818 2832 1890 argumentatus
2864 1820 2961 1875 est

703 1918 1028 1978 hominibus
1057 1918 1386 1993 promittere
1417 1918 1793 1981 sanctitatem
1822 1922 1881 1979 et
1926 1920 1985 1977 in
2016 1918 2235 1980 occulto
2280 1920 2404 1979 sine
2448 1936 2617 1979 uxore
2662 1936 2775 1977 non
2808 1936 2957 1979 esse.

704 2022 812 2081 duo
842 2024 1176 2095 argumenta
1203 2020 1458 2081 libidinis
1488 2023 1546 2081 et
1577 2022 1904 2082 sanctitatis
1944 2023 2080 2081 hinc
2110 2024 2169 2082 et
2198 2022 2327 2082 iude
2349 2022 2609 2081 miranda
2628 2023 2784 2094 sunt,
2807 2038 2961 2097 quae

701 2122 941 2197 utraque
971 2124 1214 2185 inuicem
1243 2126 1450 2198 tegunt
1480 2127 1538 2184 et
1565 2128 1807 2199 utraque
1838 2124 2081 2185 inuicem
2108 2126 2373 2201 produnt.
2407 2125 2737 2201 ingeniosus
2768 2143 2957 2185 cunu-
2977 2142 3027 2181 ιε

702 2226 844 2287 chus
873 2230 932 2287 et
960 2228 1227 2287 moechus
1257 2227 1476 2287 inuidet
1502 2228 1616 2288 sibi
1647 2230 1779 2288 dum
1810 2228 2073 2302 consulit,
2122 2232 2181 2289 et
2210 2230 2344 2288 dum
2374 2230 2600 2304 quaerit
2628 2231 2954 2303 utrumque,

701 2332 965 2391 neutrum
995 2331 1148 2404 fecit,
1180 2334 1248 2390 ut
1275 2334 1509 2391 sanctus
1537 2332 1768 2392 minime
1798 2332 2104 2406 deputetur
2134 2334 2233 2406 qui
2260 2351 2377 2395 non
2398 2349 2535 2393 uera
2555 2332 2959 2396 coniunctione

701 2434 1046 2509 perfruatur,
1079 2452 1208 2495 cum
1234 2434 1450 2495 Paulus
1479 2434 1772 2510 apostolus
1802 2436 1983 2495 dicat:
2030 2436 2405 2510 alligatus
2449 2452 2523 2496 es
2567 2436 2823 2497 uxori?
2871 2453 2959 2496 ne

702 2538 1121 2615 quaesieris
1177 2538 1645 2601 solutionem.
1707 2539 2003 2601 solutus
2046 2555 2119 2600 es
2164 2541 2247 2601 ab
2291 2542 2562 2601 uxore?
2608 2555 2693 2600 ne
2735 2557 2955 2616 quae-

699 2643 921 2704 sieris
965 2659 1272 2707 uxorem.
1319 2645 1420 2704 sed
1449 2644 1740 2705 consentio
1772 2660 1885 2704 non
1926 2661 2053 2704 esse
2094 2643 2385 2704 castitatis
2414 2644 2584 2704 huius
2614 2645 2953 2719 pudicitiam
2974 2661 3031 2702 ω

704 2747 1007 2807 uiolatam:
1057 2747 1388 2822 suspiciosis
1417 2750 1610 2808 tamen
1639 2747 1847 2808 malam
1876 2747 2123 2823 porrigit
2152 2747 2362 2807 famam
2404 2750 2463 2807 et
2502 2748 2815 2823 pudicitiae
2844 2749 2956 2810 bo-

701 2866 837 2908 num
887 2849 1104 2909 frustra
1155 2849 1498 2910 intrinsecus
1546 2850 1830 2910 laborioso
1884 2867 2063 2924 agone
2107 2851 2358 2911 custodit
2372 2897 2389 2925 ,
2438 2854 2589 2927 quod
2635 2851 2957 2912 forinsecus

702 2949 878 3010 efficit
907 2950 1190 3025 infamari,
1223 2953 1522 3012 destruens
1550 2951 1945 3028 magisterium
1974 2953 2143 3013 Pauli
2183 2954 2429 3029 apostoli
2458 2955 2817 3030 prouidentia
2844 2973 2951 3031 pa-

701 3052 842 3113 riter
871 3053 1270 3115 et·m0nentis:
1303 3058 1385 3114 ut
1431 3056 1619 3131 quid,
1666 3055 1873 3131 inquit,
1917 3055 2240 3118 libertas
2271 3075 2415 3118 mea
2458 3057 2839 3118 iudicatur
2872 3059 2955 3117 ab

701 3156 1010 3217 infideli
1043 3158 1550 3218 conscientia?
1599 3159 1665 3218 si
1709 3176 1836 3234 ego
1866 3159 2171 3234 gratiae
2214 3160 2607 3236 participo,
2655 3163 2735 3220 ut
2779 3161 2955 3235 quid
2974 3176 3031 3215 πε

701 3260 1177 3334 blasphemor
1235 3279 1363 3337 pro
1418 3279 1492 3323 eo
1549 3265 1749 3337 quod
1812 3265 2107 3338 gratias
2164 3280 2301 3339 ago
2328 3269 2356 3324 ¹?
2425 3264 2587 3339 peius
2640 3267 2732 3324 est
2782 3281 2957 3340 quam

701 3363 960 3426 moechia
1003 3363 1410 3426 continentiam
1440 3367 1645 3427 ducere
1688 3366 2050 3428 criminosam
2090 3371 2150 3427 et
2190 3367 2461 3428 infamem
2502 3367 2691 3428 facere
2732 3368 2957 3428 sancti-

701 3468 966 3530 moniam.
1055 3468 1467 3544 blasphemiam
1518 3470 1733 3545 ingerit
1796 3470 2061 3546 religioni
2122 3489 2291 3546 quam
2366 3471 2543 3532 coluit
2557 3517 2572 3544 ,
2651 3469 2753 3546 qui
2806 3471 2957 3545 quod

841 3670 911 3724 18
943 3669 973 3724 1
1009 3669 1124 3726 Cor.
1163 3670 1213 3736 7,
1249 3669 1331 3724 27.
1537 3671 1607 3727 24
1642 3671 1671 3726 Ι
1706 3670 1826 3727 Cor.
1868 3671 1949 3738 10,
1986 3671 2069 3726 29.

842 3843 873 3894 1
909 3841 1318 3911 esculentorum]
1356 3841 1653 3897 excolenter
1694 3841 1741 3898 0
1976 3841 2264 3911 flagrantia
2306 3843 2352 3898 G
2594 3843 2630 3898 2
2666 3844 2959 3897 suscitatur

705 3928 916 3998 saepius
951 3945 984 3984 v
1235 3922 1473 3982 a'nimum
1508 3929 1576 3984 0¹
1830 3929 1861 3982 7
1898 3929 1947 3981 is
1984 3945 2053 3983 ex
2088 3945 2142 3984 es
2179 3929 2225 3984 C
2255 3945 2323 3982 m.
2360 3933 2398 3984 2
2649 3929 2685 3984 8
2719 3929 2954 3984 uinculis

705 4015 952 4069 femineis
986 4032 1020 4070 v
1327 4015 1396 4069 14
1429 4015 1736 4070 sanctitatis
1772 4017 1829 4069 et
1862 4014 2108 4070 libidinis
2144 4033 2177 4072 v
2475 4015 2541 4070 16
2578 4014 2783 4070 inuidit
2820 4015 2889 4071 Ο·

705 4102 771 4155 17
818 4103 1068 4155 neutrum
1122 4102 1168 4158 G
1196 4117 1239 4156 s.
1277 4103 1311 4156 l.
1346 4118 1416 4157 m.
1451 4105 1489 4156 2
1897 4101 2032 4156 facit
2076 4117 2111 4156 v
2530 4104 2595 4156 ut
2648 4117 2717 4156 ex
2772 4105 2959 4156 utrum

705 4186 750 4242 Ο
781 4203 850 4240 m.
887 4190 924 4242 2
1129 4187 1223 4257 qui
1259 4203 1328 4242 ex
1363 4202 1523 4257 quam
1558 4187 1604 4243 G
1635 4204 1702 4242 m.
1741 4190 1783 4242 2
1996 4188 2067 4244 20
2102 4187 2217 4256 sed]
2254 4186 2349 4242 sed
2384 4203 2547 4257 quero
2584 4187 2631 4244 0
2662 4187 2759 4242 sed
2792 4203 2961 4258 quero

707 4289 830 4344 exp.
867 4289 936 4326 m.
973 4276 1012 4327 2
1319 4273 1388 4330 22
1423 4273 1562 4343 quod
1599 4273 1659 4342 0,
1695 4274 1789 4344 qui
1824 4273 1962 4328 illud
1994 4292 2028 4330 v
2340 4273 2410 4328 23
2445 4273 2679 4344 apostoli
2714 4289 2817 4330 om.
2854 4291 2890 4330 v

703 4359 772 4414 25
809 4374 905 4428 ego
950 4358 1008 4425 G,
1046 4374 1173 4429 ergo
1209 4377 1242 4414 υ
1601 4360 1671 4415 28
1706 4359 2098 4431 blasphemium
2144 4359 2191 4416 O
2546 4360 2710 4416 coluit
2742 4361 2963 4430 scripsi,

703 4447 935 4503 contulit
971 4447 1029 4514 Ο,
1066 4447 1200 4502 colit
1235 4446 1518 4504 Pameziua
