3217 5150
598 534 726 599 234
1546 478 1909 597 Appendix.

497 692 574 749 21
686 692 795 749 Sed
824 707 967 764 quae
995 706 1178 763 poena
1207 693 1401 749 manet
1430 688 1582 760 illos,
1638 689 1735 761 qui
1786 692 1917 764 post
1966 692 2189 749 tantam
2240 688 2527 763 euangelii
2578 688 2762 748 lucem
2792 691 2853 746 et
2938 688 2949 696 '

598 795 862 869 gratiam,
891 797 1093 867 postea
1113 809 1282 866 quam
1295 792 1482 852 ,semel
1511 791 1821 851 illuminati
1844 796 2000 863 sunt,
2034 794 2413 866 gustauerunt
2443 790 2617 849 etiam
2644 791 2853 850 donum

597 896 840 955 caeleste
857 941 871 967 ,
916 899 974 956 et
1015 896 1322 969 participes
1363 894 1502 953 facti
1543 898 1681 954 sunt
1722 895 1963 969 spiritus
2007 894 2227 965 sancti,
2272 896 2650 968 gustauerunt
2678 912 2855 967 aeque

597 1002 804 1059 bonum
839 1000 944 1058 Dei
995 1001 1230 1058 uerbum
1259 1000 1618 1073 uirtutesque
1666 1000 1879 1059 saeculi
1911 998 2158 1071 uenturi,
2212 998 2273 1057 in
2314 998 2497 1057 multa
2538 1000 2713 1072 atque
2742 999 2851 1057 im·-

595 1104 784 1163 mania
843 1104 1078 1163 crimina
1127 1102 1482 1173 relabuntur,
1536 1103 1933 1177 crucifigentes
1988 1101 2360 1176 sibimetipsis
2412 1102 2593 1161 fllium
2634 1102 2740 1159 Dei
2790 1105 2851 1161 et
2870 1126 2893 1161 ε,

594 1208 845 1267 ostentui
875 1208 1191 1266 habentes?
1225 1207 1323 1281 qui
1353 1206 1460 1265 hoc
1489 1208 1626 1265 sunt
1656 1206 1827 1265 etiam
1856 1206 2317 1278 miserabiliores,
2366 1206 2515 1279 quod
2546 1222 2672 1264 cum
2702 1204 2852 1264 tales

595 1312 728 1381 sint,
761 1322 1141 1385 aspernantur
1171 1312 1358 1369 tamen
1389 1308 1771 1383 poenitentiae
1802 1308 2069 1367 salutaris
2102 1308 2433 1380 remedium,
2479 1310 2849 1367 contemnunt

595 1414 892 1473 ecclesiam
919 1416 1238 1473 maternum
1267 1412 1548 1487 gremium
1588 1413 1919 1473 offerentem
1960 1414 2020 1471 et
2059 1413 2133 1472 ad
2176 1412 2443 1471 sanitatis
2471 1410 2847 1470 instauratio-

593 1534 722 1577 nem
801 1517 1156 1577 inuitantem.
1232 1515 1507 1575 eiusmodi
1575 1514 1815 1575 defectio
1888 1517 2159 1590 quantam
2232 1518 2403 1589 putas
2478 1514 2847 1589 ignominiam

593 1621 773 1681 inurit
854 1619 1172 1680 ecclesiae?
1252 1637 1358 1680 nec
1428 1636 1497 1679 ea
1577 1620 1889 1694 ignominia
1956 1637 2071 1680 non
2151 1622 2341 1693 potest
2412 1619 2693 1693 pertinere
2772 1620 2847 1679 ad
2867 1639 2919 1677 ιο

593 1724 882 1810 Christum
940 1723 1034 1797 qui
1092 1726 1182 1782 est
1233 1726 1404 1795 caput
1447 1723 1721 1783 ecclesiae
1772 1726 1831 1783 et
1880 1738 1982 1796 per
2035 1722 2225 1781 omnia
2274 1739 2439 1782 suum
2490 1738 2615 1782 esse
2666 1722 2843 1793 ducit,

591 1827 740 1901 quod
791 1830 880 1886 est
929 1826 1180 1901 corporis
1231 1845 1299 1886 ac
1343 1827 1723 1887 membrorum
1772 1826 1973 1900 ipsius.
2035 1842 2069 1884 e
2118 1826 2362 1897 diuerso,
2409 1829 2622 1899 quanta
2664 1823 2845 1883 totius

589 1930 861 1992 ecclesiae
910 1930 1236 2002 exsultatu,
1301 1948 1428 1990 cum
1488 1931 1587 2005 qui
1638 1930 1838 2004 lapsus
1888 1932 1979 1989 est
2026 1946 2130 2003 per
2194 1928 2600 2002 poenitentiam
2658 1927 2841 1987 eccle-

591 2035 709 2093 siae
739 2033 1177 2093 reconciliatur?
1209 2050 1278 2093 ac
1307 2049 1379 2093 ne
1407 2038 1671 2108 putemus
1701 2034 1809 2093 hoc
1838 2032 2109 2107 gaudium
2138 2032 2291 2107 apud
2318 2048 2423 2092 uos
2446 2034 2669 2091 tantum
2690 2047 2841 2103 esse,

589 2136 890 2197 Dominum
941 2136 1240 2195 audiamus
1281 2138 1342 2195 in
1384 2136 1682 2211 euangelio
1712 2127 1881 2197 κατὰ
1910 2136 2121 2195 Lucam
2144 2136 2499 2211 loquentem:
2530 2135 2637 2193 ita
2681 2134 2841 2193 dico
2859 2158 2909 2195 ιε

587 2240 832 2313 uobis,
880 2242 1064 2314 quod
1109 2241 1452 2315 gaudium
1495 2241 1645 2300 erit
1688 2240 1759 2299 in
1804 2241 2005 2300 caelo
2036 2256 2254 2313 super
2282 2256 2416 2299 uno
2447 2241 2841 2311 peccatore

585 2343 1125 2419 poenitentiam
1184 2346 1478 2418 agente,
1545 2360 1749 2419 quam
1834 2362 2050 2418 super
2120 2342 2531 2417 nonaginta
2590 2359 2839 2403 nouem

586 2448 844 2519 iustis,
913 2447 1034 2521 qui
1079 2464 1216 2507 non
1259 2448 1613 2521 indigent
1656 2448 2137 2521 poenitentia.
2200 2464 2331 2505 nam
2387 2447 2527 2505 haec
2578 2445 2839 2505 clausula

582 2552 711 2612 finit
738 2549 1072 2626 parabolam
1101 2552 1170 2612 de
1199 2554 1450 2626 pastore,
1481 2552 1582 2628 qui
1611 2549 1831 2612 relictis
1859 2551 2174 2625 nonaginta
2202 2568 2405 2613 nouem
2434 2550 2635 2611 ouibus
2665 2568 2835 2612 unam

583 2674 752 2732 quam
783 2674 817 2715 a
846 2672 1021 2731 grege
1051 2657 1415 2716 aberrauerat
1435 2655 1616 2716 multo
1638 2655 1831 2716 labore
1860 2656 2178 2730 quaesitam
2200 2673 2268 2715 ac
2288 2657 2517 2716 tandem
2538 2657 2831 2715 inuentam
2854 2677 2909 2718 re

587 2760 860 2834 imposuit
889 2759 1142 2818 humeris
1174 2761 1297 2819 suis
1327 2763 1386 2819 et
1416 2760 1610 2820 caulae
1641 2759 1910 2819 restituit.
1943 2759 2117 2818 simili
2148 2760 2433 2820 sententia
2474 2762 2689 2821 claudit
2730 2779 2833 2836 pa-

584 2863 840 2922 rabolam
872 2864 941 2922 de
970 2861 1239 2936 muliere,
1271 2880 1414 2937 quae
1442 2865 1769 2923 drachmam
1813 2863 2091 2938 perditam
2136 2864 2451 2924 inuenerat.
2512 2865 2619 2924 ita
2677 2865 2836 2924 dico

583 2962 798 3023 uobis
841 2963 1182 3038 gaudium
1226 2965 1379 3025 erit
1421 2982 1665 3026 coram
1732 2967 2023 3041 angelis
2068 2967 2196 3026 Dei
2239 2984 2459 3042 super
2502 2985 2637 3029 nno
2678 2984 2835 3043 pec·

582 3071 832 3126 catore
875 3068 1410 3140 poenitentiam
1454 3073 1735 3143 agente.
1804 3086 1909 3129 nec
1960 3073 2151 3128 tamen
2181 3070 2288 3129 hoc
2318 3070 2402 3130 sic
2444 3071 2833 3145 accipiendum

581 3173 689 3242 est,
722 3171 886 3244 quasi
909 3171 1026 3231 Deo
1050 3173 1108 3230 et
1132 3172 1253 3232 eius
1279 3172 1501 3247 angelis
1525 3174 1747 3247 gratius
1779 3174 1857 3232 sit
1886 3176 2017 3247 post
2046 3174 2269 3248 lapsum
2299 3173 2485 3234 redire
2527 3174 2599 3233 ad
2648 3175 2829 3247 pieta-
2853 3199 2903 3238 ιε

580 3277 715 3346 tem,
762 3292 932 3348 quam
961 3274 1110 3334 citra
1136 3275 1360 3348 lapsum
1391 3291 1755 3349 perseuerare
1786 3278 1845 3336 in
1874 3277 2229 3336 innocentia:
2296 3278 2399 3337 sed
2428 3278 2713 3351 scriptura
2736 3293 2837 3335 suo

581 3391 734 3437 more
791 3378 1040 3450 loquitur
1109 3379 1416 3438 secundum
1489 3379 1726 3440 affectus
1780 3381 2071 3441 humanos
2085 3426 2100 3455 ,
2160 3381 2305 3440 illud
2378 3382 2649 3440 testatum
2708 3395 2835 3439 esse

579 3480 778 3540 uolens
830 3481 947 3539 Deo
998 3482 1389 3556 gratissimam
1419 3499 1544 3542 esse
1585 3485 1942 3557 peccatorum
1966 3485 2410 3545 conuersionem.
2470 3501 2610 3543 non
2654 3483 2837 3544 enim

577 3585 875 3655 quaerit
919 3587 1217 3646 mortem
1259 3586 1711 3658 peccatoris,
1788 3587 1911 3646 sed
1954 3588 2187 3662 magis
2230 3592 2311 3647 ut
2356 3590 2837 3654 conuertatnr

577 3689 649 3746 et
693 3688 916 3747 uiuat.
2852 3711 2905 3751 ao

478 3800 560 3860 22
665 3791 856 3865 Atque
887 3791 1173 3852 interdum
1201 3793 1422 3866 piorum
1453 3795 1744 3854 hominum
1784 3796 1980 3870 lapsus
2022 3795 2284 3870 quamuis
2335 3813 2595 3859 enormes
2638 3797 2835 3856 diuina

577 3891 1001 3966 dispensatione
1031 3899 1336 3956 uertuntur
1383 3898 1442 3956 in
1496 3912 1777 3957 summum
1820 3899 2094 3958 ecclesiae
2122 3899 2458 3974 profectum.
2518 3901 2603 3960 sic
2630 3899 2827 3974 lapsus

577 3997 669 4052 est
698 3997 1078 4068 apostolorum
1107 3999 1394 4075 princeps,
1427 4001 1511 4060 sio
1539 4002 1759 4062 Paulus
1788 4003 2045 4077 gentium
2075 4003 2287 4076 doctor,
2340 4005 2425 4064 sic
2450 4005 2637 4064 Maria
2662 4003 2833 4077 Hag-

577 4097 796 4170 dalene,
827 4101 1033 4172 quibus
1063 4119 1216 4162 nunc
1247 4104 1486 4164 ecclesia
1515 4105 1820 4179 praecipue
1848 4105 2130 4180 gloriatur
2146 4153 2161 4181 ,
2193 4125 2431 4182 quorum
2474 4107 2671 4182 lapsus
2700 4125 2829 4168 ces-

577 4205 774 4260 serunt
803 4202 864 4260 in
893 4204 1344 4266 stabilimentum
1373 4223 1440 4266 ac
1469 4206 1737 4268 solatium
1767 4210 1965 4268 domus
1989 4210 2113 4270 Dei.
2146 4212 2444 4284 praeterea
2470 4228 2585 4271 non
2602 4210 2710 4270 hic
2740 4211 2829 4270 lo-
2852 4231 2904 4272 ⁸⁵

711 4454 777 4508 15
811 4453 936 4509 Luc.
978 4455 1057 4520 15,
1095 4457 1143 4510 7.
1352 4459 1420 4513 28
1456 4459 1542 4512 ΕΖ.
1582 4461 1666 4524 18,
1703 4461 1786 4516 32.
