3217 5150
662 554 789 618 218
1601 546 1969 618 Appendix.

671 711 899 771 conlata
940 712 1058 781 est,
1104 712 1168 769 ut
1199 711 1465 784 prouidos
1497 726 1607 768 non
1640 709 1706 766 ut
1732 706 2075 781 praecipites
2106 708 2354 777 tueatur,
2408 708 2475 763 ut
2526 706 2654 763 illos
2698 704 2921 763 muniat

665 814 763 887 qui
793 814 1127 872 renuntiant
1157 812 1667 903 inportunitatibus
1700 810 2059 881 delictorum,
2112 826 2225 867 non
2258 825 2355 867 eos
2386 808 2487 882 qui
2517 826 2578 867 se
2608 808 2793 883 magis
2822 808 2913 866 in-

659 916 919 991 portunis
953 916 1177 975 delictis
1209 916 1556 989 inmergant.
1614 915 1807 973 custos
1837 912 2001 971 nobis
2052 913 2223 972 datus
2254 912 2343 969 est
2374 911 2611 985 spiritus
2630 956 2644 984 ,
2706 912 2806 971 sed
2850 914 2915 969 ut

657 1018 943 1079 contraria
975 1019 1395 1078 declinantibus
1425 1016 1755 1077 adsistendo
1788 1015 2109 1085 subueniat‚
2139 1031 2253 1074 non
2282 1018 2351 1074 ut
2384 1014 2671 1073 contraria
2692 1012 2913 1087 eligen-

657 1121 812 1182 tibus
843 1122 1057 1195 faueat,
1090 1140 1196 1182 nec
1227 1124 1291 1181 ut
1319 1119 1678 1180 uoluntarios
1710 1120 1769 1177 et
1798 1136 2005 1192 pronos
2035 1118 2096 1176 in
2126 1117 2369 1177 aduersa
2392 1116 2693 1189 confortet,
2726 1117 2827 1175 sed
2848 1120 2959 1175 uts

657 1226 728 1285 ab
773 1226 1030 1285 aduersis
1076 1226 1327 1284 nitentes
1359 1223 1614 1297 separari
1646 1220 1955 1281 confirmet.
2013 1238 2144 1280 nam
2198 1220 2533 1296 quicumque
2578 1218 2913 1294 perniciosis

660 1328 956 1387 conatibus
984 1330 1157 1387 audet
1187 1343 1444 1387 exercere
1475 1326 1769 1397 uirtutem,
1802 1326 2068 1385 iuuamen
2098 1341 2211 1384 non
2242 1325 2415 1385 habet
2444 1322 2683 1397 spiritus
2708 1322 2912 1394 sancti,

659 1431 757 1505 qui
789 1432 1071 1490 neminem
1103 1430 1229 1489 uult
1259 1431 1580 1489 ultroneum
1634 1428 1819 1487 uirum
1874 1428 2078 1487 fortem
2110 1428 2183 1487 ad
2216 1427 2609 1486 fraudulentas
2640 1426 2915 1485 uictorias

655 1534 926 1593 coartari:
973 1550 1079 1591 nec
1131 1533 1380 1607 protegit
1411 1550 1559 1603 eum,
1615 1531 1752 1606 quin
1804 1532 1973 1590 immo
2027 1532 2130 1590 sed
2162 1531 2395 1602 deserit,
2440 1547 2611 1605 quem
2639 1529 2911 1604 periculis

655 1636 974 1695 inruentem
1003 1652 1105 1709 per
1133 1635 1387 1694 inlicitos
1417 1638 1661 1695 euentus
1692 1634 1987 1711 exquirere
2032 1636 2355 1709 triumphos
2384 1633 2713 1707 agnouerit,·
2762 1632 2985 1692 sicutne

655 1739 776 1815 ipse
808 1740 920 1799 iam
949 1741 1086 1798 tunc
1114 1756 1217 1812 per
1249 1738 1601 1798 Salomonem
1634 1738 1858 1798 locutus
1910 1740 1998 1798 est
2051 1739 2277 1797 dicens:
2340 1755 2442 1797 am
2455 1754 2583 1797 ans
2626 1734 2912 1809 pericu-

657 1843 800 1903 lum
847 1845 915 1903 in
963 1844 1124 1917 ipso
1170 1842 1428 1915 periet.

546 1950 636 2009 43
750 1946 958 2004 Ordine
990 1964 1089 2005 suo
1120 1945 1297 2019 igitur
1326 1964 1444 2006 non
1472 1949 1669 2005 nostro
1722 1944 1962 2003 arbitrio
2014 1945 2203 2004 uirtus
2256 1945 2441 2004 sancti
2472 1945 2707 2017 spiritus
2738 1944 2913 2003 mini-

656 2050 874 2109 stratur
904 2052 962 2107 et
995 2049 1302 2109 secundum
1330 2048 1663 2108 institutum
1696 2049 1817 2108 eius
1850 2049 2069 2123 proelia
2110 2050 2540 2123 prosperantur.
2603 2065 2911 2122 numquam

650 2151 765 2211 nisi
795 2152 1210 2226 praecipitatus
1240 2154 1520 2211 exercitus
1553 2152 1779 2224 cecidit,
1835 2152 1935 2226 qui
1985 2152 2189 2211 auidus
2242 2151 2476 2212 fortiter
2526 2152 2715 2212 facere
2747 2150 2908 2210 ducis
2928 2171 2978 2211 ιε

637 2255 743 2314 uel
773 2254 1138 2327 imperatoris
1168 2256 1258 2315 sui
1288 2256 1691 2329 dispositiones
1724 2254 1979 2329 inrupit:
2039 2254 2219 2315 multo
2265 2255 2449 2329 magis
2488 2254 2908 2329 perperituram

652 2361 848 2433 erogat
879 2358 1292 2429 fortitudinem,
1337 2360 1434 2433 qui
1465 2359 1588 2419 sine
1622 2358 1797 2418 armis
1828 2358 2117 2418 doctrinae
2147 2359 2411 2432 magistri
2452 2358 2693 2433 spiritus
2736 2373 2908 2432 prae-

651 2462 962 2535 sumpserit
993 2462 1366 2536 triumphare,
1423 2480 1548 2523 cum
1579 2463 1762 2522 dicat:
1826 2480 1951 2522 uae
2006 2463 2129 2536 qui
2187 2479 2313 2535 per
2367 2462 2907 2536 praesumptio·

647 2581 806 2625 nem
866 2583 1060 2626 suam
1119 2564 1412 2641 aliquid
1473 2566 1792 2639 faciunt,
1852 2583 1989 2624 non
2048 2583 2178 2640 per
2234 2565 2447 2626 Deum

550 2675 633 2732 44
743 2668 802 2728 Si
862 2686 975 2743 qua
1039 2671 1220 2742 igitur
1276 2671 1338 2728 in
1409 2669 1570 2729 uobis
1640 2673 1729 2729 est
1786 2671 1993 2730 fiducia
2050 2670 2259 2729 uirium
2316 2669 2661 2743 spiritalium
2680 2716 2694 2744 ,
2770 2669 2977 2743 quidm

650 2773 940 2845 spiritales
1027 2775 1225 2832 deceat
1319 2773 1675 2845 recordetur,
1773 2776 1831 2832 et
1916 2775 1967 2832 si
2053 2773 2285 2833 creditis
2375 2791 2479 2833 uos
2568 2772 2910 2847 spiritaliter

647 2873 900 2935 militare
918 2920 932 2947 ,
1023 2873 1318 2949 agnoscite
1402 2877 1551 2949 quod
1636 2877 1896 2936 docemus
1993 2893 2106 2936 non
2188 2893 2313 2935 esse
2396 2877 2655 2950 carnale,
2758 2876 2909 2937 sicut

649 2978 865 3036 Paulus
897 2977 1191 3050 apostolus
1220 2977 1477 3051 loquitur
1506 2977 1734 3039 dicens:
1784 2980 1847 3038 si
1891 2981 2054 3054 quis
2098 2982 2314 3053 putat
2358 2997 2432 3039 se
2475 2981 2907 3055 prophetam

647 3096 807 3140 esse
853 3083 987 3138 aut
1029 3079 1487 3154 spiritalem,
1535 3069 1941 3156 cognoscat
1984 3100 2165 3156 quae
2210 3083 2455 3143 scribo
2498 3082 2727 3143 uobis.
2790 3100 2905 3142 non

645 3186 734 3243 est
786 3185 936 3258 quod
989 3183 1149 3243 uobis
1191 3183 1251 3241 in
1301 3186 1410 3244 hac
1453 3185 1822 3259 persuasione
1866 3187 2193 3260 deceptoria
2222 3185 2614 3258 blandiamini,
2668 3189 2735 3244 ut
2764 3185 2901 3261 quia
2918 3206 2968 3246 25

644 3285 937 3360 spiritales
983 3285 1144 3358 estis,
1191 3286 1386 3346 uelitis
1429 3286 1584 3347 inter
1628 3288 2041 3362 flagitiosorum
2086 3291 2438 3349 armamenta
2482 3289 2723 3362 uersari,
2795 3306 2903 3348 nec

641 3407 746 3450 uos
798 3389 1084 3449 inhabiles
1125 3405 1252 3448 esse
1293 3407 1394 3463 pro
1439 3391 1743 3450 clericatus
1791 3391 2096 3466 dignitate,
2150 3393 2287 3466 quia
2316 3392 2624 3452 maioribus
2654 3392 2901 3454 maiores

641 3496 986 3554 consuerunt
1039 3489 1487 3553 conflictationes
1540 3511 1852 3555 occurrere.
1898 3495 2086 3555 acrius
2120 3495 2399 3554 diuitibus
2427 3513 2596 3569 quam
2624 3496 2902 3571 pauperi-

643 3598 754 3658 bus
799 3597 1093 3658 inuidetur
1134 3600 1192 3656 et
1233 3614 1346 3656 non
1377 3596 1574 3673 inopes
1607 3601 1709 3659 sed
1738 3599 2054 3673 locupletes
2084 3599 2370 3672 inquietat
2400 3595 2695 3659 infestatio
2726 3617 2903 3660 saeua

778 3868 842 3921 11
881 3868 981 3922 Sir.
1017 3867 1068 3934 3,
1105 3868 1190 3922 26.
1399 3869 1465 3922 18
1501 3868 1530 3923 ‘1‘
1553 3865 1582 3920 ⁸?
1792 3869 1925 3923 23·1
1962 3868 2079 3924 Cor.
2120 3869 2202 3934 14,
2238 3869 2322 3924 37.

774 4115 810 4168 4
843 4115 1238 4173 declinantibus
1275 4119 1323 4174 0
1353 4119 1404 4173 cl
1441 4135 1510 4173 ex
1545 4118 1580 4172 d
1615 4136 1683 4174 m.
1724 4124 1765 4174 2
1990 4121 2325 4192 elegentibus
2370 4123 2417 4178 0
2635 4123 2670 4177 5
2705 4123 2895 4178 uolun-

635 4201 777 4254 tario
816 4205 898 4254 set
941 4201 988 4256 0
1192 4205 1226 4257 6
1261 4203 1330 4257 ab
1365 4221 1463 4258 om.
1509 4205 1556 4260 G
1759 4207 1793 4260 9
1828 4223 1949 4262 eum
1994 4209 2055 4272 C,
2091 4209 2250 4261 illum
2284 4226 2318 4263 v
2526 4209 2601 4276 12,
2628 4211 2800 4278 periet
2836 4209 2893 4274 0,

635 4286 834 4356 peribit
869 4304 901 4342 v
1109 4290 1175 4343 16
1209 4291 1594 4360 perperituram
1632 4291 1691 4357 0,
1728 4308 1998 4362 perperam
2034 4310 2067 4348 v
2270 4293 2341 4348 20
2375 4295 2503 4363 quid
2538 4311 2609 4349 ex
2646 4295 2741 4364 qui
2784 4295 2833 4351 G

633 4374 700 4426 21
737 4372 1075 4428 recordemur
1109 4392 1156 4439 v,
1193 4375 1546 4430 recordemini
1582 4377 1869 4433 Pamelius
2084 4379 2151 4432 2⁷
2186 4381 2443 4435 clericatu.
2484 4383 2555 4438 0¹
2782 4399 2894 4436 ma-

633 4458 768 4512 iores
803 4459 1094 4513 maioribus
1131 4477 1162 4514 v
1365 4462 1439 4515 28
1474 4467 1862 4518 consueuerunt
1898 4483 1930 4520 v
2142 4467 2503 4521 conflictiones
2538 4483 2571 4521 υ
