3217 5150
893 542 982 595 De
1014 542 1274 609 duplici
1311 542 1649 609 martyrio
1688 558 1729 595 c.
1768 542 1917 595 5-7.
2150 618 2161 637 „
2406 543 2534 609 225

279 701 529 776 corporis
590 701 825 774 sanguis
885 704 944 760 et
1001 718 1148 775 aqua
1205 700 1463 776 profluit,
1527 704 1592 759 ut
1649 700 2037 761 absolueretur
2094 702 2301 776 triplex
2360 702 2526 761 testi·

281 805 544 865 monium.
642 806 823 863 totum
899 804 1100 862 effudit
1186 804 1448 878 spiritum
1527 806 1594 863 ut
1673 822 1774 863 nos
1855 806 2287 879 respiraremus:
2364 806 2536 879 quid-

280 910 413 985 quid
467 911 592 969 erat
641 908 895 967 humoris
950 908 1118 983 aquei
1170 908 1448 981 reliquum
1465 952 1479 979 ,
1540 908 1821 983 expressit
1870 910 1937 967 ut
1977 926 2080 968 nos
2138 909 2527 969 ablueremur:

280 1012 556 1087 quidquid
612 1012 904 1071 resederat
961 1010 1022 1068 in
1081 1012 1248 1071 corde
1309 1011 1604 1085 sanguinis
1622 1058 1636 1083 ,
1701 1012 1891 1071 emisit
1946 1013 2011 1071 ut
2068 1029 2173 1072 nos
2232 1011 2532 1071 confirma-

237 1134 263 1173 s
277 1131 485 1175 remur.
560 1116 731 1189 atque
794 1113 947 1173 haud
1011 1114 1126 1173 scio
1195 1132 1270 1173 an
1339 1132 1635 1189 perperam
1715 1114 1923 1174 faciam
1993 1116 2137 1175 haec
2202 1116 2317 1175 tria
2386 1117 2537 1175 inter

278 1236 338 1278 se
389 1218 709 1292 conferens,
770 1235 895 1277 cum
939 1217 1058 1275 sint
1117 1235 1290 1276 unum
1333 1235 1447 1277 non
1505 1221 1713 1278 natura
1756 1218 1857 1278 sed
1903 1218 1963 1277 in
2006 1219 2295 1293 mysterio.
2344 1219 2396 1277 si
2425 1237 2539 1293 qua

279 1326 470 1383 tamen
501 1325 591 1381 est
621 1322 908 1397 discretio,
953 1322 1186 1396 sanguis
1215 1322 1276 1379 in
1305 1323 1763 1382 testimoniorum
1806 1323 2025 1383 ratione
2053 1322 2409 1396 'potissimum
2440 1340 2533 1381 ce-

280 1426 556 1498 lebratur,
603 1426 753 1500 quod
782 1426 842 1483 in
874 1426 982 1485 hoc
1025 1425 1312 1499 scriptura
1339 1427 1591 1485 testatur
1639 1443 1763 1485 esse
1794 1426 1972 1485 uitam
2002 1426 2329 1497 animantis,
2377 1428 2434 1483 et
2464 1426 2536 1485 ob
2647 1484 2655 1487 ,

281 1529 341 1587 id
372 1548 408 1589 a
437 1528 580 1587 cibis
625 1528 1068 1589 submonebatur
1110 1527 1296 1588 edicto
1336 1528 1517 1602 legis:
1564 1532 1859 1604 praeterea
1902 1530 2085 1603 magis
2128 1530 2217 1587 est
2247 1528 2537 1602 expositus

215 1648 266 1687 ιο
280 1634 574 1693 hominum
605 1630 784 1691 oculis
815 1632 1050 1706 sanguis
1080 1649 1254 1705 quam
1283 1632 1522 1705 spiritus
1553 1635 1654 1691 aut
1683 1651 1847 1707 aqua.

369 1737 510 1797 Vita
553 1736 801 1810 Domini,
850 1737 947 1811 qui
991 1753 1244 1796 summus
1288 1736 1402 1795 fuit
1445 1740 1663 1811 martyr
1706 1740 1913 1811 quique
1944 1740 2003 1796 et
2032 1737 2197 1795 hodie
2228 1739 2445 1811 pugnat
2474 1739 2532 1795 et
2554 1738 2588 1793 7

280 1840 464 1899 uincit
505 1840 565 1898 in
616 1838 963 1914 martyribus
977 1886 992 1914 ,
1042 1839 1305 1913 plurimis
1350 1839 1464 1897 fuit
1506 1838 1864 1899 offendiculo.
1910 1857 2023 1899 non
2064 1840 2179 1899 iam
2220 1840 2420 1913 loquor
2464 1841 2533 1899 de

281 1943 642 2002 Pharisaeis”
675 1946 734 2001 et
786 1942 1008 2015 scribis,
1057 1943 1200 2015 ipsis
1252 1942 1424 2002 etiam
1475 1945 1734 2017 cognatis
1764 1962 1830 2003 ac
1883 1942 2160 2003 fratribus
2208 1942 2320 2003 fuit
2378 1942 2535 2001 dete-

283 2046 533 2118 stabilis,
581 2063 710 2105 cum
737 2045 990 2105 dicerent
1019 2046 1181 2105 illum
1211 2047 1271 2105 in
1322 2046 1570 2106 furorem
1611 2064 1868 2107 uersum:
1918 2047 2017 2105 sed
2056 2064 2208 2107 mors
2241 2046 2398 2106 illius
2429 2064 2542 2106 non

217 2170 264 2209 ιο
285 2149 470 2212 solum
499 2149 632 2224 piiS,
683 2150 782 2208 sed
812 2148 1003 2221 impiis
1034 2150 1211 2210 etiam
1240 2149 1353 2208 fuit
1383 2150 1759 2223 admirabilis,
1804 2167 1909 2209 nec
1954 2150 2095 2209 alibi
2122 2150 2307 2224 magis
2337 2167 2535 2209 uerum

283 2254 398 2313 fuit
449 2253 599 2327 quod
652 2251 756 2313 Dei
801 2254 1046 2312 uirtus
1092 2253 1167 2311 in
1210 2252 1669 2313 infirmitate
1725 2254 2143 2326 perficitur.
2220 2254 2301 2312 ibi
2356 2254 2542 2313 fracta

287 2362 380 2417 est
427 2360 660 2417 satanae
706 2357 984 2431 tyrannis,
1018 2357 1097 2414 ibi
1145 2357 1358 2416 deuicti
1388 2360 1526 2416 sunt
1552 2357 1744 2431 inferi,
1795 2357 1877 2415 ibi
1908 2357 2319 2431 triumphatum
2350 2360 2439 2416 est
2468 2358 2537 2417 de

293 2461 538 2535 diabole,
594 2460 674 2518 ibi
706 2460 958 2519 deiectus
989 2476 1172 2532 orcus,
1231 2460 1452 2519 caelum
1481 2462 1757 2533 apertum.
1804 2460 2071 2519 nimirum
2100 2459 2207 2518 hoc
2236 2462 2360 2518 erat
2390 2462 2538 2534 quod

291 2564 545 2624 instante
576 2564 776 2624 mortis
815 2565 1068 2638 tempore
1100 2565 1508 2637 deprecabatur
1537 2563 1845 2624 Dominus:
1891 2566 2105 2638 pater
2127 2608 2141 2635 ,
2187 2561 2542 2623 clarifica

215 2669 541 2730 sofilium
606 2671 837 2743 tuum,
908 2672 985 2728 ut
1033 2643 1268 2727 'filius
1327 2671 1496 2726 tuus
1552 2667 1937 2727 clarificet
1978 2671 2071 2726 te.
2148 2666 2283 2740 quid
2315 2666 2537 2727 homine

287 2775 510 2832 mortuo
561 2773 902 2832 contemtius
923 2777 950 2831 ⁴?
998 2773 1129 2846 quis
1178 2771 1328 2831 enim
1358 2771 1452 2830 uel
1483 2771 1781 2832 Caesarem
1810 2773 2093 2830 mortuum
2123 2770 2386 2831 metuat?
2432 2771 2531 2830 sed

285 2875 502 2936 Christi
555 2879 736 2934 morte
791 2876 928 2950 quid
981 2874 1268 2934 efficacius
1283 2879 1310 2934 ⁶?
1364 2875 1554 2934 uelum
1607 2875 1807 2948 templi
1859 2875 2104 2934 scissum
2134 2875 2223 2932 est
2250 2891 2286 2934 a
2314 2891 2532 2933 summo

283 2996 466 3055 usque
509 2979 583 3038 ad
624 2980 819 3051 imum,
873 2982 1026 3038 terra
1054 2996 1330 3038 concussa
1359 2981 1466 3050 est,
1522 2997 1661 3038 saxa
1691 2979 1933 3038 discissa
1961 2981 2115 3052 sunt,
2168 2980 2369 3051 aperta
2396 2981 2532 3038 sunt

283 3085 668 3154 monumenta,
724 3083 1050 3142 reuixerunt
1101 3083 1452 3156 sepultorum
1505 3099 1759 3156 corpora,
1816 3082 1902 3142 sol
1954 3081 2139 3141 medio
2182 3081 2271 3141 die
2316 3082 2532 3142 obtexit

215 3205 266 3246 πε»
287 3187 493 3247 faciem
525 3205 704 3246 suam.
735 3203 1042 3260 numquam
1072 3203 1174 3261 per
1202 3203 1424 3245 omnem
1451 3187 1633 3263 uitam
1660 3187 1847 3260 magis
1879 3185 2191 3246 declarauit
2223 3187 2537 3259 potentiam

285 3308 480 3350 suam:
527 3309 657 3351 mox
710 3289 973 3349 refractis
1025 3291 1288 3350 omnibus
1341 3291 1541 3349 mortis
1595 3290 1888 3364 repagulis
1918 3291 2113 3350 uiuum
2144 3307 2203 3350 se
2234 3290 2533 3362 discipulis

281 3395 562 3454 exhibuit.
609 3393 877 3453 nimirum
929 3396 1036 3453 hoc
1089 3397 1177 3453 est
1230 3394 1428 3452 efficax
1479 3394 1626 3452 illud
1654 3375 2003 3454 sacrosancti
2031 3393 2329 3468 sanguinis
2360 3393 2531 3453 testi-

280 3499 553 3571 monium,
586 3497 686 3571 qui
715 3497 873 3557 solus
902 3497 1092 3570 potuit
1114 3497 1378 3556 dirimere
1403 3498 1725 3570 maceriam,
1759 3515 1903 3572 quae
1927 3496 2106 3555 Deum
2136 3497 2208 3555 ab
2237 3496 2529 3555 hominum

281 3619 490 3676 genere
544 3601 879 3674 separabat:
942 3601 1097 3660 solus
1149 3601 1339 3675 potuit
1384 3601 1553 3661 unica
1592 3600 1772 3660 litura
1800 3600 1991 3680 delere
2021 3602 2204 3659 totum
2232 3597 2377 3658 illud
2407 3599 2528 3658 chi-

206 3727 262 3767 so
282 3706 632 3778 rographum
684 3704 831 3779 quod
884 3707 1008 3764 erat
1059 3706 1259 3763 contra
1304 3721 1428 3777 nos,
1483 3708 1543 3763 et
1573 3708 1807 3764 satanae
1836 3703 1896 3762 in
1927 3704 2148 3762 nesius
2178 3702 2529 3762 uindicabat.

279 3824 464 3881 neque
495 3809 644 3867 enim
674 3807 908 3882 sanguis
938 3808 1221 3867 hircorum
1252 3811 1353 3868 aut
1381 3808 1693 3868 uitulorum
1720 3807 1911 3881 potuit
1952 3807 2177 3866 abolere
2206 3807 2530 3880 peccatum:

277 3913 513 3972 umbrae
564 3915 728 3971 erant
781 3912 884 3970 illa
936 3915 994 3970 et
1044 3912 1168 3986 typi
1221 3911 1558 3972 futurorum.
1621 3928 1725 3971 nec
1777 3911 1963 3976 ullius,
2000 3911 2245 3970 hominis
2296 3910 2531 3985 sanguis

277 4017 506 4090 poterat
560 4015 762 4075 tollere
814 4017 1108 4089 peccatum
1150 4016 1349 4075 mundi
1390 4020 1619 4090 praeter
1661 4015 1816 4075 unici
1844 4014 2001 4074 illius
2030 4014 2168 4088 agni
2196 4015 2530 4089 sanguinem

278 4117 374 4179 cui
415 4119 672 4192 baptista
721 4118 925 4177 tribuit
964 4118 1353 4178 testimonium
1395 4119 1620 4180 dicens:
1668 4135 1831 4178 ecce
1875 4135 2107 4192 agnus
2154 4118 2308 4190 Dei,
2377 4134 2540 4177 ecce

205 4222 402 4296 aqui
449 4222 664 4281 tollit
709 4225 1008 4296 peccata
1049 4222 1309 4281 mundi.

419 4477 485 4530 16
521 4477 582 4530 11
620 4477 736 4531 Cor.
777 4477 857 4538 12,
893 4477 942 4530 9.
1153 4475 1217 4529 19
1253 4475 1329 4530 Ιο.
1373 4475 1452 4538 17,
1494 4478 1539 4529 1.
1750 4477 1817 4532 34
1850 4477 1925 4532 Io.
1966 4479 2014 4542 1,
2049 4479 2131 4532 29.
2169 4479 2253 4532 36.

485 4583 566 4629 111
597 4584 640 4628 A
2047 4571 2123 4629 15
