3217 5150
66 1089 101 1108 Ὦ

2287 522 2477 568 Lxxv

230 659 502 724 Badium
534 660 637 744 (cf.
666 657 1019 725 Schoenem.
1053 659 1094 724 l.
1122 678 1172 724 c.
1195 678 1254 742 p.
1285 658 1457 743 111),
1488 660 1595 724 sed
1628 678 1698 724 ea
1726 659 1900 724 nulla
1931 607 2050 724 est.
2075 658 2307 740 prodiit
2337 643 2481 722 uero
2576 672 2724 714 Editio

2517 742 2787 786 parisiensis

2562 825 2603 855 8..
2626 815 2739 854 1500.

230 771 446 837 eodem
477 787 633 836 anno
666 770 857 836 editio
887 769 1205 835 rarissima
1234 771 1409 835 cuius
1434 771 1754 854 inscriptio
1776 770 1928 836 haee
1951 773 2076 836 est:
2110 769 2158 834 Ι
2160 771 2484 836 llustrium

228 885 521 946 uirorum
562 882 863 964 opuscula
890 881 1061 946 Diui
1091 881 1441 948 Athanasii
1480 887 1699 949 contra
1729 884 2001 948 Arrium
2043 883 2375 949 hereticum
2411 884 2485 950 de

236 994 547 1058 homousio
593 993 1007 1058 subtilissima
1048 1013 1254 1060 coram
1291 993 1486 1075 probo
1530 994 1736 1059 iudi-ee
1774 994 1999 1077 yentili
2040 999 2516 1078 controuersia.-

240 1105 409 1170 Dim·
460 1105 731 1186 Didymi
782 1126 825 1170 a
874 1105 1024 1171 diuo
1082 1105 1436 1188 hieronymo
1486 1105 1810 1172 translata
1860 1107 1934 1172 de
1984 1107 2220 1188 spiritu
2271 1111 2488 1172 sancto

233 1219 427 1299 eiusq.
448 1236 743 1299 processu
772 1221 896 1298 atq.
927 1217 1263 1298 equalitate
1291 1218 1654 1298 disputatio.
1687 1218 1943 1284 Aurelii
1973 1218 2330 1284 Cass-iodori
2359 1223 2482 1300 atq.

236 1331 499 1395 alterius
551 1351 681 1395 non
714 1329 1049 1412 penitendi
1098 1329 1383 1395 author-is
1426 1330 1499 1395 de
1540 1331 1768 1396 anima
1813 1331 2120 1396 rationali
2153 1331 2487 1413 profunda

232 1443 509 1510 rimatio,
540 1441 978 1508 Plurimorum
998 1442 1488 1524 protestantium
1511 1443 1800 1506 uirorum
1821 1443 2224 1508 diuersarum
2246 1441 2488 1507 arti-um

233 1555 636 1643 aryutissiqnc
679 1575 788 1620 nec
830 1555 1048 1620 minus
1090 1554 1251 1620 scitu
1292 1553 1479 1638 diyne
1520 1554 1932 1638 definitiones.
1978 1553 2145 1619 Diui
2185 1554 2488 1636 cypriani

237 1666 419 1730 aurei
468 1666 543 1731 de
594 1667 1030 1732 cardinalibus
1078 1649 1209 1750 xpi
1244 1666 1527 1747 operibus
1582 1685 1888 1732 sermones
1939 1685 2080 1732 cum
2134 1666 2249 1732 ina.
2302 1667 2484 1749 impr.

236 1779 478 1862 typogr.
512 1795 561 1844 c.
588 1778 713 1844 litt.
741 1779 825 1843 IP
851 1781 913 1844 et
937 1800 1099 1846 nom.
1126 1778 1400 1844 IEHAN
1420 1778 1692 1857 PETIT,
1724 1778 1790 1844 in
1821 1780 2023 1846 calce:
2074 1777 2489 1843 Venundatur

237 1909 280 1953 a
303 1889 588 1954 Iohanne
612 1910 819 1972 paruo
836 1890 1192 1973 parrhisiis
1214 1893 1285 1954 in
1308 1891 1554 1975 reqione
1575 1891 1718 1956 diui
1740 1890 1951 1956 Iacobi
1973 1892 2045 1954 in
2071 1889 2237 1955 leone
2266 1911 2490 1975 arqen-

238 2007 345 2067 te0.
399 2003 700 2085 praefatio
724 2003 833 2078 ‘uel
862 2003 1310 2070 commendatio
1336 2004 1542 2086 operis
1578 2003 1894 2085 Cypriani
1924 2002 2152 2068 Beneti
2181 1987 2489 2068 Albelden

239 2117 413 2178 sacri
421 2114 892 2194 predicatorum
914 2114 1160 2180 ordinis
1182 2116 1411 2198 scripta
1433 2117 1527 2180 est
1554 2116 1640 2180 ad
1652 2114 2221 2195 prudentissimum
2245 2119 2300 2178 et
2323 2117 2491 2180 iuris

240 2225 773 2291 consultissimum
798 2226 1115 2292 Simonem
1144 2225 1387 2290 Radin.
1421 2227 1783 2309 opuseulum
1807 2226 2066 2292 Amoldi
2098 2225 2489 2293 Carnotensis

240 2339 509 2403 Abbatis
540 2339 931 2405 Bonaeuallis
962 2337 1061 2402 De
1089 2337 1529 2403 cardinalibus
1557 2337 1804 2404 Christi
1828 2338 2114 2418 operibus
2145 2337 2232 2402 ad
2252 2337 2492 2402 Adria-

244 2471 401 2516 num
440 2471 700 2532 papam,
746 2469 865 2532 quo
897 2448 1186 2534 Cypriani
1214 2450 1459 2514 nomine
1489 2451 1871 2527 uenderetur‚
1913 2450 2029 2514 hac
2059 2449 2488 2532 inscriptione:

246 2561 415 2629 Diui
448 2561 765 2645 Cypriani
798 2547 1227 2647 Carthayinen
1266 2565 1539 2644 episcopi
1575 2561 1662 2627 ad
1691 2562 1777 2627 di.
1814 2561 2172 2629 Cornelium
2199 2547 2386 2644 papa
2415 2561 2492 2627 de

253 2674 710 2741 Cardinalibus
748 2676 1038 2756 operibus
1076 2658 1201 2757 (ιῇἶῖ
1230 2696 1362 2758 usq.
1404 2676 1491 2741 ad
1520 2678 1655 2741 eius
1685 2674 2125 2757 ascensumsad
2149 2678 2398 2755 patrem
2426 2677 2490 2740 et

242 2786 619 2869 praefatione
666 2786 763 2853 De
808 2787 1013 2853 titulis
1054 2792 1110 2853 et
1154 2787 1515 2853 nominibus
1569 2786 1810 2875 (Solent
1861 2790 2091 2851 matres
2141 2785 2490 2869 infantulis

245 2919 449 2980 nuper
471 2898 655 2963 editis
671 2901 837 2978 ete),
868 2918 1055 2981 quam
1088 2898 1349 2967 callidus
1372 2900 1554 2965 homo
1581 2918 1654 2963 ex
1677 2917 1786 2965 suo
1811 2899 2080 2977 addidit,
2107 2898 2488 2964 instructum

245 3015 358 3077 est.
407 3013 471 3078 in
518 3013 679 3077 ealce
722 3011 872 3077 libri
918 3011 1181 3097 legitur:
1236 3011 1578 3093 Reliquum
1621 3016 1708 3077 est
1751 3012 1952 3094 iqitur
1990 3015 2060 3075 ut
2101 3010 2187 3075 iis
2230 3010 2340 3091 qui
2385 3011 2490 3077 hec

234 3145 529 3205 peperere
565 3125 742 3209 yrati
780 3124 991 3188 animi
1029 3123 1557 3207 siqnificationem
1584 3122 1874 3206 feceritis.
1917 3123 2119 3204 Atque
2147 3123 2299 3189 adeo
2319 3110 2492 3206 ipri-

244 3237 367 3300 mis
398 3224 840 3318 pstantissimo
880 3236 1023 3301 uiro
1064 3220 1196 3301 dnb‘
1218 3236 1465 3302 Simoni
1496 3234 1722 3299 Radin
1765 3237 1875 3317 qui
1914 3235 2018 3300 hec
2055 3237 2182 3300 situ
2213 3238 2385 3301 uicta
2415 3239 2492 3301 in
2548 3307 2552 3312 ,

248 3348 443 3413 lucem
472 3349 713 3413 edenda
743 3349 1011 3414 curauit.
1046 3348 1294 3414 Deinde
1323 3347 1648 3431 Cypriano
1668 3348 1898 3413 Beneti
1928 3350 2037 3428 qui
2066 3348 2494 3431 castiyatri-ces

247 3480 474 3525 manus
514 3462 827 3541 apposuit.
873 3460 1038 3525 Tum
1073 3460 1347 3525 iohanni
1374 3480 1584 3543 paruo
1615 3460 2093 3543 bibliopolarum
2121 3460 2348 3541 optimo
2378 3461 2490 3541 qui

242 3591 355 3637 suo
398 3592 495 3637 ere
545 3572 970 3653 imprimenda
1015 3572 1305 3638 tradidit.
1360 3572 1491 3637 Nec
1536 3573 1755 3637 minus
1796 3573 1858 3636 d.
1899 3572 2194 3655 Andreae
2234 3572 2492 3638 Bocard

242 3684 651 3767 calcoyrapho
691 3684 1087 3749 solertissimo
1126 3686 1237 3765 qui
1278 3689 1412 3748 tam
1452 3689 1607 3750 terse
1638 3689 1693 3749 et
1721 3684 1808 3747 ad
1849 3684 2150 3749 amussim
2195 3686 2492 3767 castiyate

243 3796 617 3878 compressit.
660 3796 765 3859 Ad
795 3800 1091 3876 quartum
1128 3796 1443 3861 Calendas
1473 3796 1687 3861 Iul-ias
1716 3796 1910 3861 Anno
1949 3795 2280 3860 millesimo
2308 3798 2493 3877 quin-
2522 3776 2530 3791 ⁸

236 3908 588 3991 ycntesimo.
650 3906 785 3972 Deo
842 3909 924 3972 sit
984 3908 1127 3972 laus
1185 3913 1239 3971 et
1295 3907 1520 3990 yloria.
1584 3907 1844 3973 Arnoldi
1903 3909 2268 3991 opusculum
2329 3910 2494 3975 inter

246 4019 538 4103 Cypriani
590 4038 774 4103 opera
826 4021 1097 4103 genuina
1141 4022 1456 4103 receptum
1502 4022 1597 4085 est
1640 4020 1908 4085 editione
1957 4039 2114 4102 quae
2155 4022 2250 4086 est
2289 4024 2494 4087 aetate
2514 4055 2660 4099 mmo
2689 4055 2820 4096 nm-

244 4134 524 4213 proxima
555 4132 892 4218 Parisiensi
924 4137 979 4196 zi.
1013 4134 1197 4211 1512,
1230 4133 1405 4197 cuius
1435 4132 1756 4214 inscriptio
1787 4131 1935 4198 haee
1965 4134 2088 4205 est:
2122 4132 2499 4199 Beatissimi
2557 4126 2770 4169 ”stim-

248 4242 510 4309 Caecilii
549 4242 862 4326 Cypriani
896 4242 1525 4325 Carthayiniensium
1554 4220 1854 4329 presulis,
1897 4244 2167 4307 oratoris
2205 4244 2497 4325 uerbique

236 4358 457 4422 diuini
488 4358 785 4445 preconis
821 4355 1341 4437 eloquentissimi:
1382 4377 1455 4421 ae
1485 4357 1648 4437 trini
1677 4356 1986 4437 uniusque
2015 4356 2115 4421 dei
2136 4356 2496 4437 proclama-

228 4474 393 4536 toris
432 4473 960 4539 uehementissimi
986 4492 1219 4553 opera
1250 4470 1398 4536 hinc
1430 4470 1579 4537 inde
1607 4474 1870 4555 recepta,
1912 4475 1968 4535 et
1997 4471 2070 4535 in
2100 4492 2301 4539 unum
2331 4472 2496 4554 uiyi-
