3217 5150
710 530 794 594 53
1658 521 2022 588 Appendix.

709 679 1088 742 saecularium
1116 680 1436 754 principum
1465 680 1574 740 hoc
1603 678 1883 739 inuictum
1912 680 2207 752 haberent,
2238 679 2388 753 quod
2420 680 2481 738 et
2508 695 2623 740 non
2644 680 2981 736 metuerunt

710 785 967 859 exemplo
996 783 1133 842 boni
1179 783 1428 857 pastoris
1478 782 1725 844 animam
1756 799 1919 842 suam
1948 784 2195 855 tradere,
2226 781 2567 856 sanguinem
2598 779 2837 839 fundere
2866 795 2979 839 nec

711 885 890 946 ullam
919 885 1260 946 insanientis
1289 885 1522 960 tyranni
1551 885 1853 944 saeuitiam
1884 901 2166 945 recusare.

653 990 690 1048 ⁷
796 989 943 1049 Ecce
984 1005 1152 1062 quam
1195 987 1492 1062 gloriosoS,
1545 1005 1715 1060 quam
1746 986 1985 1046 Domino
2036 1003 2200 1046 caros
2230 985 2583 1046 schismatici
2612 986 2713 1044 isti
2763 985 2983 1059 ligna

711 1093 996 1152 faenum
1049 1093 1400 1166 stipulam
1441 1092 1733 1166 appellare
1773 1107 1887 1150 non
1930 1091 2225 1150 dubitant:
2270 1107 2509 1164 quorum
2550 1106 2716 1164 pares
2746 1089 2855 1148 hoc
2884 1091 3021 1149 ests

709 1195 772 1254 in
823 1195 1016 1255 eodem
1066 1195 1302 1254 crimine
1354 1195 1550 1269 lapsus
1597 1194 1690 1253 sui
1720 1195 1907 1253 adhuc
1950 1210 2131 1268 usque
2162 1195 2505 1254 constitutos
2534 1209 2638 1254 nec
2666 1194 2743 1252 ad
2770 1195 2977 1266 paeni-

709 1299 950 1358 tentiam
1001 1297 1386 1358 admittendos
1438 1313 1563 1356 esse
1613 1300 1986 1369 praesumunt
2014 1314 2084 1357 ex
2111 1297 2217 1356 illa
2248 1296 2477 1356 Domini
2506 1295 2975 1371 pronuntiatione

711 1400 810 1474 qui
870 1399 988 1460 ait:
1056 1400 1174 1474 qui
1241 1415 1336 1458 me
1402 1398 1799 1472 negauerit
1860 1416 2103 1458 coram
2168 1399 2616 1470 hominibus,
2682 1399 2975 1473 negabo

709 1521 856 1564 eum
901 1520 1131 1563 coram
1175 1505 1381 1576 patre
1411 1518 1558 1563 meo
1588 1502 1707 1576 qui
1738 1502 1954 1562 estin
1982 1502 2236 1563 caelis.
2280 1519 2383 1578 pro
2413 1502 2574 1562 dolor
2602 1501 2743 1576 quid
2770 1503 2978 1562 contra

710 1607 992 1667 dominica
1021 1606 1242 1665 statuta
1270 1605 1639 1676 contendunt,
1688 1609 1754 1664 ut
1794 1621 1863 1664 ea
1902 1621 2048 1678 quae
2078 1605 2343 1664 Christus
2372 1604 2570 1664 iudicii
2598 1605 2689 1664 sui
2718 1607 2978 1678 tempore
2996 1625 3047 1664 ιο

709 1709 789 1769 sit
817 1712 1050 1769 acturus
1099 1708 1244 1767 haec
1289 1725 1439 1768 nunc
1489 1708 1669 1782 stirps
1718 1707 2029 1768 Nouatiani
2070 1707 2257 1782 patris
2286 1709 2377 1767 sui
2404 1706 2619 1766 diaboli
2648 1706 2976 1780 exemplum

710 1813 892 1872 secuti
923 1811 1107 1888 [nunc]
1138 1826 1398 1872 exercere
1439 1814 1715 1871 conentur
1744 1811 1967 1871 dicente
1998 1810 2312 1886 scriptura:
2342 1811 2517 1870 mihi
2544 1810 2667 1870 uin
2680 1810 2717 1869 d
2732 1809 2795 1868 ic
2808 1812 2976 1882 tam,

705 1917 778 1974 et
819 1932 947 1989 ego
991 1916 1417 1988 retribuam,
1464 1916 1648 1977 dicit
1690 1915 2055 1975 Dominus.

650 2017 688 2076 8
792 2016 1278 2092 Respondebimus
1306 2019 1390 2078 eis
1420 2022 1481 2078 et
1509 2020 1579 2077 ad
1614 2019 1783 2078 istam
1813 2018 2331 2093 pronuntiationem
2361 2018 2588 2078 Domini
2618 2034 2791 2092 quam
2818 2017 2975 2076 male

705 2119 1052 2194 intellegunt
1094 2124 1155 2180 et
1197 2122 1346 2181 male
1391 2122 1500 2181 sibi
1566 2122 2037 2196 interpretantur.
2106 2123 2253 2197 quod
2308 2122 2460 2182 enim
2524 2122 2636 2179 ait:
2696 2120 2826 2196 qui
2870 2136 2973 2180 me
2992 2145 3039 2184 ιε

705 2223 1097 2296 negauerit
1139 2241 1380 2284 coram
1424 2225 1871 2298 hominibus,
1918 2227 1989 2283 et
2032 2241 2162 2299 ego
2206 2225 2491 2299 negabo
2536 2241 2691 2284 eum
2734 2240 2973 2284 coram

708 2329 918 2399 patre
961 2343 1107 2387 meo
1152 2329 1276 2401 qui
1319 2330 1432 2386 est
1475 2328 1551 2387 in
1594 2327 1864 2400 caelis,
1928 2327 2129 2402 utique
2190 2327 2373 2386 futuri
2428 2326 2697 2401 temporis
2742 2325 2971 2407 signifi·-

709 2429 855 2489 catio
900 2433 1008 2502 est,
1052 2447 1162 2504 quo
1208 2433 1458 2505 tempore
1501 2431 1740 2503 incipiet
1780 2430 2055 2490 Dominus
2099 2433 2318 2490 secreta
2360 2430 2651 2490 hominum
2694 2429 2970 2502 iudicare,

707 2551 818 2609 quo
861 2537 1116 2610 tempore
1158 2533 1433 2596 tribunali
1479 2533 1697 2594 Christi
1742 2549 1937 2595 omnes
1980 2551 2085 2597 nos
2128 2537 2353 2609 oportet
2380 2535 2630 2607 adstare,
2677 2551 2789 2609 qno
2818 2537 2969 2593 tem-

705 2654 840 2711 pore
883 2637 1052 2699 multi
1097 2638 1371 2713 incipient
1421 2638 1640 2699 dicere:
1708 2639 2005 2699 Domine
2049 2638 2377 2711 Domine,
2442 2655 2677 2699 nonne
2720 2639 2793 2697 in
2838 2640 3041 2697 tuoeo

699 2741 980 2802 nomine
1045 2742 1649 2817 prophetanimus
1695 2746 1766 2801 et
1808 2742 1881 2801 in
1923 2745 2045 2801 tuo
2100 2741 2385 2802 nomine
2430 2740 2809 2801 daemonia
2852 2757 2965 2799 ex-

549 2895 556 2903 .
619 2908 626 2913 ,
699 2844 1084 2919 clusimus,
1153 2849 1224 2905 et
1265 2845 1339 2903 in
1381 2848 1504 2905 tuo
1550 2846 1842 2905 nomine
1886 2845 2222 2905 uirtutes
2284 2845 2557 2905 multas
2600 2843 2963 2905 fecimus?

700 2949 762 3005 et
802 2948 940 3007 tnnc
983 2948 1215 3007 audient
1245 2964 1440 3007 uocem
1483 2946 1711 3008 Domini
1756 2948 2027 3008 dicentis:
2076 2948 2446 3008 discedite
2488 2965 2525 3007 a
2566 2966 2670 3008 me
2714 2964 2965 3007 omnes

699 3048 822 3121 qui
867 3052 1154 3123 operati
1209 3051 1398 3111 estis
1443 3050 1953 3125 iniquitatem,
2016 3069 2155 3114 non
2208 3052 2382 3111 noui
2436 3069 2583 3112 uos.
2650 3050 2733 3109 ibi
2776 3050 2962 3109 adim-

698 3151 951 3224 plebitur
992 3154 1142 3227 quod
1193 3152 1308 3212 ait:
1377 3155 1654 3228 negabo
1698 3158 1771 3213 et
1814 3171 1949 3229 ego
1994 3154 2191 3215 illos.
2259 3172 2401 3229 quos
2462 3158 2653 3214 autem
2720 3154 3033 3215 marimens

699 3255 936 3328 negabit
1001 3255 1277 3315 Dominus
1345 3257 1608 3316 Christus
1628 3302 1642 3330 ,
1710 3256 1825 3317 nisi
1888 3274 1993 3318 uos
2058 3274 2251 3319 omnes
2318 3258 2635 3318 haereticos
2690 3261 2751 3318 et
2802 3257 2961 3319 schi-

699 3359 968 3417 smaticos
1025 3362 1083 3418 et
1137 3358 1383 3419 nominis
1443 3360 1536 3419 sui
1589 3360 1807 3421 alienos
1820 3364 1849 3419 ⁶?
1916 3359 2017 3435 qui
2082 3362 2231 3421 enim
2276 3360 2580 3435 aliquando
2646 3360 2965 3421 Christiani

835 3566 872 3619 4
907 3566 972 3619 cf.
1009 3566 1038 3619 I
1075 3567 1190 3623 Cor.
1227 3567 1279 3631 3,
1315 3568 1399 3621 12.
1663 3569 1698 3623 8
1731 3568 1929 3623 Matth.
1972 3569 2053 3635 10,
2088 3569 2173 3623 33.
2447 3568 2515 3623 12
2548 3568 2713 3622 Hebr.
2750 3568 2835 3633 10,
2870 3568 2959 3623 30.

698 3651 770 3707 20
803 3652 1004 3706 Matth.
1043 3653 1091 3716 7,
1126 3652 1211 3707 22.
1249 3653 1334 3712 23.
1535 3654 1604 3707 23
1639 3655 1720 3711 Io.
1757 3655 1806 3723 6,
1844 3656 1929 3710 68.

837 3843 868 3894 1
903 3842 1142 3895 inuitum
1179 3840 1246 3895 K
1498 3858 1604 3897 non
1640 3843 1963 3913 metuerunt]
2003 3847 2310 3898 meruerunt
2346 3843 2413 3897 K
2668 3844 2797 3913 2Ket
2832 3860 2955 3899 san·

699 3928 916 3997 guinem
952 3943 986 3982 v
1189 3928 1308 3997 nec]
1345 3930 1401 3981 et
1435 3927 1502 3981 K
1698 3928 1734 3982 3
1768 3929 2010 3983 insaniae
2045 3929 2242 3983 mentis
2277 3928 2344 3982 K
2541 3929 2576 3984 6
2610 3930 2791 3998 lapsos
2826 3930 2891 3983 K

701 4012 731 4065 7
768 4012 1030 4080 presumit
1064 4012 1124 4063 K
1349 4014 1384 4067 8
1419 4014 1512 4083 qui
1546 4013 1623 4079 K,
1662 4030 1770 4083 qua
1802 4032 1837 4070 v
2066 4015 2100 4068 9
2132 4014 2191 4069 in
2226 4015 2387 4069 caelis
2422 4018 2509 4069 est
2538 4032 2573 4070 v
2802 4016 2953 4087 quid]

696 4098 790 4168 qui
823 4098 888 4151 K
1089 4099 1158 4153 10
1191 4101 1402 4153 statuta
1437 4100 1511 4166 K,
1547 4102 1829 4171 praccepta
1862 4116 1896 4155 v
2101 4100 2379 4155 contendit
2412 4100 2479 4155 K
2680 4101 2744 4155 11
2782 4118 2955 4155 exem·

697 4184 850 4253 plum
886 4184 1089 4240 diaboli
1125 4188 1310 4240 secuta
1341 4202 1375 4241 v
1605 4188 1674 4241 12
1706 4202 1847 4241 nunc
1884 4202 1985 4242 om.
2020 4202 2053 4241 v
2280 4190 2501 4242 conetur
2532 4205 2567 4243 v
2798 4188 2867 4241 14
2902 4189 2953 4243 ei

699 4271 755 4323 et
787 4270 866 4336 K,
901 4270 977 4324 eis
1011 4286 1044 4325 v
1250 4272 1317 4326 15
1351 4272 1677 4342 intellegant
1710 4289 1745 4327 v
1950 4272 2369 4342 interpretentur
2402 4290 2435 4328 v
2642 4274 2707 4327 17
2744 4275 2804 4328 in
2839 4290 2957 4329 cae-

695 4354 768 4409 lis
803 4357 886 4409 est
921 4374 956 4412 v
1183 4358 1252 4411 20
1286 4358 1553 4426 incipiunt
1586 4358 1647 4409 K
1866 4358 1938 4414 21
1974 4360 2189 4413 nomine
2222 4362 2319 4413 tuo
2355 4375 2389 4414 v
2612 4360 2682 4415 23
2715 4362 2847 4415 tunc
2880 4360 2957 4428 K,

696 4444 878 4496 tamen
913 4460 945 4497 v
1150 4444 1216 4496 27
1253 4443 1459 4497 nomini
1495 4443 1560 4497 K
