3217 5150
1380 546 1712 602 Carmina.
2068 613 2077 620 ,
2533 544 2660 610 305

796 709 1041 783 Tempus
1074 708 1222 766 enim
1256 709 1441 765 mutat
1469 707 1640 776 mala,
1672 705 1883 779 digerit
1914 705 2103 798 omnia
2135 709 2380 780 tempus.

804 812 961 871 Tune
995 812 1172 884 igitur
1202 827 1329 870 eum
1358 813 1415 868 te
1446 810 1709 870 consulta
1735 805 2023 867 reduxerit
2052 810 2230 882 aetas,

801 915 971 974 Disce
1000 915 1117 974 Deo
1150 929 1379 973 seruare
1410 914 1594 984 fidem,
1627 929 1698 971 ne
1731 911 1878 971 forte
1907 911 1998 970 bis
2029 928 2200 970 unum

798 1019 1064 1078 Incurras
1092 1017 1337 1092 lapsum,
1370 1017 1505 1091 quia
1532 1033 1664 1075 uere
1695 1015 1904 1074 dieitur
1932 1013 2107 1074 illud:

674 1121 763 1179 80
806 1121 915 1190 Qui
944 1121 1105 1194 pedis
1136 1120 1337 1179 offensi
1367 1119 1614 1192 lapidem
1645 1119 1830 1181 uitare
1861 1119 2101 1179 seeundo

800 1224 1001 1283 Nescit
1031 1226 1089 1283 et
1118 1225 1379 1283 incautus
1406 1223 1614 1282 iterum
1646 1222 1938 1282 uexauerit
1967 1226 2146 1293 artua

800 1327 1051 1401 Imputet
1080 1327 1203 1400 ipse
1234 1326 1345 1386 sibi
1376 1343 1479 1385 nee
1506 1327 1735 1385 casibus
1761 1325 2004 1399 imputet
2031 1325 2190 1384 ullis.

800 1429 1031 1503 Corrige
1062 1429 1331 1488 delictum
1360 1429 1646 1501 fidamine,
1677 1430 1896 1503 corrige
1926 1431 2190 1488 mentem.

798 1532 1031 1592 Suffeeit
1058 1549 1288 1607 peecare
1319 1532 1511 1606 semel,
1546 1533 1756 1593 desiste
1787 1532 1999 1592 uereri:

816 1633 946 1694 Non
978 1635 1088 1695 erit
1116 1636 1177 1694 in
1208 1635 1373 1709 eulpa
1400 1652 1565 1710 quem
1592 1636 1848 1718 paenitet
1875 1639 2006 1696 ante
2034 1635 2233 1696 fuisse.

1222 2193 1287 2254 V.
1342 2192 1442 2252 DE
1487 2194 1804 2256 PASCHA.

796 2399 913 2484 Est
940 2425 1098 2485 loeus
1130 2442 1197 2484 ex
1227 2427 1379 2486 omni
1408 2427 1627 2486 medius
1656 2442 1822 2501 quem
1853 2426 2136 2485 eredimus
2165 2427 2318 2499 orbe,

792 2526 1071 2605 Golgotha
1100 2529 1300 2589 Iudaei
1330 2529 1514 2604 patrio
1544 2528 1875 2605 cognomine
1907 2528 2132 2589 dieunt:

795 2633 907 2691 Hie
937 2650 1041 2707 ego
1073 2635 1141 2693 de
1174 2633 1361 2693 sterili
1392 2632 1675 2693 succisum
1703 2633 1900 2692 robore
1930 2632 2150 2706 lignum

797 2736 1130 2795 Plantatum
1161 2736 1391 2795 memini
1421 2735 1642 2797 fruetus
1670 2736 1936 2810 genuisse
1967 2735 2258 2795 salubres:

714 2836 759 2901 5
800 2838 925 2897 Non
958 2842 1147 2899 tamen
1174 2840 1285 2899 hos
1313 2839 1431 2898 illis
1462 2839 1561 2913 qui
1590 2856 1652 2898 se
1682 2855 1920 2913 posuere
1952 2838 2138 2899 coloni

793 2942 1085 3013 Praebuit,
1118 2943 1337 3027 externi
1368 2942 1589 3001 fruetus
1618 2944 1868 3002 habuere
1899 2943 2114 3002 beatos

792 3044 1031 3105 Arboris
1062 3046 1202 3105 haee
1231 3046 1479 3125 species:
1511 3064 1623 3106 uno
1655 3047 1722 3105 de
1753 3045 1950 3120 stipite
1979 3046 2165 3121 surgit

792 3149 869 3207 Et
902 3167 1029 3207 mox
1059 3148 1121 3207 in
1150 3149 1406 3222 geminos
1438 3143 1694 3209 extendit
1723 3149 1958 3209 brachia
1985 3167 2191 3222 ramore,

791 3253 949 3311 Sicut
978 3252 1148 3325 plena
1178 3270 1383 3327 graues
1414 3256 1712 3313 antemnae
1743 3253 1980 3313 carbasa
2009 3254 2253 3313 tendunt

668 3354 748 3412 10
791 3354 898 3413 Vel
928 3373 1055 3414 cum
1086 3355 1387 3415 disiunctis
1432 3357 1568 3430 iuga
1597 3360 1734 3417 sunt
1761 3357 1833 3415 ab
1861 3358 2049 3416 aratro
2080 3357 2352 3418 iuuencis.

712 3500 747 3554 ,Ζ
806 3458 982 3527 Quem
1012 3459 1147 3517 tulit
1176 3460 1283 3519 hoc
1313 3459 1495 3533 primo
1524 3462 1744 3520 maturo
1775 3460 2000 3525 semine}
2015 3460 2240 3533 lapsum

739 3606 747 3615 .
796 3560 1065 3635 Concepit
1096 3562 1298 3624 tellus:
1345 3580 1471 3623 mox
1502 3562 1637 3623 hine
1666 3564 1952 3639 (mirabile
1983 3558 2166 3645 dictu)

556 3863 763 3933 Incipit
808 3864 1067 3935 hymnum
1103 3866 1167 3921 de
1202 3867 1396 3934 pascha
1430 3868 1515 3933 M,
1562 3867 1766 3937 Incipit
1810 3867 1876 3922 de
1920 3868 2118 3936 paseha
2153 3866 2224 3933 Ε,
2271 3868 2352 3921 De
2385 3882 2536 3922 eruce
2569 3868 2660 3922 do-

416 3952 553 4005 mini
588 3952 679 4007 uel
711 3952 776 4007 de
810 3952 961 4022 ligno
994 3952 1141 4007 uitae
1178 3955 1339 4008 inser.
1378 3972 1425 4009 v.
1465 3986 1529 3993 —
1570 3956 1598 4007 1
1637 3954 1870 4009 medium
1905 3974 1938 4011 v
2078 3953 2359 4024 eredimus]
2399 3956 2658 4009 cernimus

426 4038 726 4093 Fabricius
952 4039 987 4093 3
1023 4040 1203 4093 stereli
1238 4041 1310 4103 Ε,
1346 4040 1545 4095 sterilis
1578 4042 1654 4096 M
1879 4042 2142 4095 sueciam
2175 4042 2354 4097 Aldu-s
2387 4042 2484 4111 qui
2514 4042 2662 4095 inter

414 4126 569 4179 Poet.
609 4128 790 4181 christ.
816 4142 985 4194 opera
1008 4144 1056 4179 a.
1086 4130 1218 4181 1501
1250 4129 1463 4195 primus
1496 4129 1593 4182 hoc
1617 4145 1838 4182 carmen
1871 4128 2058 4191 edidit,
2093 4128 2292 4183 succiso
2315 4128 2431 4193 Ev3
2455 4142 2656 4181 sucees-

426 4226 513 4264 sor
548 4210 703 4266 obore
740 4213 949 4281 lignum
987 4214 1063 4267 Μ
1196 4214 1248 4267 4
1283 4214 1548 4282 gemuisse
1580 4215 1654 4268 Μ
1805 4216 1839 4269 5
1871 4216 1970 4269 hoo
2005 4216 2087 4280 Μ,
2122 4215 2212 4269 hic
2245 4215 2306 4269 E
2449 4213 2660 4269 colonos

430 4296 569 4361 ΕΜ,
604 4298 803 4353 colonis
838 4300 1017 4353 Aldus
1256 4300 1285 4353 7
1322 4300 1601 4355 arboribus
1637 4303 1712 4355 Μ
1941 4305 1976 4355 8
2009 4314 2188 4355 ramus
2221 4302 2283 4353 M
2530 4300 2565 4354 9
2598 4315 2662 4354 ae

417 4383 560 4437 sicut
598 4384 661 4437 Ε
861 4387 1043 4454 grauis
1076 4386 1139 4439 E
1340 4390 1601 4441 antennae
1635 4378 1694 4441 v*
1886 4389 1953 4442 10
1986 4391 2110 4442 sunt
2145 4389 2213 4443 ad
2249 4390 2428 4442 arati-a
2457 4386 2655 4452 Aldus,

427 4472 579 4525 stant
612 4471 680 4525 ad
716 4472 894 4525 aratra
926 4471 1223 4527 Fabricius
1532 4475 1597 4526 11
1633 4490 1790 4542 quem
1825 4474 2022 4539 Aldus,
2068 4490 2170 4543 quo
2205 4475 2350 4541 EM,
2381 4473 2523 4543 quod
2557 4491 2590 4528 v

612 4578 771 4627 Am
2165 4568 2250 4627 20
