3217 5150
663 538 792 605 244
1609 534 1975 611 Appendi‘x.

664 696 855 756 cedem
891 698 1188 771 apostatae
1218 694 1368 755 feret
1383 739 1397 767 ,
1451 694 1714 771 quisquis
1744 697 1855 755 hoc
1884 694 2075 754 animo
2106 694 2275 765 uiuit,
2329 695 2395 753 ut
2426 692 2717 753 Christum
2746 708 2931 769 nega-

665 801 833 859 turus
864 798 961 872 sit,
992 799 1043 859 si
1073 799 1294 859 iactura
1323 798 1598 858 bonorum
1628 801 1733 858 aut
1769 798 2029 873 corporis
2060 797 2343 858 cruciatus
2375 798 2477 856 aut
2519 812 2672 856 mors
2718 794 2799 855 sit
2828 812 2931 855 ac—

667 902 950 977 cipienda.
985 901 1084 975 qui
1113 902 1184 962 ob
1213 900 1514 977 paululum
1541 901 1816 977 pecuniae
1846 900 2065 975 peierat
2094 917 2169 960 an
2200 900 2251 959 is
2294 898 2588 959 uerebitur
2630 900 2917 975 abnegare

665 1005 970 1078 Christum,
998 1005 1047 1064 si
1071 1007 1197 1065 tota
1217 1021 1310 1064 res
1333 1004 1709 1080 periclitetur,
1736 1003 1787 1065 si
1810 1004 2124 1065 intentetur
2144 1002 2401 1075 infamia,
2425 1018 2617 1063 carcer
2636 1004 2699 1063 et
2721 1017 2874 1062 mors
2894 1004 2925 1062 ἰ)

663 1109 762 1184 qui
792 1111 864 1169 ob
892 1107 1226 1169 febriculam
1255 1108 1328 1168 ad
1358 1108 1803 1168 incantatricum
1830 1107 2086 1169 remedia
2114 1106 2376 1182 confugit
2404 1124 2479 1167 an
2508 1106 2561 1167 is
2591 1104 2758 1165 malit
2786 1121 2917 1165 cru-
2944 1126 2973 1166 s

660 1212 849 1271 ciatus
879 1215 1060 1273 morte
1087 1211 1376 1273 tristiores
1405 1211 1661 1287 perferre
1714 1227 1886 1284 quam
1916 1209 2143 1271 Christo
2174 1208 2503 1270 renuntiare
2517 1213 2546 1269 ⁴?
2592 1208 2765 1269 immo
2822 1206 2923 1282 qui

659 1316 869 1377 totiens
899 1315 972 1375 ob
1000 1315 1235 1375 breuem
1266 1314 1454 1375 carnis
1484 1313 2042 1387 delectatiunculam,
2075 1313 2147 1373 ob
2174 1316 2627 1374 momentaneam
2672 1311 2918 1387 gloriam

663 1419 852 1479 deficit
881 1437 916 1477 a
945 1418 1192 1491 Christo,
1223 1418 1404 1477 uitam
1433 1414 1672 1478 habebit
1701 1416 1874 1477 uilem
1903 1433 2007 1492 pro
2030 1416 2302 1477 Christo?
2334 1432 2439 1477 nec
2456 1416 2615 1475 hunc
2638 1418 2919 1491 tyramus

657 1522 794 1583 fecit
824 1524 1166 1597 apostatam,
1199 1520 1300 1582 sed
1327 1520 1401 1580 ad
1429 1524 1737 1597 tyrannum
1764 1521 2006 1581 accessit
2034 1522 2319 1594 apostata.
2364 1521 2432 1579 ut
2460 1521 2654 1579 autem
2699 1520 2791 1578 est
2834 1518 2917 1577 si-

655 1625 811 1687 milis
841 1626 1099 1685 certandi
1127 1626 1274 1685 ratio
1291 1669 1306 1697 ,
1338 1624 1422 1684 ita
1449 1624 1653 1685 iisdem
1676 1624 1852 1684 armis
1874 1623 2119 1684 fratrum
2140 1622 2319 1683 animi
2340 1620 2754 1683 communiendi
2778 1623 2912 1681 sunt
2934 1640 2987 1680 ιο

659 1731 730 1789 ad
762 1730 868 1789 has
915 1744 1137 1803 pugnas
1166 1727 1374 1803 quibus
1405 1727 1759 1789 ostendimus
1802 1726 2219 1787 confirmandos
2252 1728 2325 1787 ad
2354 1725 2709 1803 martyrium.
2772 1724 2915 1785 fides

657 1836 766 1906 est,
797 1848 941 1907 quae
961 1834 1185 1908 pugnat
1212 1833 1272 1892 et
1299 1810 1533 1907 superat
1562 1830 1625 1890 in
1652 1832 2009 1917 martyribus
2023 1842 2057 1891 ι·
2092 1847 2197 1891 nec
2247 1830 2551 1906 quisquam
2604 1828 2819 1889 defecit
2852 1829 2912 1889 in

657 1934 956 1997 tormentis
985 1935 1100 1997 nisi
1127 1934 1262 1996 fidei
1291 1934 1535 1997 defectu.

553 2036 636 2095 36
743 2035 1000 2099 Orandus
1030 2038 1212 2113 igitur
1241 2037 1472 2099 assidue
1500 2038 1678 2113 Deus,
1730 2041 1796 2099 ut
1838 2038 2007 2099 fidem
2038 2038 2100 2097 in
2120 2037 2292 2119 nobis
2322 2038 2563 2112 augeat:
2620 2040 2711 2097 est
2762 2036 2910 2095 enim

656 2141 764 2201 Dei
794 2142 1002 2202 donum
1031 2145 1091 2202 et
1118 2142 1208 2201 illi
1238 2143 1476 2203 debetur
1505 2143 1693 2203 omnis
1735 2141 2007 2203 uictoriae
2052 2142 2257 2216 gloria.
2302 2141 2633 2215 ingeramus
2676 2138 2907 2198 illorum
2926 2160 2975 2199 ιε

655 2244 862 2305 animis
892 2248 952 2305 et
979 2244 1304 2321 infigamus,
1356 2264 1528 2321 quam
1579 2246 1921 2306 horrendum
1956 2232 2195 2306 'crimen
2240 2244 2319 2305 sit
2347 2244 2532 2304 omnis
2562 2242 2909 2315 idololatria,

654 2365 823 2424 quam
853 2366 1048 2409 seuere
1077 2348 1282 2424 punita
1310 2348 1388 2409 sit
1417 2367 1452 2410 a
1477 2348 1595 2410 Deo
1626 2351 1731 2409 sub
1759 2348 1889 2425 lege
1934 2352 2146 2423 uetere,
2193 2351 2331 2423 quot
2374 2346 2558 2407 millia
2602 2344 2912 2406 trucidarit

651 2452 878 2529 Moyses
907 2451 980 2512 ob
1009 2452 1256 2513 uitulum
1287 2468 1537 2513 aureum.
1571 2453 1775 2513 deinde
1804 2455 2155 2529 proponatur
2185 2451 2535 2527 comparatio
2564 2448 2908 2509 manifestae

652 2554 1009 2617 idololatriae
1040 2574 1168 2619 cum
1200 2556 1526 2619 immolatur
1555 2556 1879 2620 simulacris
1922 2560 1981 2618 et
2010 2556 2266 2618 occultae
2298 2574 2425 2618 cum
2471 2556 2757 2618 contemto
2787 2553 2905 2616 Deo

657 2659 921 2729 obeditur
949 2677 1053 2737 per
1094 2661 1610 2736 concupiscentiam
1662 2665 1917 2725 satanae.
1978 2660 2179 2722 deinde
2230 2661 2595 2722 conferantur
2644 2661 2797 2720 inter
2848 2673 2907 2718 se
2924 2681 2975 2720 πο

649 2762 806 2822 Deus
836 2762 965 2824 fons
992 2762 1174 2824 omnis
1202 2764 1338 2824 boni
1366 2766 1426 2823 et
1456 2764 1716 2824 diabolus
1746 2765 1929 2826 omnis
1958 2765 2213 2825 malitiae
2241 2765 2526 2841 princeps.
2574 2763 2909 2824 ostendatur

651 2869 713 2924 et
743 2866 1122 2941 inaequalitas
1167 2867 1553 2927 contubernii:
1614 2869 1675 2928 in
1704 2868 1889 2928 altera
1938 2871 2102 2944 parte
2142 2871 2278 2928 sunt
2326 2867 2433 2927 filii
2462 2867 2590 2942 Dei,
2642 2865 2907 2928 conciues

652 2969 986 3043 angelorum
1017 2972 1078 3028 et
1106 2969 1343 3030 heredes
1387 2971 1592 3032 beatae
1645 2969 2131 3032 immortalitatis:
2191 2971 2251 3030 in
2304 2971 2489 3032 altera
2538 2970 2647 3029 filii
2697 2969 2905 3044 Belial,

651 3073 894 3133 societas
926 3072 1176 3133 omnium
1205 3075 1537 3135 daemonum
1569 3079 1629 3137 et
1651 3076 1891 3137 heredes
1920 3076 2233 3150 gehennae.
2280 3073 2603 3136 conferatur
2633 3076 2693 3135 et
2722 3075 2907 3149 impar

649 3174 890 3234 militiae
921 3193 1101 3250 genus
1115 3220 1131 3248 ,
1184 3180 1582 3252 comparentur
1611 3179 1839 3239 diuersa
1870 3178 2175 3256 stipendia.
2227 3179 2371 3240 haec
2414 3177 2467 3238 si
2494 3177 2657 3252 prius
2686 3177 2901 3237 fuerint
2920 3195 2969 3236 25

647 3295 921 3354 persuasa
949 3282 1009 3339 et
1037 3279 1260 3341 intimis
1289 3279 1464 3340 infixa
1492 3281 1811 3342 uisceribus
1830 3325 1845 3354 ,
1898 3281 2089 3341 facilis
2114 3281 2227 3341 erit
2276 3280 2539 3340 uictoria.
2584 3297 2733 3341 nunc
2764 3279 2904 3340 fides

647 3382 847 3442 multis
876 3385 1044 3443 natat
1069 3384 1131 3442 in
1160 3383 1352 3458 labiis,
1385 3401 1513 3444 cum
1535 3385 1596 3444 in
1628 3386 1793 3446 corde
1822 3388 1924 3446 aut
1950 3385 2111 3445 nulla
2140 3384 2219 3444 sit
2248 3388 2349 3445 aut
2378 3384 2744 3444 uehementer
2772 3383 2905 3444 lan·

647 3489 838 3562 gueat.
871 3486 1000 3562 quis
1022 3487 1174 3547 enim
1203 3505 1316 3548 non
1335 3488 1653 3564 profitetur,
1685 3489 1837 3564 quod
1858 3490 1919 3549 in
1942 3489 2379 3580 Deuteronomio
2403 3487 2681 3564 legimffl:
2714 3504 2797 3547 au
2812 3487 2902 3560 di,

645 3589 991 3650 Dominus
1033 3591 1224 3652 Deus
1283 3595 1470 3666 tuus,
1518 3591 1865 3654 Dominus
1908 3609 2089 3654 unus
2145 3595 2301 3652 est?
2369 3595 2459 3653 et:
2529 3590 2902 3652 Dominum

643 3692 868 3754 Deum
910 3696 1110 3754 tuum
1154 3695 1531 3770 adorabis,
1577 3700 1648 3758 et
1691 3697 1815 3757 illi
1858 3697 2002 3758 soli
2047 3693 2388 3758 seruies?
2453 3696 2581 3770 quis
2610 3712 2727 3756 non
2756 3711 2965 3770 quo-³0

645 3797 786 3857 tidie
838 3799 1044 3858 recitat
1071 3814 1168 3858 ore
1227 3793 1413 3861 ‘credo
1444 3799 1506 3858 in
1534 3800 1713 3860 Deum
1746 3803 1971 3874 patrem
1999 3796 2483 3875 omnipotentem:
2538 3801 2601 3860 at
2628 3815 2745 3860 non
2774 3814 2895 3857 cre-

644 3899 730 3959 dit
758 3901 819 3959 in
848 3897 1030 3961 Deum
1064 3901 1162 3976 qui
1191 3901 1252 3961 in
1281 3919 1348 3963 eo
1381 3903 1503 3964 solo
1533 3903 1777 3964 collocat
1799 3903 1979 3964 totius
2002 3903 2301 3965 felicitatis
2320 3901 2763 3977 suae-fiduciam,
2794 3917 2898 3962 nec

641 4019 817 4062 unum
845 4003 1020 4064 babet
1048 4004 1230 4065 Deum
1243 4023 1328 4066 vac
1356 4006 1661 4066 Dominum
1699 4006 1800 4082 qui
1827 4025 1931 4081 per
1960 4007 2380 4081 scortationem,
2436 4022 2537 4082 per
2586 4005 2785 4065 luxum
2836 4000 2901 4066 et

642 4105 944 4166 auaritiam
975 4110 1207 4168 satanae
1238 4108 1378 4170 facit
1406 4109 1709 4184 imperata,
1734 4125 1838 4170 nec
1867 4109 1958 4169 illi
1989 4108 2099 4171 soli
2126 4109 2306 4170 seruit
2335 4111 2437 4185 qui
2472 4109 2655 4172 seruit
2684 4107 2894 4182 uentri,

642 4209 742 4285 qui
772 4209 999 4270 deditus
1029 4213 1120 4270 est
1148 4211 1284 4273 huic
1311 4213 1542 4286 mundo,
1574 4212 1675 4288 qui
1702 4214 1765 4273 in
1792 4230 1971 4289 prauo
2000 4212 2223 4290 positus
2252 4217 2361 4276 est.
2914 4236 2965 4276 aa

776 4461 846 4517 28
880 4461 1037 4516 Dent.
1076 4462 1125 4526 6,
1162 4463 1253 4530 34;
1293 4466 1373 4530 10,
1411 4467 1496 4522 20.
