3217 5150
801 520 894 573 De
928 520 1276 574 montibus
1313 520 1474 575 Sina
1509 521 1576 575 et
1611 518 1771 573 Sion
1818 536 1861 574 c.
1897 520 2119 576 10-14.
2459 522 2585 588 117

326 686 454 743 tum
483 698 544 741 se
596 680 822 751 uideat,
876 682 1042 754 pater
1070 680 1132 739 in
1161 678 1278 739 filio
1307 680 1366 739 et
1394 679 1548 739 filius
1579 679 1641 737 in
1680 683 1843 753 patre
1896 682 2166 753 utrosque
2221 696 2283 741 se
2312 681 2373 739 10
2401 698 2463 740 se
2492 679 2585 739 ui-

327 786 497 845 dent:
559 785 686 844 ideo
747 784 1014 857 speculus
1075 782 1479 843 inmaculatus,
1547 799 1680 841 nam
1734 785 1795 841 et
1842 799 1945 841 nos
2000 783 2099 856 qui
2158 782 2246 842 illi
2306 783 2585 843 eredimus

329 888 619 947 Christum
651 886 714 946 in
764 886 929 946 nobis
984 888 1274 959 tamquam
1303 884 1364 944 in
1409 885 1640 959 speculo
1690 884 1949 944 uidemus
1978 885 2101 959 ipso
2131 902 2237 946 nos
2264 886 2586 945 instruente

329 994 390 1051 et
417 992 680 1051 monente
711 990 771 1049 in
824 989 1076 1063 epistula
1119 989 1392 1049 Iohannis
1444 989 1713 1063 discipuli
1760 989 1852 1049 sui
1882 989 1957 1047 ad
1984 990 2285 1064 populum:
2333 990 2442 1049 ita
2486 1007 2586 1050 me

281 1110 307 1150 s
329 1094 402 1153 in
469 1093 679 1153 uobis
751 1095 1022 1165 uidete,
1092 1093 1436 1165 quomodo
1503 1092 1669 1166 quis
1732 1094 2055 1151 uestrum
2122 1109 2197 1151 se
2262 1094 2469 1153 uidet
2512 1094 2587 1152 in

326 1212 578 1271 aquam
609 1196 837 1255 autin
869 1195 1266 1271 speculum,
1299 1198 1358 1253 et
1381 1190 1741 1255 confirmauit
1760 1194 2173 1255 Salomonicum
2194 1196 2407 1256 dictum
2429 1198 2501 1256 de
2522 1212 2586 1256 se

327 1301 644 1360 dicentem:
699 1300 860 1373 quis
903 1301 1020 1358 est
1064 1316 1189 1371 spe
1207 1297 1418 1357 culus
1462 1298 1975 1357 immaculatus
2019 1299 2277 1372 patris.

411 1402 560 1462 Vero
612 1402 786 1462 etiam
815 1404 875 1461 et
922 1401 1102 1460 uitem
1130 1417 1322 1460 ueram
1354 1416 1416 1459 se
1446 1416 1572 1460 esse
1601 1401 1768 1472 dixit,
1800 1403 2020 1474 patrem
2052 1418 2219 1461 suum
2248 1401 2575 1475 agricolam.
2602 1405 2685 1465 14

323 1505 380 1565 si
411 1522 547 1579 ergo
578 1505 842 1565 Christus
871 1504 1011 1564 uitis
1042 1506 1134 1563 est
1161 1520 1319 1576 uera,
1371 1504 1567 1578 utique
1620 1505 1845 1563 constat
1872 1505 2008 1578 quia
2038 1506 2097 1565 et
2124 1521 2229 1564 nos
2259 1505 2358 1578 qui
2386 1504 2449 1563 in
2477 1503 2579 1564 illo

253 1626 307 1666 10
326 1608 607 1669 credimus
636 1611 696 1668 et
724 1607 914 1699 ipsum
942 1607 1230 1666 induimus
1261 1622 1470 1689 sumus·
1486 1606 1627 1666 uitis
1656 1622 1794 1666 uera
1824 1624 1967 1680 quae
1996 1610 2087 1667 est
2108 1608 2177 1664 in
2199 1606 2367 1667 uinea
2394 1607 2577 1669 domi-

323 1712 474 1780 nica,
521 1713 580 1771 et
623 1711 886 1770 Christus
937 1714 1132 1771 custos
1162 1710 1362 1770 uineae
1393 1728 1529 1770 suae
1559 1710 1782 1770 dicente
1812 1711 2140 1771 Salomone:
2188 1712 2581 1785 posuerunt

321 1830 424 1873 me
483 1815 854 1875 custodem
899 1814 975 1873 in
1031 1815 1334 1874 uineam.
1381 1814 1703 1873 inuenimus
1760 1832 1895 1874 uero
1954 1815 2015 1873 in
2074 1830 2351 1875 conuersu
2409 1814 2578 1873 huius

319 1917 520 1976 mundi
548 1918 610 1975 in
638 1917 1072 1977 similitudinem
1125 1917 1442 1991 spiritalem
1473 1916 1793 1991 figuraliter
1844 1934 1973 1977 esse
2020 1918 2246 1977 uineam
2276 1918 2579 1979 habentem

321 2021 611 2080 dominum
642 2024 702 2081 et
731 2036 1116 2094 possessorem
1149 2037 1332 2080 suum.
1380 2036 1516 2081 uero
1545 2023 1799 2094 tempore
1841 2023 2061 2081 maturo
2090 2037 2265 2095 prope
2293 2022 2417 2080 dies
2444 2021 2577 2081 uin-

247 2139 304 2179 15
326 2123 638 2183 demiarum
682 2127 900 2197 ponunt
943 2125 1004 2182 in
1051 2124 1294 2183 mediam
1341 2123 1566 2183 uineam
1595 2125 1889 2184 custodem
1916 2142 2155 2199 puerum
2182 2125 2245 2183 in
2275 2124 2391 2184 alto
2419 2124 2579 2197 ligno

317 2226 505 2285 media
537 2226 704 2286 uinea
733 2226 946 2286 confixo
977 2230 1036 2285 et
1067 2227 1128 2285 in
1159 2243 1224 2286 eo
1253 2225 1410 2301 ligno
1441 2226 1665 2287 faciunt
1690 2228 1983 2301 speculum
2006 2228 2347 2301 quadratum
2376 2228 2445 2287 de
2469 2228 2577 2286 ha-

317 2330 654 2388 rundinibus
686 2330 972 2403 quassatis
1002 2332 1060 2389 et
1089 2345 1192 2404 per
1220 2329 1450 2404 singula
1478 2330 1663 2390 latera
1704 2332 2083 2404 quadraturae
2114 2329 2329 2404 speculi
2358 2330 2578 2389 faciunt

317 2448 568 2492 cauerna
594 2434 778 2495 terna.
810 2448 954 2506 quae
984 2432 1129 2491 fiunt
1159 2448 1404 2492 cauerna
1434 2432 1763 2493 duodecim:
1811 2448 1917 2507 per
1958 2450 2127 2507 quam
2172 2434 2577 2507 quadraturam

317 2552 688 2596 cauernorum
718 2538 908 2596 custos
938 2552 1082 2610 puer
1104 2552 1324 2595 omnem
1357 2535 1580 2596 uineam
1618 2535 1971 2611 perspiciens
2007 2536 2292 2597 custodiat
2322 2538 2577 2610 cautam,
2630 2526 2633 2531 ’

236 2655 300 2696 20
319 2654 393 2698 ne
423 2639 612 2698 uiator
661 2639 986 2714 ingrediens
1036 2640 1270 2699 uineam'
1315 2638 1655 2700 dominicam
1709 2639 1820 2698 sibi
1874 2639 2233 2714 adsignatam
2286 2642 2454 2700 uexet
2483 2639 2577 2700 1101

453 2892 490 2946 4
523 2892 550 2943 ‘1'
586 2891 614 2944 ¹?
873 2892 904 2946 7
943 2891 1065 2961 Sap.
1103 2892 1152 2956 7,
1187 2891 1274 2946 26.
1529 2893 1564 2946 8
1597 2893 1680 2948 Ιο.
1721 2892 1801 2956 15,
1840 2893 1888 2947 1.
2145 2893 2209 2946 11
2246 2892 2401 2948 Cant.
2438 2895 2486 2958 1,
2524 2849 2573 2948 6⁶.

459 3152 487 3205 l
523 3151 744 3205 uidebat
779 3152 848 3206 M
1083 3152 1238 3220 pater
1273 3166 1482 3219 1111011110
1517 3151 1593 3205 Μ
1838 3154 2067 3220 utroque
2102 3152 2186 3216 M,
2222 3153 2437 3221 utrique
2472 3169 2507 3208 v

307 3253 373 3292 se
407 3237 464 3289 10
502 3253 558 3290 se
593 3253 693 3291 om.
733 3237 806 3291 M
1059 3236 1210 3290 uidet
1250 3237 1310 3302 T,
1347 3237 1593 3291 uidentes
1631 3257 1671 3307 μ
1933 3237 1969 3291 2
2004 3239 2277 3307 speculum
2312 3241 2571 3294 immacu-

310 3323 492 3378 latum
526 3341 558 3378 v
821 3325 856 3377 4
891 3322 959 3377 ad
993 3323 1272 3392 populum]
1309 3323 1378 3377 ad
1413 3323 1637 3392 paulum
1674 3325 1734 3388 T,
1772 3339 1873 3378 om.
1910 3343 1950 3393 μ
2214 3325 2249 3378 5
2284 3325 2567 3395 1100100110]

307 3395 420 3478 qno
457 3427 497 3477 μ
679 3411 714 3463 6
747 3425 886 3477 aqua
921 3425 970 3463 a.
1007 3409 1042 3462 i.
1082 3410 1294 3478 speculo
1330 3426 1404 3479 μυ
1578 3410 1857 3464 confirmat
1888 3427 1937 3475 v,
1974 3411 2400 3466 contraflnuauit
2434 3411 2510 3465 M

304 3493 378 3549 de
415 3511 472 3548 se
505 3495 708 3550 dictum
746 3495 822 3548 M
1103 3494 1134 3548 7
1171 3493 1349 3548 dicens
1384 3511 1434 3560 v,
1467 3495 1680 3550 dicente
1716 3496 1801 3560 M,
1836 3511 1937 3550 om.
1976 3516 2015 3564 μ
2300 3497 2393 3565 qui
2428 3515 2501 3564 μυ

307 3581 587 3651 speculum
625 3580 1031 3634 immaculatum
1067 3597 1100 3635 v
1304 3582 1340 3636 8
1375 3595 1562 3636 uerum
1597 3599 1673 3651 μυ
1878 3582 2046 3636 11110111
2082 3585 2355 3636 aeternam
2390 3585 2447 3636 et
2468 3600 2503 3638 v

305 3671 370 3722 et
404 3670 613 3736 patrem
649 3688 690 3738 μ
917 3669 952 3721 9
987 3670 1070 3721 est
1105 3683 1232 3722 uera
1266 3686 1323 3736 μ,
1358 3669 1414 3721 01
1446 3683 1575 3722 uera
1617 3670 1678 3733 Τ,
1715 3684 1841 3722 uera
1874 3669 1979 3724 Mo
2199 3667 2397 3736 ubique
2432 3670 2499 3736 μ’

309 3753 382 3808 10
413 3753 546 3807 uitis
570 3752 646 3807 M
663 3769 704 3808 8.
730 3753 766 3809 l.
791 3771 860 3808 m.
885 3758 922 3808 2
1069 3754 1127 3807 in
1148 3753 1348 3808 addidi
1509 3755 1576 3808 11
1611 3757 1793 3808 custus
1828 3755 1899 3810 M
2035 3755 2240 3824 11111000]
2276 3755 2423 3809 uitae
2450 3756 2503 3809 T

299 3839 574 3894 dicentem
610 3839 932 3894 salomonem
968 3841 1090 3894 MT
1260 3840 1325 3894 12
1359 3841 1518 3894 1111100
1553 3855 1629 3908 μυ
1798 3855 2081 3895 conuersus
2122 3843 2250 3910 Τμῖ,
2288 3855 2567 3896 conuersos

305 3925 398 3989 M,
435 3925 837 3979 conuersatione
870 3943 906 3982 v
1090 3927 1157 3985 13
1191 3926 1398 3997 mundi]
1435 3926 1582 3982 modi
1622 3927 1673 3980 T
1852 3927 2091 3995 spiritali
2134 3929 2187 3981 T
2213 3927 2257 3980 li
2291 3928 2353 3980 in
2384 3941 2495 3982 ras.

303 4011 378 4065 14
411 4013 652 4080 tempore
685 4027 810 4065 uero
845 4027 894 4076 v,
930 4017 1116 4065 ueru'm
1150 4016 1390 4082 tempore
1426 4033 1464 4080 μ
1760 4014 1829 4068 15
1863 4027 2055 4081 ponam
2096 4013 2156 4079 T,
2194 4013 2428 4082 positum
2462 4031 2499 4068 v

299 4097 367 4150 in
402 4111 500 4150 om.
529 4097 650 4150 MT
781 4097 958 4152 media
990 4099 1148 4152 uinea
1186 4118 1243 4168 μ,
1279 4099 1495 4152 uincam
1529 4116 1564 4154 v
1704 4099 1770 4153 16
1805 4099 2076 4167 speculam
2109 4097 2429 4168 quadratam
2464 4116 2499 4154 v

294 4182 394 4251 de]
431 4185 486 4235 et
521 4182 585 4237 de
622 4185 695 4239 M
896 4185 962 4239 17
1000 4188 1056 4238 et
1092 4204 1131 4254 μ
1154 4185 1257 4239 01.
1283 4201 1353 4240 m.
1381 4187 1421 4239 2
1628 4185 1873 4254 speculae
1908 4201 1943 4240 v
2159 4184 2295 4239 facit
2331 4185 2493 4252 ΜΤμ

296 4267 374 4324 18
406 4283 658 4323 000οωοε
691 4272 876 4324 ternas
913 4286 986 4338 μυ
1317 4271 1470 4341 quae]
1509 4276 1604 4340 qui
1644 4272 1695 4325 T
2020 4271 2183 4337 fiunt]
2220 4271 2428 4325 faciunt
2461 4288 2497 4327 v

293 4369 560 4410 cauernae
596 4373 668 4422 μυ
832 4356 897 4411 19
933 4371 1279 4410 cauernarum
1315 4373 1388 4425 μυ
1562 4358 1715 4428 puer]
1751 4373 1844 4426 per
1881 4357 1931 4410 T
2088 4356 2391 4411 custodiens
2426 4357 2498 4410 M

287 4443 490 4497 cantas
527 4441 694 4496 M¹T¹
