<?xml version="1.0" encoding="UTF-8"?>
<!DOCTYPE html PUBLIC "-//W3C//DTD XHTML 1.0 Transitional//EN"
    "http://www.w3.org/TR/xhtml1/DTD/xhtml1-transitional.dtd">
<html xmlns="http://www.w3.org/1999/xhtml" xml:lang="en" lang="en">
 <head>
  <title>
</title>
<meta http-equiv="Content-Type" content="text/html;charset=utf-8" />
  <meta name='ocr-system' content='tesseract 3.04.00' />
  <meta name='ocr-capabilities' content='ocr_page ocr_carea ocr_par ocr_line ocrx_word'/>
</head>
<body>
  <div class='ocr_page' id='page_1' title='image "./corpusscriptoru29wissgoog_0272.png"; bbox 0 0 3217 5150; ppageno 0'>
   <div class='ocr_carea' id='block_1_1' title="bbox 638 527 1933 598">
    <p class='ocr_par' dir='ltr' id='par_1_1' title="bbox 638 527 1933 598">
     <span class='ocr_line' id='line_1_1' title="bbox 638 527 1933 598; baseline -0.008 -4"><span class='ocrx_word' id='word_1_1' title='bbox 638 528 766 594; x_wconf 83' lang='grc'><strong>266</strong></span> <span class='ocrx_word' id='word_1_2' title='bbox 1567 527 1933 598; x_wconf 79' lang='lat' dir='ltr'><strong>Appendix.</strong></span> 
     </span>
    </p>
   </div>
   <div class='ocr_carea' id='block_1_2' title="bbox 544 686 2957 3132">
    <p class='ocr_par' dir='ltr' id='par_1_2' title="bbox 637 686 2922 1482">
     <span class='ocr_line' id='line_1_2' title="bbox 638 686 2874 763; baseline -0.001 -16"><span class='ocrx_word' id='word_1_3' title='bbox 638 686 904 747; x_wconf 77' lang='lat' dir='ltr'><strong>rectionis</strong></span> <span class='ocrx_word' id='word_1_4' title='bbox 933 687 1054 746; x_wconf 89' lang='lat' dir='ltr'><strong>eius</strong></span> <span class='ocrx_word' id='word_1_5' title='bbox 1084 689 1472 747; x_wconf 88' lang='lat' dir='ltr'><strong>remanserunt</strong></span> <span class='ocrx_word' id='word_1_6' title='bbox 1495 688 1633 747; x_wconf 92' lang='lat' dir='ltr'><strong>anni</strong></span> <span class='ocrx_word' id='word_1_7' title='bbox 1654 688 1853 750; x_wconf 76' lang='lat' dir='ltr'><strong>xm</strong></span> <span class='ocrx_word' id='word_1_8' title='bbox 1903 688 2109 763; x_wconf 88' lang='lat' dir='ltr'><strong>quibus</strong></span> <span class='ocrx_word' id='word_1_9' title='bbox 2133 687 2417 761; x_wconf 76' lang='lat' dir='ltr'><strong>suppletis</strong></span> <span class='ocrx_word' id='word_1_10' title='bbox 2438 688 2689 763; x_wconf 85' lang='lat' dir='ltr'><strong>oportuit</strong></span> <span class='ocrx_word' id='word_1_11' title='bbox 2702 704 2874 761; x_wconf 90' lang='lat' dir='ltr'><strong>prop-</strong></span> 
     </span>
     <span class='ocr_line' id='line_1_3' title="bbox 637 790 2879 871; baseline 0 -22"><span class='ocrx_word' id='word_1_12' title='bbox 637 792 728 849; x_wconf 87' lang='lat' dir='ltr'><strong>ter</strong></span> <span class='ocrx_word' id='word_1_13' title='bbox 747 792 980 864; x_wconf 87' lang='lat' dir='ltr'><strong>peccata</strong></span> <span class='ocrx_word' id='word_1_14' title='bbox 1002 790 1348 850; x_wconf 90' lang='lat' dir='ltr'><strong>credentium</strong></span> <span class='ocrx_word' id='word_1_15' title='bbox 1371 792 1492 865; x_wconf 88' lang='lat' dir='ltr'><strong>pati</strong></span> <span class='ocrx_word' id='word_1_16' title='bbox 1517 791 1825 852; x_wconf 82' lang='lat' dir='ltr'><strong>Christum.</strong></span> <span class='ocrx_word' id='word_1_17' title='bbox 1850 792 2003 867; x_wconf 90' lang='lat' dir='ltr'><strong>ipsos</strong></span> <span class='ocrx_word' id='word_1_18' title='bbox 2024 792 2205 865; x_wconf 76' lang='lat' dir='ltr'><strong>igitur</strong></span> <span class='ocrx_word' id='word_1_19' title='bbox 2226 790 2879 871; x_wconf 78' lang='lat' dir='ltr'><strong>CCCCXXXIIIIannos</strong></span> 
     </span>
     <span class='ocr_line' id='line_1_4' title="bbox 641 893 2876 969; baseline -0 -17"><span class='ocrx_word' id='word_1_20' title='bbox 641 894 952 953; x_wconf 75' lang='lat' dir='ltr'><strong>adiciamus</strong></span> <span class='ocrx_word' id='word_1_21' title='bbox 983 894 1054 952; x_wconf 88' lang='lat' dir='ltr'><strong>ad</strong></span> <span class='ocrx_word' id='word_1_22' title='bbox 1083 910 1358 953; x_wconf 86' lang='lat' dir='ltr'><strong>summam</strong></span> <span class='ocrx_word' id='word_1_23' title='bbox 1391 896 1738 969; x_wconf 88' lang='lat' dir='ltr'><strong>superiorem</strong></span> <span class='ocrx_word' id='word_1_24' title='bbox 1756 942 1771 969; x_wconf 89' lang='lat'><strong>,</strong></span> <span class='ocrx_word' id='word_1_25' title='bbox 1828 898 1887 955; x_wconf 89' lang='lat' dir='ltr'><strong>et</strong></span> <span class='ocrx_word' id='word_1_26' title='bbox 1938 896 2293 955; x_wconf 89' lang='lat' dir='ltr'><strong>inueniamus</strong></span> <span class='ocrx_word' id='word_1_27' title='bbox 2342 911 2523 953; x_wconf 89' lang='lat' dir='ltr'><strong>annos</strong></span> <span class='ocrx_word' id='word_1_28' title='bbox 2564 894 2638 953; x_wconf 88' lang='lat' dir='ltr'><strong>ab</strong></span> <span class='ocrx_word' id='word_1_29' title='bbox 2682 893 2876 952; x_wconf 83' lang='lat' dir='ltr'><strong>Exodo</strong></span> 
     </span>
     <span class='ocr_line' id='line_1_5' title="bbox 641 996 2877 1071; baseline -0 -15"><span class='ocrx_word' id='word_1_30' title='bbox 641 1013 819 1071; x_wconf 88' lang='lat' dir='ltr'><strong>nsque</strong></span> <span class='ocrx_word' id='word_1_31' title='bbox 851 997 922 1056; x_wconf 86' lang='lat' dir='ltr'><strong>ad</strong></span> <span class='ocrx_word' id='word_1_32' title='bbox 949 996 1313 1057; x_wconf 83' lang='lat' dir='ltr'><strong>natiuitatem</strong></span> <span class='ocrx_word' id='word_1_33' title='bbox 1345 997 1558 1057; x_wconf 83' lang='lat' dir='ltr'><strong>Christi</strong></span> <span class='ocrx_word' id='word_1_34' title='bbox 1601 998 1763 1058; x_wconf 89' lang='lat' dir='ltr'><strong>mille</strong></span> <span class='ocrx_word' id='word_1_35' title='bbox 1793 997 2105 1056; x_wconf 85' lang='lat' dir='ltr'><strong>DXLVHI.</strong></span> <span class='ocrx_word' id='word_1_36' title='bbox 2152 996 2315 1057; x_wconf 87' lang='lat' dir='ltr'><strong>cuins</strong></span> <span class='ocrx_word' id='word_1_37' title='bbox 2358 996 2685 1056; x_wconf 87' lang='lat' dir='ltr'><strong>natiuitatis</strong></span> <span class='ocrx_word' id='word_1_38' title='bbox 2726 1000 2877 1055; x_wconf 88' lang='lat' dir='ltr'><strong>tem-</strong></span> 
     </span>
     <span class='ocr_line' id='line_1_6' title="bbox 641 1098 2922 1175; baseline -0.001 -16"><span class='ocrx_word' id='word_1_39' title='bbox 641 1116 750 1175; x_wconf 88' lang='lat' dir='ltr'><strong>pus</strong></span> <span class='ocrx_word' id='word_1_40' title='bbox 778 1116 1113 1174; x_wconf 75' lang='lat' dir='ltr'>cognoscere</span> <span class='ocrx_word' id='word_1_41' title='bbox 1145 1100 1530 1160; x_wconf 77' lang='lat' dir='ltr'><strong>desiderantes</strong></span> <span class='ocrx_word' id='word_1_42' title='bbox 1561 1101 1715 1174; x_wconf 86' lang='lat' dir='ltr'><strong>ipsos</strong></span> <span class='ocrx_word' id='word_1_43' title='bbox 1744 1118 1925 1160; x_wconf 86' lang='lat' dir='ltr'><strong>annos</strong></span> <span class='ocrx_word' id='word_1_44' title='bbox 1945 1100 2303 1159; x_wconf 79' lang='lat' dir='ltr'><strong>MDXLVHI</strong></span> <span class='ocrx_word' id='word_1_45' title='bbox 2348 1100 2421 1159; x_wconf 87' lang='lat' dir='ltr'><strong>ab</strong></span> <span class='ocrx_word' id='word_1_46' title='bbox 2465 1099 2657 1159; x_wconf 82' lang='lat' dir='ltr'><strong>Exodo</strong></span> <span class='ocrx_word' id='word_1_47' title='bbox 2701 1098 2761 1158; x_wconf 92' lang='lat' dir='ltr'><strong>id</strong></span> <span class='ocrx_word' id='word_1_48' title='bbox 2790 1101 2879 1158; x_wconf 86' lang='lat' dir='ltr'><strong>est</strong></span> <span class='ocrx_word' id='word_1_49' title='bbox 2896 1118 2922 1157; x_wconf 73' lang='lat'>5</span> 
     </span>
     <span class='ocr_line' id='line_1_7' title="bbox 640 1201 2877 1277; baseline 0 -16"><span class='ocrx_word' id='word_1_50' title='bbox 640 1219 676 1261; x_wconf 89' lang='lat' dir='ltr'><strong>a</strong></span> <span class='ocrx_word' id='word_1_51' title='bbox 705 1202 884 1275; x_wconf 88' lang='lat' dir='ltr'><strong>primo</strong></span> <span class='ocrx_word' id='word_1_52' title='bbox 915 1202 1132 1276; x_wconf 86' lang='lat' dir='ltr'><strong>pinacis</strong></span> <span class='ocrx_word' id='word_1_53' title='bbox 1159 1220 1330 1263; x_wconf 90' lang='lat' dir='ltr'><strong>uersu</strong></span> <span class='ocrx_word' id='word_1_54' title='bbox 1361 1204 1670 1277; x_wconf 75' lang='lat' dir='ltr'><strong>diligenter</strong></span> <span class='ocrx_word' id='word_1_55' title='bbox 1700 1204 2137 1276; x_wconf 74' lang='lat' dir='ltr'><strong>dinumeremuS,</strong></span> <span class='ocrx_word' id='word_1_56' title='bbox 2182 1206 2243 1263; x_wconf 91' lang='lat' dir='ltr'><strong>et</strong></span> <span class='ocrx_word' id='word_1_57' title='bbox 2270 1204 2345 1263; x_wconf 90' lang='lat' dir='ltr'><strong>ad</strong></span> <span class='ocrx_word' id='word_1_58' title='bbox 2375 1202 2525 1263; x_wconf 87' lang='lat' dir='ltr'><strong>diem</strong></span> <span class='ocrx_word' id='word_1_59' title='bbox 2553 1201 2877 1262; x_wconf 86' lang='lat' dir='ltr'><strong>natiuitatis</strong></span> 
     </span>
     <span class='ocr_line' id='line_1_8' title="bbox 640 1305 2879 1379; baseline -0 -15"><span class='ocrx_word' id='word_1_60' title='bbox 640 1305 763 1364; x_wconf 89' lang='lat' dir='ltr'><strong>eius</strong></span> <span class='ocrx_word' id='word_1_61' title='bbox 791 1305 1203 1379; x_wconf 90' lang='lat' dir='ltr'><strong>perueniemus.</strong></span> <span class='ocrx_word' id='word_1_62' title='bbox 1237 1307 1338 1379; x_wconf 90' lang='lat' dir='ltr'><strong>qui</strong></span> <span class='ocrx_word' id='word_1_63' title='bbox 1369 1306 1492 1365; x_wconf 91' lang='lat' dir='ltr'><strong>dies</strong></span> <span class='ocrx_word' id='word_1_64' title='bbox 1523 1310 1685 1366; x_wconf 82' lang='lat' dir='ltr'><strong>sexta</strong></span> <span class='ocrx_word' id='word_1_65' title='bbox 1716 1307 2135 1367; x_wconf 82' lang='lat' dir='ltr'><strong>sedecennitate</strong></span> <span class='ocrx_word' id='word_1_66' title='bbox 2166 1307 2227 1365; x_wconf 93' lang='lat' dir='ltr'><strong>in</strong></span> <span class='ocrx_word' id='word_1_67' title='bbox 2256 1306 2425 1366; x_wconf 89' lang='lat' dir='ltr'><strong>tertio</strong></span> <span class='ocrx_word' id='word_1_68' title='bbox 2458 1305 2674 1365; x_wconf 88' lang='lat' dir='ltr'><strong>decimo</strong></span> <span class='ocrx_word' id='word_1_69' title='bbox 2704 1322 2879 1364; x_wconf 88' lang='lat' dir='ltr'><strong>uersu</strong></span> 
     </span>
     <span class='ocr_line' id='line_1_9' title="bbox 639 1406 1677 1482; baseline 0.006 -17"><span class='ocrx_word' id='word_1_70' title='bbox 639 1406 927 1467; x_wconf 86' lang='lat' dir='ltr'><strong>inuenitur</strong></span> <span class='ocrx_word' id='word_1_71' title='bbox 959 1408 1006 1467; x_wconf 93' lang='lat' dir='ltr'><strong>V</strong></span> <span class='ocrx_word' id='word_1_72' title='bbox 1036 1408 1113 1469; x_wconf 84' lang='lat' dir='ltr'><strong>kl.</strong></span> <span class='ocrx_word' id='word_1_73' title='bbox 1147 1408 1330 1482; x_wconf 82' lang='lat' dir='ltr'><strong>April.</strong></span> <span class='ocrx_word' id='word_1_74' title='bbox 1361 1409 1507 1468; x_wconf 84' lang='lat' dir='ltr'><strong>feria</strong></span> <span class='ocrx_word' id='word_1_75' title='bbox 1534 1408 1677 1471; x_wconf 81' lang='lat'>1111.</span> 
     </span>
    </p>

    <p class='ocr_par' dir='ltr' id='par_1_3' title="bbox 544 1510 2957 3132">
     <span class='ocr_line' id='line_1_10' title="bbox 544 1510 2878 1587; baseline -0 -17"><span class='ocrx_word' id='word_1_76' title='bbox 544 1512 621 1570; x_wconf 83' lang='lat'><strong>19</strong></span> <span class='ocrx_word' id='word_1_77' title='bbox 726 1511 772 1569; x_wconf 94' lang='lat' dir='ltr'>O</span> <span class='ocrx_word' id='word_1_78' title='bbox 801 1528 971 1585; x_wconf 92' lang='lat' dir='ltr'><strong>quam</strong></span> <span class='ocrx_word' id='word_1_79' title='bbox 999 1511 1292 1584; x_wconf 77' lang='lat' dir='ltr'><strong>praeclara</strong></span> <span class='ocrx_word' id='word_1_80' title='bbox 1319 1513 1378 1571; x_wconf 86' lang='lat' dir='ltr'><strong>et</strong></span> <span class='ocrx_word' id='word_1_81' title='bbox 1400 1511 1596 1572; x_wconf 85' lang='lat' dir='ltr'><strong>diuina</strong></span> <span class='ocrx_word' id='word_1_82' title='bbox 1624 1512 1851 1573; x_wconf 79' lang='lat' dir='ltr'><strong>Domini</strong></span> <span class='ocrx_word' id='word_1_83' title='bbox 1880 1512 2268 1587; x_wconf 88' lang='lat' dir='ltr'><strong>prouidentia,</strong></span> <span class='ocrx_word' id='word_1_84' title='bbox 2314 1514 2381 1571; x_wconf 88' lang='lat' dir='ltr'><strong>ut</strong></span> <span class='ocrx_word' id='word_1_85' title='bbox 2422 1512 2483 1570; x_wconf 91' lang='lat' dir='ltr'><strong>in</strong></span> <span class='ocrx_word' id='word_1_86' title='bbox 2514 1510 2613 1571; x_wconf 81' lang='lat' dir='ltr'><strong>illo</strong></span> <span class='ocrx_word' id='word_1_87' title='bbox 2644 1511 2739 1570; x_wconf 89' lang='lat' dir='ltr'><strong>die</strong></span> <span class='ocrx_word' id='word_1_88' title='bbox 2768 1528 2878 1585; x_wconf 88' lang='lat' dir='ltr'><strong>qno</strong></span> 
     </span>
     <span class='ocr_line' id='line_1_11' title="bbox 639 1613 2949 1690; baseline 0.001 -17"><span class='ocrx_word' id='word_1_89' title='bbox 639 1613 826 1673; x_wconf 85' lang='lat' dir='ltr'><strong>factus</strong></span> <span class='ocrx_word' id='word_1_90' title='bbox 855 1616 944 1673; x_wconf 86' lang='lat' dir='ltr'><strong>est</strong></span> <span class='ocrx_word' id='word_1_91' title='bbox 973 1614 1060 1674; x_wconf 88' lang='lat' dir='ltr'><strong>sol</strong></span> <span class='ocrx_word' id='word_1_92' title='bbox 1089 1614 1150 1673; x_wconf 93' lang='lat' dir='ltr'><strong>in</strong></span> <span class='ocrx_word' id='word_1_93' title='bbox 1179 1615 1302 1689; x_wconf 88' lang='lat' dir='ltr'><strong>ipso</strong></span> <span class='ocrx_word' id='word_1_94' title='bbox 1331 1614 1422 1673; x_wconf 87' lang='lat' dir='ltr'><strong>die</strong></span> <span class='ocrx_word' id='word_1_95' title='bbox 1451 1619 1781 1675; x_wconf 85' lang='lat' dir='ltr'><strong>nasceretur</strong></span> <span class='ocrx_word' id='word_1_96' title='bbox 1811 1614 2071 1675; x_wconf 84' lang='lat' dir='ltr'><strong>Christus</strong></span> <span class='ocrx_word' id='word_1_97' title='bbox 2102 1614 2153 1674; x_wconf 91' lang='lat' dir='ltr'><strong>V</strong></span> <span class='ocrx_word' id='word_1_98' title='bbox 2183 1616 2263 1674; x_wconf 81' lang='lat' dir='ltr'><strong>kl.</strong></span> <span class='ocrx_word' id='word_1_99' title='bbox 2295 1614 2437 1690; x_wconf 83' lang='lat' dir='ltr'><strong>Apr.</strong></span> <span class='ocrx_word' id='word_1_100' title='bbox 2469 1614 2615 1675; x_wconf 85' lang='lat' dir='ltr'><strong>feria</strong></span> <span class='ocrx_word' id='word_1_101' title='bbox 2642 1614 2784 1672; x_wconf 88' lang='lat'>1111.</span> <span class='ocrx_word' id='word_1_102' title='bbox 2818 1617 2879 1673; x_wconf 89' lang='lat' dir='ltr'><strong>et</strong></span> <span class='ocrx_word' id='word_1_103' title='bbox 2898 1636 2949 1675; x_wconf 87' lang='lat'><strong>10</strong></span> 
     </span>
     <span class='ocr_line' id='line_1_12' title="bbox 639 1717 2883 1793; baseline 0 -18"><span class='ocrx_word' id='word_1_104' title='bbox 639 1717 764 1776; x_wconf 91' lang='lat' dir='ltr'><strong>ideo</strong></span> <span class='ocrx_word' id='word_1_105' title='bbox 794 1718 864 1776; x_wconf 90' lang='lat' dir='ltr'><strong>de</strong></span> <span class='ocrx_word' id='word_1_106' title='bbox 897 1717 1021 1790; x_wconf 90' lang='lat' dir='ltr'><strong>ipso</strong></span> <span class='ocrx_word' id='word_1_107' title='bbox 1052 1717 1252 1777; x_wconf 88' lang='lat' dir='ltr'><strong>merito</strong></span> <span class='ocrx_word' id='word_1_108' title='bbox 1283 1719 1356 1777; x_wconf 89' lang='lat' dir='ltr'><strong>ad</strong></span> <span class='ocrx_word' id='word_1_109' title='bbox 1383 1718 1607 1793; x_wconf 82' lang='lat' dir='ltr'><strong>plebem</strong></span> <span class='ocrx_word' id='word_1_110' title='bbox 1637 1718 1857 1778; x_wconf 86' lang='lat' dir='ltr'><strong>dicebat</strong></span> <span class='ocrx_word' id='word_1_111' title='bbox 1884 1718 2198 1779; x_wconf 75' lang='lat' dir='ltr'><strong>Malachiae</strong></span> <span class='ocrx_word' id='word_1_112' title='bbox 2241 1720 2549 1793; x_wconf 84' lang='lat' dir='ltr'><strong>propheta:</strong></span> <span class='ocrx_word' id='word_1_113' title='bbox 2596 1717 2883 1777; x_wconf 91' lang='lat' dir='ltr'><strong>orietur</strong></span> 
     </span>
     <span class='ocr_line' id='line_1_13' title="bbox 641 1818 2883 1896; baseline 0 -17"><span class='ocrx_word' id='word_1_114' title='bbox 641 1821 858 1880; x_wconf 86' lang='lat' dir='ltr'><strong>uobis</strong></span> <span class='ocrx_word' id='word_1_115' title='bbox 902 1821 1010 1880; x_wconf 92' lang='lat' dir='ltr'><strong>sol</strong></span> <span class='ocrx_word' id='word_1_116' title='bbox 1053 1820 1442 1894; x_wconf 88' lang='lat' dir='ltr'><strong>iustitiae,</strong></span> <span class='ocrx_word' id='word_1_117' title='bbox 1509 1824 1581 1881; x_wconf 88' lang='lat' dir='ltr'><strong>et</strong></span> <span class='ocrx_word' id='word_1_118' title='bbox 1625 1822 1911 1882; x_wconf 87' lang='lat' dir='ltr'><strong>curatio</strong></span> <span class='ocrx_word' id='word_1_119' title='bbox 1966 1825 2079 1882; x_wconf 87' lang='lat' dir='ltr'><strong>est</strong></span> <span class='ocrx_word' id='word_1_120' title='bbox 2134 1821 2205 1881; x_wconf 92' lang='lat' dir='ltr'><strong>in</strong></span> <span class='ocrx_word' id='word_1_121' title='bbox 2248 1822 2511 1896; x_wconf 88' lang='lat' dir='ltr'><strong>pennis</strong></span> <span class='ocrx_word' id='word_1_122' title='bbox 2564 1820 2743 1879; x_wconf 88' lang='lat' dir='ltr'><strong>eius.</strong></span> <span class='ocrx_word' id='word_1_123' title='bbox 2788 1818 2883 1879; x_wconf 86' lang='lat' dir='ltr'><strong>hic</strong></span> 
     </span>
     <span class='ocr_line' id='line_1_14' title="bbox 641 1924 2885 2000; baseline -0 -17"><span class='ocrx_word' id='word_1_124' title='bbox 641 1926 732 1983; x_wconf 86' lang='lat' dir='ltr'><strong>est</strong></span> <span class='ocrx_word' id='word_1_125' title='bbox 765 1924 852 1983; x_wconf 88' lang='lat' dir='ltr'><strong>sol</strong></span> <span class='ocrx_word' id='word_1_126' title='bbox 901 1924 1156 1984; x_wconf 88' lang='lat' dir='ltr'><strong>iustitiae</strong></span> <span class='ocrx_word' id='word_1_127' title='bbox 1187 1925 1346 1983; x_wconf 90' lang='lat' dir='ltr'><strong>cuius</strong></span> <span class='ocrx_word' id='word_1_128' title='bbox 1375 1926 1436 1984; x_wconf 91' lang='lat' dir='ltr'><strong>in</strong></span> <span class='ocrx_word' id='word_1_129' title='bbox 1465 1926 1668 1999; x_wconf 85' lang='lat' dir='ltr'><strong>pennis</strong></span> <span class='ocrx_word' id='word_1_130' title='bbox 1698 1926 1917 1985; x_wconf 86' lang='lat' dir='ltr'><strong>curatio</strong></span> <span class='ocrx_word' id='word_1_131' title='bbox 1945 1924 2508 2000; x_wconf 82' lang='lat' dir='ltr'><strong>praeostendebatur.</strong></span> <span class='ocrx_word' id='word_1_132' title='bbox 2560 1924 2629 1983; x_wconf 92' lang='lat' dir='ltr'><strong>de</strong></span> <span class='ocrx_word' id='word_1_133' title='bbox 2680 1940 2793 1997; x_wconf 89' lang='lat' dir='ltr'><strong>quo</strong></span> <span class='ocrx_word' id='word_1_134' title='bbox 2822 1926 2885 1983; x_wconf 85' lang='lat' dir='ltr'><strong>et</strong></span> 
     </span>
     <span class='ocr_line' id='line_1_15' title="bbox 643 2026 2884 2104; baseline -0.001 -19"><span class='ocrx_word' id='word_1_135' title='bbox 643 2027 870 2102; x_wconf 79' lang='lat' dir='ltr'><strong>Moyses</strong></span> <span class='ocrx_word' id='word_1_136' title='bbox 903 2027 964 2086; x_wconf 93' lang='lat' dir='ltr'><strong>in</strong></span> <span class='ocrx_word' id='word_1_137' title='bbox 996 2028 1215 2087; x_wconf 88' lang='lat' dir='ltr'><strong>cantico</strong></span> <span class='ocrx_word' id='word_1_138' title='bbox 1246 2028 1671 2102; x_wconf 78' lang='lat' dir='ltr'><strong>recognoscitur</strong></span> <span class='ocrx_word' id='word_1_139' title='bbox 1700 2028 1927 2089; x_wconf 87' lang='lat' dir='ltr'><strong>dicens:</strong></span> <span class='ocrx_word' id='word_1_140' title='bbox 1990 2031 2061 2089; x_wconf 93' lang='lat' dir='ltr'><strong>et</strong></span> <span class='ocrx_word' id='word_1_141' title='bbox 2122 2045 2343 2104; x_wconf 91' lang='lat' dir='ltr'><strong>super</strong></span> <span class='ocrx_word' id='word_1_142' title='bbox 2404 2026 2651 2103; x_wconf 87' lang='lat' dir='ltr'><strong>pullos</strong></span> <span class='ocrx_word' id='word_1_143' title='bbox 2716 2042 2884 2085; x_wconf 88' lang='lat' dir='ltr'><strong>suos</strong></span> 
     </span>
     <span class='ocr_line' id='line_1_16' title="bbox 643 2129 2953 2207; baseline 0.001 -20"><span class='ocrx_word' id='word_1_144' title='bbox 643 2129 1076 2202; x_wconf 86' lang='lat' dir='ltr'><strong>concupiuit</strong></span> <span class='ocrx_word' id='word_1_145' title='bbox 1119 2132 1188 2191; x_wconf 88' lang='lat' dir='ltr'><strong>et</strong></span> <span class='ocrx_word' id='word_1_146' title='bbox 1229 2131 1647 2205; x_wconf 86' lang='lat' dir='ltr'><strong>expandens</strong></span> <span class='ocrx_word' id='word_1_147' title='bbox 1691 2132 1846 2191; x_wconf 87' lang='lat' dir='ltr'><strong>alas</strong></span> <span class='ocrx_word' id='word_1_148' title='bbox 1892 2148 2077 2191; x_wconf 87' lang='lat' dir='ltr'><strong>suas.</strong></span> <span class='ocrx_word' id='word_1_149' title='bbox 2110 2132 2233 2207; x_wconf 88' lang='lat' dir='ltr'><strong>ipse</strong></span> <span class='ocrx_word' id='word_1_150' title='bbox 2262 2134 2353 2191; x_wconf 88' lang='lat' dir='ltr'><strong>est</strong></span> <span class='ocrx_word' id='word_1_151' title='bbox 2380 2129 2655 2191; x_wconf 87' lang='lat' dir='ltr'><strong>Dominus</strong></span> <span class='ocrx_word' id='word_1_152' title='bbox 2684 2129 2747 2187; x_wconf 91' lang='lat' dir='ltr'><strong>in</strong></span> <span class='ocrx_word' id='word_1_153' title='bbox 2776 2144 2877 2188; x_wconf 86' lang='lat' dir='ltr'><strong>cn·</strong></span> <span class='ocrx_word' id='word_1_154' title='bbox 2901 2148 2953 2190; x_wconf 65' lang='grc' dir='ltr'><strong>ιι</strong></span> 
     </span>
     <span class='ocr_line' id='line_1_17' title="bbox 644 2232 2885 2308; baseline 0 -18"><span class='ocrx_word' id='word_1_155' title='bbox 644 2232 735 2293; x_wconf 90' lang='lat' dir='ltr'><strong>ius</strong></span> <span class='ocrx_word' id='word_1_156' title='bbox 764 2232 1139 2293; x_wconf 88' lang='lat' dir='ltr'><strong>similitudine</strong></span> <span class='ocrx_word' id='word_1_157' title='bbox 1169 2234 1264 2293; x_wconf 86' lang='lat' dir='ltr'><strong>hic</strong></span> <span class='ocrx_word' id='word_1_158' title='bbox 1292 2235 1378 2293; x_wconf 90' lang='lat' dir='ltr'><strong>sol</strong></span> <span class='ocrx_word' id='word_1_159' title='bbox 1407 2252 1627 2294; x_wconf 88' lang='lat' dir='ltr'><strong>annuus</strong></span> <span class='ocrx_word' id='word_1_160' title='bbox 1656 2252 1756 2308; x_wconf 85' lang='lat' dir='ltr'><strong>per</strong></span> <span class='ocrx_word' id='word_1_161' title='bbox 1788 2234 2071 2293; x_wconf 84' lang='lat' dir='ltr'>CCCLXV</span> <span class='ocrx_word' id='word_1_162' title='bbox 2101 2235 2223 2295; x_wconf 89' lang='lat' dir='ltr'><strong>dies</strong></span> <span class='ocrx_word' id='word_1_163' title='bbox 2266 2236 2326 2294; x_wconf 87' lang='lat' dir='ltr'><strong>et</strong></span> <span class='ocrx_word' id='word_1_164' title='bbox 2355 2236 2616 2308; x_wconf 82' lang='lat' dir='ltr'><strong>quartam</strong></span> <span class='ocrx_word' id='word_1_165' title='bbox 2660 2234 2885 2307; x_wconf 87' lang='lat' dir='ltr'><strong>partem</strong></span> 
     </span>
     <span class='ocr_line' id='line_1_18' title="bbox 644 2335 2887 2413; baseline -0.001 -18"><span class='ocrx_word' id='word_1_166' title='bbox 644 2335 760 2395; x_wconf 87' lang='lat' dir='ltr'><strong>diei</strong></span> <span class='ocrx_word' id='word_1_167' title='bbox 789 2338 1156 2396; x_wconf 85' lang='lat' dir='ltr'><strong>consummat.</strong></span> <span class='ocrx_word' id='word_1_168' title='bbox 1202 2354 1344 2409; x_wconf 84' lang='lat' dir='ltr'><strong>quae</strong></span> <span class='ocrx_word' id='word_1_169' title='bbox 1373 2338 1500 2411; x_wconf 87' lang='lat' dir='ltr'><strong>ipsa</strong></span> <span class='ocrx_word' id='word_1_170' title='bbox 1523 2337 1751 2412; x_wconf 87' lang='lat' dir='ltr'><strong>quidem</strong></span> <span class='ocrx_word' id='word_1_171' title='bbox 1780 2356 1915 2412; x_wconf 88' lang='lat' dir='ltr'><strong>pars</strong></span> <span class='ocrx_word' id='word_1_172' title='bbox 1945 2340 2152 2413; x_wconf 86' lang='lat' dir='ltr'><strong>quarta</strong></span> <span class='ocrx_word' id='word_1_173' title='bbox 2181 2338 2295 2398; x_wconf 86' lang='lat' dir='ltr'><strong>diei</strong></span> <span class='ocrx_word' id='word_1_174' title='bbox 2325 2337 2499 2398; x_wconf 92' lang='lat' dir='ltr'><strong>habet</strong></span> <span class='ocrx_word' id='word_1_175' title='bbox 2528 2339 2649 2396; x_wconf 87' lang='lat' dir='ltr'><strong>tres</strong></span> <span class='ocrx_word' id='word_1_176' title='bbox 2695 2336 2887 2394; x_wconf 88' lang='lat' dir='ltr'><strong>horas.</strong></span> 
     </span>
     <span class='ocr_line' id='line_1_19' title="bbox 642 2438 2887 2515; baseline 0 -16"><span class='ocrx_word' id='word_1_177' title='bbox 642 2442 764 2499; x_wconf 87' lang='lat' dir='ltr'><strong>tres</strong></span> <span class='ocrx_word' id='word_1_178' title='bbox 793 2440 983 2499; x_wconf 86' lang='lat' dir='ltr'><strong>autem</strong></span> <span class='ocrx_word' id='word_1_179' title='bbox 1009 2438 1182 2499; x_wconf 87' lang='lat' dir='ltr'><strong>horae</strong></span> <span class='ocrx_word' id='word_1_180' title='bbox 1213 2439 1516 2515; x_wconf 77' lang='lat' dir='ltr'><strong>imaginem</strong></span> <span class='ocrx_word' id='word_1_181' title='bbox 1546 2442 1778 2514; x_wconf 85' lang='lat' dir='ltr'><strong>portant</strong></span> <span class='ocrx_word' id='word_1_182' title='bbox 1806 2440 2033 2501; x_wconf 89' lang='lat' dir='ltr'><strong>illorum</strong></span> <span class='ocrx_word' id='word_1_183' title='bbox 2063 2441 2236 2501; x_wconf 89' lang='lat' dir='ltr'><strong>trium</strong></span> <span class='ocrx_word' id='word_1_184' title='bbox 2267 2441 2485 2501; x_wconf 85' lang='lat' dir='ltr'><strong>dierum</strong></span> <span class='ocrx_word' id='word_1_185' title='bbox 2516 2441 2615 2514; x_wconf 89' lang='lat' dir='ltr'><strong>qui</strong></span> <span class='ocrx_word' id='word_1_186' title='bbox 2644 2440 2705 2499; x_wconf 91' lang='lat' dir='ltr'><strong>in</strong></span> <span class='ocrx_word' id='word_1_187' title='bbox 2725 2439 2887 2514; x_wconf 85' lang='lat' dir='ltr'><strong>prin-</strong></span> 
     </span>
     <span class='ocr_line' id='line_1_20' title="bbox 646 2542 2887 2620; baseline 0 -16"><span class='ocrx_word' id='word_1_188' title='bbox 646 2542 794 2618; x_wconf 91' lang='lat' dir='ltr'><strong>cipio</strong></span> <span class='ocrx_word' id='word_1_189' title='bbox 825 2542 1040 2604; x_wconf 91' lang='lat' dir='ltr'><strong>saeculi</strong></span> <span class='ocrx_word' id='word_1_190' title='bbox 1071 2542 1194 2604; x_wconf 88' lang='lat' dir='ltr'><strong>sine</strong></span> <span class='ocrx_word' id='word_1_191' title='bbox 1223 2542 1342 2603; x_wconf 89' lang='lat' dir='ltr'><strong>sole</strong></span> <span class='ocrx_word' id='word_1_192' title='bbox 1373 2546 1430 2604; x_wconf 88' lang='lat' dir='ltr'><strong>et</strong></span> <span class='ocrx_word' id='word_1_193' title='bbox 1459 2543 1597 2604; x_wconf 89' lang='lat' dir='ltr'><strong>luna</strong></span> <span class='ocrx_word' id='word_1_194' title='bbox 1626 2544 1879 2604; x_wconf 85' lang='lat' dir='ltr'><strong>fuerunt.</strong></span> <span class='ocrx_word' id='word_1_195' title='bbox 1924 2548 1983 2606; x_wconf 84' lang='lat' dir='ltr'><strong>et</strong></span> <span class='ocrx_word' id='word_1_196' title='bbox 2011 2545 2137 2606; x_wconf 92' lang='lat' dir='ltr'><strong>ideo</strong></span> <span class='ocrx_word' id='word_1_197' title='bbox 2167 2546 2443 2620; x_wconf 90' lang='lat' dir='ltr'><strong>quomodo</strong></span> <span class='ocrx_word' id='word_1_198' title='bbox 2472 2546 2593 2606; x_wconf 83' lang='lat' dir='ltr'><strong>tres</strong></span> <span class='ocrx_word' id='word_1_199' title='bbox 2622 2544 2795 2605; x_wconf 88' lang='lat' dir='ltr'><strong>horae</strong></span> <span class='ocrx_word' id='word_1_200' title='bbox 2826 2544 2887 2604; x_wconf 90' lang='lat' dir='ltr'><strong>in</strong></span> 
     </span>
     <span class='ocr_line' id='line_1_21' title="bbox 646 2647 2957 2722; baseline 0.002 -17"><span class='ocrx_word' id='word_1_201' title='bbox 646 2647 1016 2720; x_wconf 86' lang='lat' dir='ltr'><strong>quadriennio</strong></span> <span class='ocrx_word' id='word_1_202' title='bbox 1048 2650 1249 2721; x_wconf 88' lang='lat' dir='ltr'><strong>quater</strong></span> <span class='ocrx_word' id='word_1_203' title='bbox 1277 2650 1636 2722; x_wconf 84' lang='lat' dir='ltr'><strong>computatae</strong></span> <span class='ocrx_word' id='word_1_204' title='bbox 1664 2666 1839 2707; x_wconf 88' lang='lat' dir='ltr'><strong>unum</strong></span> <span class='ocrx_word' id='word_1_205' title='bbox 1884 2648 2033 2708; x_wconf 89' lang='lat' dir='ltr'><strong>diem</strong></span> <span class='ocrx_word' id='word_1_206' title='bbox 2064 2649 2355 2711; x_wconf 89' lang='lat' dir='ltr'><strong>duodecim</strong></span> <span class='ocrx_word' id='word_1_207' title='bbox 2389 2650 2655 2708; x_wconf 90' lang='lat' dir='ltr'><strong>horarum</strong></span> <span class='ocrx_word' id='word_1_208' title='bbox 2684 2647 2885 2707; x_wconf 82' lang='lat' dir='ltr'><strong>effece-</strong></span> <span class='ocrx_word' id='word_1_209' title='bbox 2906 2669 2957 2710; x_wconf 71' lang='lat' dir='ltr'><strong>ao</strong></span> 
     </span>
     <span class='ocr_line' id='line_1_22' title="bbox 649 2745 2887 2822; baseline 0.001 -18"><span class='ocrx_word' id='word_1_210' title='bbox 649 2749 804 2818; x_wconf 86' lang='lat' dir='ltr'><strong>runt,</strong></span> <span class='ocrx_word' id='word_1_211' title='bbox 859 2749 942 2805; x_wconf 89' lang='lat' dir='ltr'><strong>sic</strong></span> <span class='ocrx_word' id='word_1_212' title='bbox 972 2748 1030 2806; x_wconf 89' lang='lat' dir='ltr'><strong>et</strong></span> <span class='ocrx_word' id='word_1_213' title='bbox 1060 2746 1172 2821; x_wconf 89' lang='lat' dir='ltr'><strong>ipsi</strong></span> <span class='ocrx_word' id='word_1_214' title='bbox 1201 2750 1322 2807; x_wconf 86' lang='lat' dir='ltr'><strong>tres</strong></span> <span class='ocrx_word' id='word_1_215' title='bbox 1351 2747 1493 2819; x_wconf 89' lang='lat' dir='ltr'><strong>dies,</strong></span> <span class='ocrx_word' id='word_1_216' title='bbox 1543 2765 1647 2821; x_wconf 90' lang='lat' dir='ltr'><strong>per</strong></span> <span class='ocrx_word' id='word_1_217' title='bbox 1698 2750 1942 2822; x_wconf 87' lang='lat' dir='ltr'><strong>quatuor</strong></span> <span class='ocrx_word' id='word_1_218' title='bbox 1991 2751 2247 2822; x_wconf 88' lang='lat' dir='ltr'><strong>tempora</strong></span> <span class='ocrx_word' id='word_1_219' title='bbox 2274 2751 2469 2808; x_wconf 90' lang='lat' dir='ltr'><strong>ternos</strong></span> <span class='ocrx_word' id='word_1_220' title='bbox 2520 2765 2743 2808; x_wconf 86' lang='lat' dir='ltr'><strong>menses</strong></span> <span class='ocrx_word' id='word_1_221' title='bbox 2774 2745 2887 2806; x_wconf 88' lang='lat' dir='ltr'><strong>sibi</strong></span> 
     </span>
     <span class='ocr_line' id='line_1_23' title="bbox 646 2847 2889 2925; baseline 0 -17"><span class='ocrx_word' id='word_1_222' title='bbox 646 2847 1016 2908; x_wconf 87' lang='lat' dir='ltr'><strong>defendentes</strong></span> <span class='ocrx_word' id='word_1_223' title='bbox 1058 2867 1266 2909; x_wconf 90' lang='lat' dir='ltr'><strong>annum</strong></span> <span class='ocrx_word' id='word_1_224' title='bbox 1308 2853 1442 2925; x_wconf 89' lang='lat' dir='ltr'><strong>post</strong></span> <span class='ocrx_word' id='word_1_225' title='bbox 1469 2851 1581 2908; x_wconf 83' lang='lat' dir='ltr'><strong>XII</strong></span> <span class='ocrx_word' id='word_1_226' title='bbox 1609 2868 1835 2911; x_wconf 85' lang='lat' dir='ltr'><strong>menses</strong></span> <span class='ocrx_word' id='word_1_227' title='bbox 1866 2852 2191 2925; x_wconf 85' lang='lat' dir='ltr'><strong>suppletum</strong></span> <span class='ocrx_word' id='word_1_228' title='bbox 2222 2853 2766 2911; x_wconf 85' lang='lat' dir='ltr'><strong>demonstrauernnt.</strong></span> <span class='ocrx_word' id='word_1_229' title='bbox 2828 2853 2889 2911; x_wconf 90' lang='lat' dir='ltr'><strong>et</strong></span> 
     </span>
     <span class='ocr_line' id='line_1_24' title="bbox 647 2951 2883 3028; baseline 0.002 -19"><span class='ocrx_word' id='word_1_230' title='bbox 647 2951 729 3010; x_wconf 88' lang='lat' dir='ltr'><strong>sic</strong></span> <span class='ocrx_word' id='word_1_231' title='bbox 757 2967 857 3025; x_wconf 90' lang='lat' dir='ltr'><strong>per</strong></span> <span class='ocrx_word' id='word_1_232' title='bbox 887 2952 1034 3011; x_wconf 87' lang='lat' dir='ltr'><strong>hanc</strong></span> <span class='ocrx_word' id='word_1_233' title='bbox 1061 2953 1466 3012; x_wconf 87' lang='lat' dir='ltr'><strong>multiformem</strong></span> <span class='ocrx_word' id='word_1_234' title='bbox 1493 2955 1813 3013; x_wconf 82' lang='lat' dir='ltr'><strong>trinitatem</strong></span> <span class='ocrx_word' id='word_1_235' title='bbox 1842 2957 1901 3013; x_wconf 92' lang='lat' dir='ltr'><strong>et</strong></span> <span class='ocrx_word' id='word_1_236' title='bbox 1930 2955 2087 3028; x_wconf 85' lang='lat' dir='ltr'><strong>ipsae</strong></span> <span class='ocrx_word' id='word_1_237' title='bbox 2110 2955 2401 3014; x_wconf 89' lang='lat' dir='ltr'><strong>duodecim</strong></span> <span class='ocrx_word' id='word_1_238' title='bbox 2430 2957 2603 3014; x_wconf 90' lang='lat' dir='ltr'><strong>horae</strong></span> <span class='ocrx_word' id='word_1_239' title='bbox 2632 2971 2883 3028; x_wconf 86' lang='lat' dir='ltr'><strong>euange-</strong></span> 
     </span>
     <span class='ocr_line' id='line_1_25' title="bbox 645 3055 2885 3132; baseline 0.001 -20"><span class='ocrx_word' id='word_1_240' title='bbox 645 3055 783 3113; x_wconf 88' lang='lat' dir='ltr'><strong>lium</strong></span> <span class='ocrx_word' id='word_1_241' title='bbox 813 3071 986 3114; x_wconf 89' lang='lat' dir='ltr'><strong>unum</strong></span> <span class='ocrx_word' id='word_1_242' title='bbox 1016 3057 1076 3114; x_wconf 88' lang='lat' dir='ltr'><strong>in</strong></span> <span class='ocrx_word' id='word_1_243' title='bbox 1106 3059 1349 3129; x_wconf 86' lang='lat' dir='ltr'><strong>quatuor</strong></span> <span class='ocrx_word' id='word_1_244' title='bbox 1377 3060 1570 3131; x_wconf 84' lang='lat' dir='ltr'><strong>partes</strong></span> <span class='ocrx_word' id='word_1_245' title='bbox 1601 3058 1849 3117; x_wconf 88' lang='lat' dir='ltr'><strong>diuisum</strong></span> <span class='ocrx_word' id='word_1_246' title='bbox 1878 3059 2270 3130; x_wconf 85' lang='lat' dir='ltr'><strong>ostenderunt,</strong></span> <span class='ocrx_word' id='word_1_247' title='bbox 2304 3061 2363 3118; x_wconf 94' lang='lat' dir='ltr'><strong>et</strong></span> <span class='ocrx_word' id='word_1_248' title='bbox 2392 3061 2515 3117; x_wconf 89' lang='lat' dir='ltr'><strong>tres</strong></span> <span class='ocrx_word' id='word_1_249' title='bbox 2536 3073 2759 3118; x_wconf 87' lang='lat' dir='ltr'><strong>menses</strong></span> <span class='ocrx_word' id='word_1_250' title='bbox 2780 3073 2885 3132; x_wconf 87' lang='lat' dir='ltr'><strong>per</strong></span> 
     </span>
    </p>
   </div>
   <div class='ocr_carea' id='block_1_3' title="bbox 643 3159 2953 3335">
    <p class='ocr_par' dir='ltr' id='par_1_4' title="bbox 643 3159 2953 3335">
     <span class='ocr_line' id='line_1_26' title="bbox 643 3159 2953 3236; baseline 0.002 -20"><span class='ocrx_word' id='word_1_251' title='bbox 643 3159 885 3232; x_wconf 85' lang='lat' dir='ltr'><strong>quatuor</strong></span> <span class='ocrx_word' id='word_1_252' title='bbox 913 3161 1166 3232; x_wconf 85' lang='lat' dir='ltr'><strong>tempora</strong></span> <span class='ocrx_word' id='word_1_253' title='bbox 1196 3159 1254 3218; x_wconf 92' lang='lat' dir='ltr'><strong>id</strong></span> <span class='ocrx_word' id='word_1_254' title='bbox 1281 3162 1372 3220; x_wconf 88' lang='lat' dir='ltr'><strong>est</strong></span> <span class='ocrx_word' id='word_1_255' title='bbox 1401 3178 1502 3235; x_wconf 90' lang='lat' dir='ltr'><strong>per</strong></span> <span class='ocrx_word' id='word_1_256' title='bbox 1533 3163 1778 3234; x_wconf 85' lang='lat' dir='ltr'><strong>quatuor</strong></span> <span class='ocrx_word' id='word_1_257' title='bbox 1805 3160 2189 3236; x_wconf 82' lang='lat' dir='ltr'><strong>euangelistas</strong></span> <span class='ocrx_word' id='word_1_258' title='bbox 2218 3160 2431 3221; x_wconf 86' lang='lat' dir='ltr'><strong>electos</strong></span> <span class='ocrx_word' id='word_1_259' title='bbox 2452 3179 2489 3221; x_wconf 98' lang='lat' dir='ltr'><strong>a</strong></span> <span class='ocrx_word' id='word_1_260' title='bbox 2518 3161 2747 3221; x_wconf 86' lang='lat' dir='ltr'><strong>Christo</strong></span> <span class='ocrx_word' id='word_1_261' title='bbox 2770 3160 2883 3219; x_wconf 82' lang='lat' dir='ltr'><strong>XII</strong></span> <span class='ocrx_word' id='word_1_262' title='bbox 2902 3181 2953 3221; x_wconf 66' lang='grc' dir='ltr'>π</span> 
     </span>
     <span class='ocr_line' id='line_1_27' title="bbox 645 3259 1679 3335; baseline 0.005 -16"><span class='ocrx_word' id='word_1_263' title='bbox 645 3259 930 3335; x_wconf 80' lang='lat' dir='ltr'><strong>apostolos</strong></span> <span class='ocrx_word' id='word_1_264' title='bbox 958 3262 1122 3322; x_wconf 92' lang='lat' dir='ltr'><strong>nobis</strong></span> <span class='ocrx_word' id='word_1_265' title='bbox 1151 3262 1679 3324; x_wconf 84' lang='lat' dir='ltr'><strong>manifestauerunt.</strong></span> 
     </span>
    </p>
   </div>
   <div class='ocr_carea' id='block_1_4' title="bbox 784 3427 1575 3492">
    <p class='ocr_par' dir='ltr' id='par_1_5' title="bbox 784 3427 1575 3492">
     <span class='ocr_line' id='line_1_28' title="bbox 784 3427 1575 3492; baseline 0.001 -11"><span class='ocrx_word' id='word_1_266' title='bbox 784 3429 847 3481; x_wconf 92' lang='lat'><strong>11</strong></span> <span class='ocrx_word' id='word_1_267' title='bbox 883 3427 1010 3480; x_wconf 78' lang='lat' dir='ltr'><strong>Mal.</strong></span> <span class='ocrx_word' id='word_1_268' title='bbox 1049 3427 1100 3492; x_wconf 89' lang='lat'><strong>4,</strong></span> <span class='ocrx_word' id='word_1_269' title='bbox 1134 3427 1187 3481; x_wconf 87' lang='lat'><strong>2.</strong></span> <span class='ocrx_word' id='word_1_270' title='bbox 1393 3429 1462 3482; x_wconf 98' lang='lat'><strong>14</strong></span> <span class='ocrx_word' id='word_1_271' title='bbox 1495 3428 1523 3482; x_wconf 67' lang='grc' dir='ltr'><strong>’ἓ</strong></span> <span class='ocrx_word' id='word_1_272' title='bbox 1546 3428 1575 3482; x_wconf 77' lang='lat'><strong>¹?</strong></span> 
     </span>
    </p>
   </div>
   <div class='ocr_carea' id='block_1_5' title="bbox 639 3581 2891 4432">
    <p class='ocr_par' dir='ltr' id='par_1_6' title="bbox 639 3581 2891 4432">
     <span class='ocr_line' id='line_1_29' title="bbox 781 3581 2821 3655; baseline 0.002 -19"><span class='ocrx_word' id='word_1_273' title='bbox 781 3585 810 3636; x_wconf 93' lang='lat'>1</span> <span class='ocrx_word' id='word_1_274' title='bbox 846 3581 1080 3636; x_wconf 79' lang='lat' dir='ltr'>XXXIII</span> <span class='ocrx_word' id='word_1_275' title='bbox 1116 3599 1146 3637; x_wconf 89' lang='lat' dir='ltr'><strong>c</strong></span> <span class='ocrx_word' id='word_1_276' title='bbox 1455 3584 1490 3638; x_wconf 92' lang='grc'><strong>2</strong></span> <span class='ocrx_word' id='word_1_277' title='bbox 1523 3585 1684 3655; x_wconf 83' lang='lat' dir='ltr'><strong>ipsos]</strong></span> <span class='ocrx_word' id='word_1_278' title='bbox 1720 3586 1808 3640; x_wconf 90' lang='lat' dir='ltr'><strong>his</strong></span> <span class='ocrx_word' id='word_1_279' title='bbox 1844 3587 1985 3640; x_wconf 90' lang='lat' dir='ltr'><strong>enim</strong></span> <span class='ocrx_word' id='word_1_280' title='bbox 2021 3585 2053 3638; x_wconf 80' lang='lat' dir='ltr'><strong>b</strong></span> <span class='ocrx_word' id='word_1_281' title='bbox 2364 3583 2757 3640; x_wconf 80' lang='lat' dir='ltr'><strong>cccxxxnn</strong></span> <span class='ocrx_word' id='word_1_282' title='bbox 2792 3603 2821 3640; x_wconf 86' lang='lat' dir='ltr'><strong>c</strong></span> 
     </span>
     <span class='ocr_line' id='line_1_30' title="bbox 641 3668 2819 3740; baseline 0.001 -17"><span class='ocrx_word' id='word_1_283' title='bbox 641 3669 678 3722; x_wconf 84' lang='lat'>4</span> <span class='ocrx_word' id='word_1_284' title='bbox 711 3668 920 3740; x_wconf 87' lang='lat' dir='ltr'><strong>christi]</strong></span> <span class='ocrx_word' id='word_1_285' title='bbox 957 3669 1160 3724; x_wconf 90' lang='lat' dir='ltr'><strong>domini</strong></span> <span class='ocrx_word' id='word_1_286' title='bbox 1193 3671 1227 3724; x_wconf 87' lang='lat' dir='ltr'><strong><em>b</em></strong></span> <span class='ocrx_word' id='word_1_287' title='bbox 1473 3687 1543 3728; x_wconf 68' lang='grc' dir='ltr'>ῶ</span> <span class='ocrx_word' id='word_1_288' title='bbox 1579 3672 1885 3727; x_wconf 85' lang='lat' dir='ltr'><strong>DXXXVII</strong></span> <span class='ocrx_word' id='word_1_289' title='bbox 1920 3674 1952 3727; x_wconf 87' lang='lat' dir='ltr'><strong><em>b</em></strong></span> <span class='ocrx_word' id='word_1_290' title='bbox 2206 3673 2241 3726; x_wconf 82' lang='grc' dir='ltr'><em>ὃ</em></span> <span class='ocrx_word' id='word_1_291' title='bbox 2274 3671 2332 3726; x_wconf 91' lang='lat' dir='ltr'><strong>id</strong></span> <span class='ocrx_word' id='word_1_292' title='bbox 2352 3711 2364 3726; x_wconf 89' lang='lat'><strong><em>.</em></strong></span> <span class='ocrx_word' id='word_1_293' title='bbox 2386 3712 2398 3724; x_wconf 89' lang='lat'><strong>.</strong></span> <span class='ocrx_word' id='word_1_294' title='bbox 2421 3713 2431 3724; x_wconf 96' lang='lat'>.</span> <span class='ocrx_word' id='word_1_295' title='bbox 2454 3687 2613 3725; x_wconf 89' lang='lat' dir='ltr'><strong>uersu</strong></span> <span class='ocrx_word' id='word_1_296' title='bbox 2648 3687 2751 3726; x_wconf 85' lang='lat' dir='ltr'><strong>om.</strong></span> <span class='ocrx_word' id='word_1_297' title='bbox 2788 3673 2819 3726; x_wconf 80' lang='lat' dir='ltr'><strong><em>b</em></strong></span> 
     </span>
     <span class='ocr_line' id='line_1_31' title="bbox 642 3753 2822 3827; baseline 0.001 -17"><span class='ocrx_word' id='word_1_298' title='bbox 642 3757 677 3810; x_wconf 87' lang='grc'><strong>6</strong></span> <span class='ocrx_word' id='word_1_299' title='bbox 711 3753 1102 3810; x_wconf 82' lang='lat' dir='ltr'><strong>dinumeramus</strong></span> <span class='ocrx_word' id='word_1_300' title='bbox 1137 3758 1168 3812; x_wconf 82' lang='lat' dir='ltr'><strong>b</strong></span> <span class='ocrx_word' id='word_1_301' title='bbox 1353 3757 1384 3812; x_wconf 76' lang='lat'><strong>‘1</strong></span> <span class='ocrx_word' id='word_1_302' title='bbox 1421 3759 1787 3814; x_wconf 79' lang='lat' dir='ltr'><strong>sedecennitas</strong></span> <span class='ocrx_word' id='word_1_303' title='bbox 1822 3760 1855 3814; x_wconf 81' lang='lat' dir='ltr'><strong>b</strong></span> <span class='ocrx_word' id='word_1_304' title='bbox 2046 3757 2081 3812; x_wconf 85' lang='lat'>8</span> <span class='ocrx_word' id='word_1_305' title='bbox 2114 3757 2162 3812; x_wconf 95' lang='lat' dir='ltr'><strong>V</strong></span> <span class='ocrx_word' id='word_1_306' title='bbox 2197 3758 2272 3812; x_wconf 82' lang='lat' dir='ltr'><strong>kl.</strong></span> <span class='ocrx_word' id='word_1_307' title='bbox 2312 3759 2465 3827; x_wconf 87' lang='lat' dir='ltr'><strong>apriL</strong></span> <span class='ocrx_word' id='word_1_308' title='bbox 2504 3757 2623 3812; x_wconf 87' lang='lat'>1111</span> <span class='ocrx_word' id='word_1_309' title='bbox 2656 3774 2757 3812; x_wconf 82' lang='lat' dir='ltr'><strong>om.</strong></span> <span class='ocrx_word' id='word_1_310' title='bbox 2790 3773 2822 3813; x_wconf 82' lang='lat' dir='ltr'><strong>c</strong></span> 
     </span>
     <span class='ocr_line' id='line_1_32' title="bbox 641 3842 2821 3913; baseline 0.001 -17"><span class='ocrx_word' id='word_1_311' title='bbox 641 3842 1586 3913; x_wconf 74' lang='lat' dir='ltr'><strong>9ntin...l.11deipsoom.e</strong></span> <span class='ocrx_word' id='word_1_312' title='bbox 1774 3845 2269 3899; x_wconf 81' lang='lat' dir='ltr'><strong>llmeritoom.b</strong></span> <span class='ocrx_word' id='word_1_313' title='bbox 2474 3843 2821 3913; x_wconf 79' lang='lat' dir='ltr'><strong>12pinnisc</strong></span> 
     </span>
     <span class='ocr_line' id='line_1_33' title="bbox 644 3929 2889 4000; baseline 0.001 -18"><span class='ocrx_word' id='word_1_314' title='bbox 644 3929 712 3982; x_wconf 85' lang='lat'><strong>13</strong></span> <span class='ocrx_word' id='word_1_315' title='bbox 743 3929 924 3997; x_wconf 90' lang='lat' dir='ltr'><strong>pinnis</strong></span> <span class='ocrx_word' id='word_1_316' title='bbox 962 3931 1074 3984; x_wconf 82' lang='lat' dir='ltr'><strong>eius</strong></span> <span class='ocrx_word' id='word_1_317' title='bbox 1111 3931 1259 3986; x_wconf 87' lang='lat' dir='ltr'><strong>cuius</strong></span> <span class='ocrx_word' id='word_1_318' title='bbox 1293 3931 1673 3986; x_wconf 84' lang='lat' dir='ltr'><strong>ostendebatur</strong></span> <span class='ocrx_word' id='word_1_319' title='bbox 1707 3947 1737 3986; x_wconf 86' lang='lat' dir='ltr'><strong>c</strong></span> <span class='ocrx_word' id='word_1_320' title='bbox 1977 3930 2044 3984; x_wconf 92' lang='lat'><strong>14</strong></span> <span class='ocrx_word' id='word_1_321' title='bbox 2079 3929 2419 4000; x_wconf 77' lang='lat' dir='ltr'><strong>cognoscitur</strong></span> <span class='ocrx_word' id='word_1_322' title='bbox 2452 3947 2482 3985; x_wconf 90' lang='lat' dir='ltr'><strong>c</strong></span> <span class='ocrx_word' id='word_1_323' title='bbox 2710 3931 2889 3999; x_wconf 85' lang='lat' dir='ltr'><strong>pullos</strong></span> 
     </span>
     <span class='ocr_line' id='line_1_34' title="bbox 643 4015 2889 4085; baseline 0.001 -16"><span class='ocrx_word' id='word_1_324' title='bbox 643 4017 786 4084; x_wconf 86' lang='lat' dir='ltr'><strong>suos]</strong></span> <span class='ocrx_word' id='word_1_325' title='bbox 822 4015 1074 4084; x_wconf 88' lang='lat' dir='ltr'><strong>populum</strong></span> <span class='ocrx_word' id='word_1_326' title='bbox 1111 4033 1264 4071; x_wconf 85' lang='lat' dir='ltr'><strong>snum</strong></span> <span class='ocrx_word' id='word_1_327' title='bbox 1300 4018 1333 4072; x_wconf 81' lang='lat' dir='ltr'><strong>b</strong></span> <span class='ocrx_word' id='word_1_328' title='bbox 1486 4017 1554 4072; x_wconf 88' lang='lat'><strong>15</strong></span> <span class='ocrx_word' id='word_1_329' title='bbox 1589 4015 1853 4085; x_wconf 85' lang='lat' dir='ltr'><strong>spandens</strong></span> <span class='ocrx_word' id='word_1_330' title='bbox 1888 4016 1921 4071; x_wconf 79' lang='lat' dir='ltr'><strong>b</strong></span> <span class='ocrx_word' id='word_1_331' title='bbox 2058 4017 2125 4072; x_wconf 89' lang='grc'><strong>16</strong></span> <span class='ocrx_word' id='word_1_332' title='bbox 2164 4015 2573 4071; x_wconf 82' lang='lat' dir='ltr'><strong>similitudinem</strong></span> <span class='ocrx_word' id='word_1_333' title='bbox 2608 4033 2638 4072; x_wconf 85' lang='lat' dir='ltr'><strong>c</strong></span> <span class='ocrx_word' id='word_1_334' title='bbox 2774 4016 2889 4071; x_wconf 82' lang='lat' dir='ltr'><strong>dies</strong></span> 
     </span>
     <span class='ocr_line' id='line_1_35' title="bbox 642 4101 2888 4172; baseline 0.001 -18"><span class='ocrx_word' id='word_1_335' title='bbox 642 4115 742 4155; x_wconf 86' lang='lat' dir='ltr'><strong>om.</strong></span> <span class='ocrx_word' id='word_1_336' title='bbox 779 4115 808 4155; x_wconf 90' lang='lat' dir='ltr'><strong>c</strong></span> <span class='ocrx_word' id='word_1_337' title='bbox 1012 4103 1076 4156; x_wconf 79' lang='lat'><strong>17</strong></span> <span class='ocrx_word' id='word_1_338' title='bbox 1114 4102 1237 4171; x_wconf 87' lang='lat' dir='ltr'><strong>diei]</strong></span> <span class='ocrx_word' id='word_1_339' title='bbox 1275 4101 1386 4156; x_wconf 85' lang='lat' dir='ltr'><strong>dies</strong></span> <span class='ocrx_word' id='word_1_340' title='bbox 1423 4119 1454 4158; x_wconf 87' lang='lat' dir='ltr'><strong>e</strong></span> <span class='ocrx_word' id='word_1_341' title='bbox 1714 4103 1781 4158; x_wconf 88' lang='grc'><strong>19</strong></span> <span class='ocrx_word' id='word_1_342' title='bbox 1816 4102 2050 4172; x_wconf 81' lang='lat' dir='ltr'><strong>fuerunt]</strong></span> <span class='ocrx_word' id='word_1_343' title='bbox 2090 4103 2265 4156; x_wconf 84' lang='lat' dir='ltr'><strong>factus</strong></span> <span class='ocrx_word' id='word_1_344' title='bbox 2300 4105 2427 4156; x_wconf 89' lang='lat' dir='ltr'><strong>sunt</strong></span> <span class='ocrx_word' id='word_1_345' title='bbox 2462 4118 2492 4157; x_wconf 83' lang='lat' dir='ltr'><strong>c</strong></span> <span class='ocrx_word' id='word_1_346' title='bbox 2755 4119 2888 4171; x_wconf 86' lang='lat' dir='ltr'><strong>quo-</strong></span> 
     </span>
     <span class='ocr_line' id='line_1_36' title="bbox 639 4187 2891 4258; baseline 0 -16"><span class='ocrx_word' id='word_1_347' title='bbox 639 4187 796 4242; x_wconf 89' lang='lat' dir='ltr'><strong>modo</strong></span> <span class='ocrx_word' id='word_1_348' title='bbox 829 4203 928 4243; x_wconf 88' lang='lat' dir='ltr'><strong>om.</strong></span> <span class='ocrx_word' id='word_1_349' title='bbox 964 4205 994 4244; x_wconf 89' lang='lat' dir='ltr'><strong>c</strong></span> <span class='ocrx_word' id='word_1_350' title='bbox 1173 4189 1244 4242; x_wconf 92' lang='grc'><strong>20</strong></span> <span class='ocrx_word' id='word_1_351' title='bbox 1278 4188 1685 4258; x_wconf 85' lang='lat' dir='ltr'><strong>quadriennium</strong></span> <span class='ocrx_word' id='word_1_352' title='bbox 1720 4190 1752 4243; x_wconf 87' lang='lat' dir='ltr'><strong>b</strong></span> <span class='ocrx_word' id='word_1_353' title='bbox 1933 4189 2173 4244; x_wconf 87' lang='lat' dir='ltr'><strong>efficiunt</strong></span> <span class='ocrx_word' id='word_1_354' title='bbox 2185 4208 2199 4252; x_wconf 81' lang='lat'>3</span> <span class='ocrx_word' id='word_1_355' title='bbox 2236 4191 2301 4243; x_wconf 91' lang='lat' dir='ltr'><strong>ut</strong></span> <span class='ocrx_word' id='word_1_356' title='bbox 2332 4190 2389 4242; x_wconf 88' lang='lat' dir='ltr'><strong>et</strong></span> <span class='ocrx_word' id='word_1_357' title='bbox 2422 4189 2571 4257; x_wconf 81' lang='lat' dir='ltr'><strong>ipsae</strong></span> <span class='ocrx_word' id='word_1_358' title='bbox 2603 4187 2691 4241; x_wconf 84' lang='lat' dir='ltr'><strong>m</strong></span> <span class='ocrx_word' id='word_1_359' title='bbox 2726 4188 2891 4242; x_wconf 86' lang='lat' dir='ltr'><strong>horae</strong></span> 
     </span>
     <span class='ocr_line' id='line_1_37' title="bbox 640 4273 2821 4345; baseline 0.001 -17"><span class='ocrx_word' id='word_1_360' title='bbox 640 4273 785 4329; x_wconf 87' lang='lat' dir='ltr'><strong>diem</strong></span> <span class='ocrx_word' id='word_1_361' title='bbox 820 4292 850 4330; x_wconf 89' lang='lat' dir='ltr'><strong>c</strong></span> <span class='ocrx_word' id='word_1_362' title='bbox 1021 4275 1090 4330; x_wconf 90' lang='grc'><strong>22</strong></span> <span class='ocrx_word' id='word_1_363' title='bbox 1125 4274 1476 4344; x_wconf 81' lang='lat' dir='ltr'><strong>dependentes</strong></span> <span class='ocrx_word' id='word_1_364' title='bbox 1518 4278 1566 4328; x_wconf 79' lang='lat' dir='ltr'><em>G</em></span> <span class='ocrx_word' id='word_1_365' title='bbox 1730 4274 2245 4345; x_wconf 87' lang='lat' dir='ltr'><strong>demonstranerunt]</strong></span> <span class='ocrx_word' id='word_1_366' title='bbox 2284 4274 2757 4329; x_wconf 80' lang='lat' dir='ltr'><strong>dinumerauenmt</strong></span> <span class='ocrx_word' id='word_1_367' title='bbox 2790 4291 2821 4330; x_wconf 86' lang='lat' dir='ltr'><strong>c</strong></span> 
     </span>
     <span class='ocr_line' id='line_1_38' title="bbox 639 4359 2829 4432; baseline -0.001 -15"><span class='ocrx_word' id='word_1_368' title='bbox 639 4361 710 4416; x_wconf 80' lang='lat'><strong>23</strong></span> <span class='ocrx_word' id='word_1_369' title='bbox 743 4361 1016 4416; x_wconf 86' lang='lat' dir='ltr'><strong>duodecim</strong></span> <span class='ocrx_word' id='word_1_370' title='bbox 1062 4377 1161 4415; x_wconf 88' lang='lat' dir='ltr'><strong>om.</strong></span> <span class='ocrx_word' id='word_1_371' title='bbox 1201 4361 1234 4415; x_wconf 84' lang='lat' dir='ltr'><strong>b</strong></span> <span class='ocrx_word' id='word_1_372' title='bbox 1570 4361 1643 4414; x_wconf 95' lang='grc'><strong>24</strong></span> <span class='ocrx_word' id='word_1_373' title='bbox 1676 4363 1733 4415; x_wconf 86' lang='lat' dir='ltr'><strong>et</strong></span> <span class='ocrx_word' id='word_1_374' title='bbox 1774 4361 1907 4432; x_wconf 82' lang='lat' dir='ltr'><strong>tres]</strong></span> <span class='ocrx_word' id='word_1_375' title='bbox 1955 4361 2158 4416; x_wconf 84' lang='lat' dir='ltr'><strong>aeterni</strong></span> <span class='ocrx_word' id='word_1_376' title='bbox 2193 4378 2252 4427; x_wconf 82' lang='lat' dir='ltr'><strong>e,·</strong></span> <span class='ocrx_word' id='word_1_377' title='bbox 2296 4363 2353 4415; x_wconf 88' lang='lat' dir='ltr'><strong>et</strong></span> <span class='ocrx_word' id='word_1_378' title='bbox 2386 4361 2527 4415; x_wconf 82' lang='lat' dir='ltr'><strong>terni</strong></span> <span class='ocrx_word' id='word_1_379' title='bbox 2562 4362 2701 4414; x_wconf 69' lang='lat' dir='ltr'><strong>coni.</strong></span> <span class='ocrx_word' id='word_1_380' title='bbox 2748 4359 2829 4414; x_wconf 81' lang='lat' dir='ltr'><strong><em>W</em></strong></span> 
     </span>
    </p>
   </div>
   <div class='ocr_carea' id='block_1_6' title="bbox 639 4446 2888 4589">
    <p class='ocr_par' dir='ltr' id='par_1_7' title="bbox 639 4446 2888 4589">
     <span class='ocr_line' id='line_1_39' title="bbox 639 4446 2888 4517; baseline 0 -16"><span class='ocrx_word' id='word_1_381' title='bbox 639 4448 710 4502; x_wconf 85' lang='grc'><strong>25</strong></span> <span class='ocrx_word' id='word_1_382' title='bbox 743 4448 1021 4517; x_wconf 80' lang='lat' dir='ltr'><strong>euangelia</strong></span> <span class='ocrx_word' id='word_1_383' title='bbox 1055 4463 1116 4502; x_wconf 81' lang='lat' dir='ltr'><strong>cv</strong></span> <span class='ocrx_word' id='word_1_384' title='bbox 1377 4447 1578 4502; x_wconf 84' lang='lat' dir='ltr'><strong>electus</strong></span> <span class='ocrx_word' id='word_1_385' title='bbox 1611 4447 1884 4516; x_wconf 82' lang='lat' dir='ltr'><strong>apostolus</strong></span> <span class='ocrx_word' id='word_1_386' title='bbox 1919 4461 1951 4504; x_wconf 79' lang='lat' dir='ltr'><strong>c</strong></span> <span class='ocrx_word' id='word_1_387' title='bbox 2210 4447 2285 4505; x_wconf 86' lang='grc'><strong>26</strong></span> <span class='ocrx_word' id='word_1_388' title='bbox 2318 4446 2807 4502; x_wconf 82' lang='lat' dir='ltr'><strong>manifestauerunt</strong></span> <span class='ocrx_word' id='word_1_389' title='bbox 2838 4447 2888 4511; x_wconf 79' lang='lat' dir='ltr'><strong>b,</strong></span> 
     </span>
     <span class='ocr_line' id='line_1_40' title="bbox 641 4533 1235 4589; baseline 0.003 -2"><span class='ocrx_word' id='word_1_390' title='bbox 641 4533 1139 4589; x_wconf 84' lang='lat' dir='ltr'><strong>demonstranerunt</strong></span> <span class='ocrx_word' id='word_1_391' title='bbox 1173 4549 1235 4589; x_wconf 82' lang='lat' dir='ltr'><strong>cv</strong></span> 
     </span>
    </p>
   </div>
  </div>
 </body>
</html>
