3217 5150
713 538 803 592 De
837 538 1186 593 duodecim
1223 537 1532 592 abusiuis
1568 538 1829 593 saeculi
1873 554 1916 591 c.
1956 538 2176 592 10-12.
2462 542 2581 607 171

335 702 514 761 bene
557 699 816 759 facere.
862 700 921 758 et
961 698 1034 757 ad
1079 682 1315 761 eandem
1359 698 1661 773 psalmista
1703 714 1949 758 consona
1976 714 2113 758 uoce
2142 698 2467 772 compsallit
2483 662 2585 757 0di-

337 820 506 864 cens:
575 800 870 863 declina
911 819 948 861 a
991 801 1174 862 malo
1230 804 1302 863 et
1354 802 1472 863 fac
1536 802 1809 861 bonum.
1883 800 2089 860 infelix
2146 818 2281 875 ergo
2338 803 2430 860 est
2486 800 2585 876 qui

336 906 516 967 abicit
564 900 946 982 disciplinam.
993 905 1166 965 audet
1217 904 1368 966 enim
1418 906 1580 965 extra
1626 904 1839 964 milites
1867 887 2104 979 aliquid,
2150 904 2249 979 qui
2279 904 2581 965 Dominum

333 1010 728 1085 crucifigentes
772 1028 884 1070 non
927 1008 1328 1069 consciderunt
1367 1007 1641 1082 tunicam,
1696 1007 1793 1083 qui
1824 1006 2099 1067 ecclesiae
2129 1006 2343 1067 Christi
2372 1008 2584 1068 scindit

285 1135 311 1173 5
331 1114 711 1189 disciplinam.
755 1115 935 1175 sicut.
959 1114 1108 1175 enim
1157 1113 1356 1173 tunica
1399 1114 1583 1173 totum
1631 1128 1832 1187 corpus
1876 1114 2105 1186 praeter
2142 1114 2317 1186 caput
2344 1111 2580 1187 tegitur,

329 1218 415 1276 ita
467 1216 770 1291 disciplina
819 1218 1080 1278 omnibus
1131 1216 1194 1275 in
1243 1214 1486 1279 ecclesia
1533 1218 1626 1275 est
1670 1217 1895 1288 praeter
1940 1213 2253 1275 Christum.
2300 1215 2399 1289 qui
2443 1232 2581 1289 ergo

328 1320 602 1380 ecclesiae
652 1319 758 1381 sub
809 1319 1117 1395 disciplina
1162 1322 1252 1380 est
1292 1318 1617 1393 protegit-ur
1660 1320 1719 1377 et
1763 1320 2017 1377 ornatur.
2063 1317 2191 1392 ipsa
2218 1334 2355 1377 uero
2384 1318 2581 1377 tunica

327 1426 596 1484 contexta
643 1425 888 1498 desuper
937 1423 1127 1485 fuerat
1169 1440 1273 1497 per
1312 1423 1514 1496 totum,
1569 1421 1705 1497 quia
1748 1422 1945 1481 eadem
1974 1420 2250 1481 ecclesiae
2278 1419 2583 1495 disciplina

326 1544 362 1585 a
390 1526 630 1586 Domino
672 1527 741 1586 de
791 1526 947 1587 caelo
989 1525 1269 1587 tribuitur
1297 1528 1358 1585 et
1403 1524 1741 1599 integratur.
1788 1524 1858 1584 de
1902 1542 2015 1599 qua
2042 1524 2318 1584 Dominus
2347 1540 2476 1583 cum
2505 1524 2579 1583 ad

253 1648 308 1687 ιο
326 1632 550 1703 patrem
578 1629 947 1702 ascendisset,
975 1631 1280 1704 postquam
1309 1626 1619 1689 resurrexit
1648 1644 1684 1687 a
1709 1626 1967 1699 mortuis,
2012 1628 2087 1687 ad
2126 1628 2413 1702 apostolos
2442 1644 2579 1688 suos

323 1732 697 1807 loquebatur:
763 1750 892 1793 uos
954 1734 1195 1792 autem
1259 1732 1509 1792 sedete
1553 1732 1626 1791 in
1685 1730 2037 1805 ciuitate,
2107 1732 2577 1807 quoadusquo
2688 1782 2691 1785 ,

325 1836 736 1895 induamini
778 1836 1064 1896 uirtute
1108 1835 1194 1895 ab
1237 1835 1554 1896 excelso.
1622 1834 1819 1895 tunica
1868 1850 2005 1908 ergo
2056 1834 2307 1910 corporis
2360 1833 2578 1895 Christi

324 1938 628 2013 disciplina
669 1938 940 1999 ecclesiae
985 1941 1104 1999 est:
1149 1939 1249 2013 qui
1293 1940 1485 1999 autem
1527 1938 1692 1998 extra
1720 1936 2083 2012 disciplinam
2112 1939 2204 1997 est
2232 1938 2455 1998 alienus
2485 1940 2576 1997 est

322 2061 358 2101 a
398 2059 630 2117 corpore
681 2042 915 2103 Christi.
960 2059 1098 2102 non
1141 2041 1558 2102 scindamus
1602 2041 1840 2115 igitur
1883 2040 2125 2114 illam,
2184 2041 2308 2101 sed
2352 2042 2576 2101 sorti-

253 2172 304 2209 ιε,
324 2163 522 2205 amur
566 2147 646 2205 de
689 2144 847 2217 illa,
891 2162 1005 2205 non
1055 2144 1346 2206 soluamus
1388 2144 1689 2219 quicquam
1720 2144 1791 2204 de
1837 2144 2123 2205 mandatis
2172 2143 2411 2217 Christi,
2464 2145 2567 2205 sed

323 2248 708 2324 unusquisque
738 2248 800 2307 in
829 2235 940 2323 quo
969 2252 1204 2309 uocatus
1233 2251 1323 2308 est
1351 2248 1412 2307 in
1441 2264 1506 2309 eo
1535 2250 1869 2322 permaneat
1894 2248 2045 2321 apud
2074 2246 2275 2309 Deum.

1037 2419 1376 2480 POPVLVS
1418 2419 1594 2479 SINE
1636 2418 1855 2479 LEGE.

410 2558 787 2620 Duodecimus
829 2559 1122 2620 abusionis
1165 2558 1378 2634 gradus
1419 2560 1510 2620 est
1537 2555 1785 2634 populus
1814 2558 1939 2620 sine
1966 2558 2093 2633 lege
2108 2603 2125 2632 ,
2171 2558 2270 2634 qui
2301 2558 2436 2618 dum
2463 2558 2570 2619 Dei
2592 2563 2672 2622 12

323 2663 480 2722 dicta
529 2664 587 2722 et
636 2663 832 2738 legum
883 2663 1028 2723 scita
1079 2663 1404 2724 contemnit*
1437 2679 1542 2739 per
1581 2663 1840 2723 diuersas
1883 2679 2137 2722 errorum
2176 2661 2302 2721 uias
2330 2662 2569 2721 eundem

247 2789 304 2830 ao
320 2764 660 2838 perditionis
709 2766 974 2840 laqueum
1027 2765 1285 2829 incurrit.
1329 2768 1400 2827 de
1443 2766 1652 2840 quibus
1690 2765 1805 2825 uiis
1848 2765 1955 2824 sub
2000 2781 2244 2840 persona
2270 2766 2568 2839 praeuari-

319 2867 533 2928 catoris
579 2869 776 2942 populi
820 2870 1129 2931 humanum
1159 2886 1340 2945 genus
1369 2869 1651 2945 propheta
1674 2869 1760 2930 ita
1788 2867 2117 2943 deplangit:
2160 2886 2245 2929 no
2260 2885 2288 2928 s
2331 2865 2498 2929 aute
2511 2886 2568 2929 m

452 3069 487 3122 2
520 3067 611 3122 Pu.
645 3069 734 3137 33,
772 3070 852 3124 15.
1263 3068 1327 3123 11
1363 3068 1491 3122 Luc.
1527 3069 1610 3132 24,
1646 3068 1755 3123 49.·
2142 3069 2211 3123 14
2244 3069 2320 3122 10.
2358 3068 2442 3133 19,
2479 3068 2565 3122 24.

313 3156 382 3209 21
419 3153 506 3208 Es.
543 3155 630 3220 53,
663 3156 716 3210 6.

451 3347 483 3398 1
519 3345 587 3399 ad
621 3345 807 3400 eadem
849 3348 912 3412 G,
950 3346 1016 3401 de
1049 3347 1232 3400 eadem
1276 3344 1340 3413 V,
1373 3345 1514 3400 idem
1551 3345 1614 3398 X
1828 3345 2143 3414 psalmistae
2176 3345 2239 3400 X
2439 3362 2563 3402 con-

312 3431 505 3501 spallit
546 3433 636 3498 6¹,
673 3433 868 3502 psallit
902 3432 966 3487 X
1183 3433 1218 3487 3
1253 3432 1452 3487 abiecit
1493 3432 1627 3488 G¹V
1849 3432 2049 3487 audent
2081 3433 2183 3497 X‘,
2218 3432 2403 3487 audiet
2444 3434 2497 3488 V

311 3517 467 3572 deum
502 3517 566 3571 X
677 3563 679 3565 .
761 3519 800 3572 4
833 3518 947 3573 eius
983 3518 1256 3574 sciderunt
1283 3536 1318 3575 v
1522 3518 1714 3573 christi
1750 3534 1851 3574 om.
1888 3519 1950 3573 X
2150 3518 2401 3573 scindunt
2433 3515 2497 3573 X

310 3604 346 3656 5
379 3603 604 3674 tegitur]
642 3603 773 3658 add.
809 3603 894 3658 X:
930 3607 1104 3659 totam
1140 3605 1338 3670 tonica,
1375 3621 1499 3674 exp.
1534 3621 1604 3658 m.
1640 3607 1681 3660 2
1944 3605 1979 3659 6
2014 3605 2265 3659 omnibus
2298 3605 2357 3659 in
2392 3621 2439 3659 e.
2474 3608 2561 3660 est

318 3687 380 3750 V,
414 3689 588 3743 omnis
623 3688 848 3744 ecclesia
889 3689 1032 3746 GXv
1268 3690 1384 3760 qui.
1405 3731 1418 3744 .
1440 3693 1547 3744 .est
1581 3707 1683 3746 om.
1722 3691 1785 3746 X
2010 3691 2139 3760 quia
2174 3707 2303 3760 ergo
2338 3691 2561 3746 ecclesia

308 3774 408 3829 sub
451 3775 515 3840 V,
555 3775 658 3844 'qui
701 3775 925 3830 ecclesia
958 3779 1016 3831 et
1051 3776 1151 3831 sub
1192 3777 1241 3830 G
1272 3777 1372 3832 scd
1403 3791 1527 3846 exp.
1561 3793 1634 3833 m.
1670 3781 1721 3842 2,
1770 3777 1864 3846 qui
1908 3780 2070 3847 caput
2103 3779 2187 3831 est
2220 3777 2471 3832 ecclesiae
2503 3781 2559 3832 et

305 3861 408 3914 sub
443 3876 478 3914 v
703 3861 735 3915 7
770 3878 879 3916 non
911 3864 996 3916 est
1028 3879 1064 3918 v
1287 3862 1625 3933 praetegitur
1664 3863 1785 3928 GV,
1823 3863 2029 3933 tegitur
2064 3867 2131 3917 X
2361 3863 2398 3918 8
2432 3879 2555 3919 con-

302 3949 458 4002 texta
489 3945 675 4002 tunica
717 3946 772 4002 V
968 3947 1141 4002 eidem
1181 3947 1238 4003 V
1435 3948 1725 4020 disciplina
1760 3949 2012 4004 ecclesiae
2034 3964 2067 4003 υ
2273 3949 2342 4004 10
2375 3964 2559 4005 ascen-

304 4032 456 4087 deret
490 4033 552 4086 X
769 4035 1145 4089 resurrexisset
1182 4035 1233 4089 G
1449 4050 1573 4089 suos
1609 4049 1710 4090 om.
1749 4035 1815 4089 X
2015 4036 2080 4089 11
2118 4034 2439 4105 loquebatur
2470 4035 2556 4090 di·
2592 4051 2595 4056 ·

306 4131 430 4170 cens
465 4133 500 4172 υ
725 4117 904 4173 sedete
937 4118 1030 4174 hic
1062 4135 1098 4176 v
1336 4135 1639 4190 quotusque
1681 4119 1737 4176 V
1766 4121 1813 4189 (s
1850 4123 2011 4188 eras.)
2244 4121 2313 4175 12
2345 4123 2553 4175 uirtute
2586 4155 2594 4163 ·

303 4219 405 4257 om.
441 4203 526 4257 X¹
729 4204 798 4259 ab
833 4205 1033 4260 excelso
1073 4207 1139 4271 G,
1175 4221 1236 4260 ex
1269 4207 1382 4261 alto
1417 4209 1483 4261 X
1486 4207 1568 4285 Vv
1754 4206 1823 4261 13
1857 4209 1942 4261 est
1974 4207 2103 4261 disc.
2139 4207 2391 4262 ecclesiae
2426 4207 2491 4262 X

305 4289 372 4342 14
407 4305 440 4343 a
474 4305 692 4360 corpore
726 4290 807 4346 ch.
844 4295 927 4346 est
967 4291 1023 4348 V
1220 4292 1313 4347 sed
1355 4295 1402 4347 G
1436 4307 1478 4348 e.
1513 4293 1551 4348 Ζ.
1587 4311 1655 4348 m.
1694 4296 1733 4348 2
1938 4293 2006 4347 15
2039 4293 2105 4347 de
2138 4291 2256 4363 illa]
2293 4295 2445 4349 cuius
2480 4293 2557 4347 sit

301 4375 359 4428 id
395 4377 480 4429 est
512 4375 644 4433 aad.
678 4392 713 4431 v
916 4377 1126 4449 christi]
1162 4377 1367 4432 domini
1404 4381 1500 4436 Xv
1715 4381 1783 4434 16
1816 4378 2093 4434 dominum
2128 4396 2163 4436 υ
2365 4380 2432 4435 18
2466 4378 2553 4433 dei

306 4465 354 4515 G
390 4478 433 4515 s.
470 4463 504 4516 l.
539 4479 608 4516 m.
643 4468 682 4518 2
884 4465 955 4520 20
989 4465 1085 4519 sub
1119 4480 1342 4534 persona
1375 4481 1476 4520 om.
1513 4467 1578 4519 X
