3217 5150
1027 519 1119 574 De
1153 517 1675 587 Rebaptismate
1720 531 1763 570 6.
1798 515 1953 570 4-6.
2528 519 2608 584 75

354 681 509 742 tenti
535 679 774 743 homini.
823 681 926 739 aut
951 679 1004 737 si
1033 678 1176 739 dicis
1205 677 1530 738 huiusmodi
1557 676 1845 736 hominem
1874 675 2095 736 saluum
2124 691 2238 736 non
2266 689 2433 748 posse
2460 673 2603 745 fieri,

359 783 621 845 omnibus
663 781 946 857 episcopis
985 781 1228 840 salutem
1271 779 1572 840 adimimus
1587 823 1604 852 ‚
1647 795 1787 853 quos
1826 777 1913 837 ita
1954 777 2225 853 periculis
2268 793 2437 850 quam
2481 793 2604 838 cer-

357 885 599 946 tissimis
631 884 965 959 adstringis,
1008 885 1074 942 ut
1116 881 1375 944 omnibus
1419 881 1751 943 hominibus¹
1773 881 1873 955 qui
1902 881 2011 940 sub
2038 897 2175 940 cura
2202 897 2395 942 eorum
2422 883 2606 954 agunt

359 993 418 1050 et
447 990 556 1049 bac
582 991 758 1063 atque
787 987 924 1048 illac
953 986 1227 1062 dispersis
1253 985 1579 1060 regionibus
1609 983 1861 1058 ipsorum
1902 983 2257 1042 infirmantur
2292 999 2395 1057 per
2423 987 2601 1043 semet

316 1116 340 1156 ³
359 1091 519 1166 ipsos
570 1090 874 1151 subuenire
925 1090 1184 1161 debeant,
1237 1089 1372 1163 quia
1419 1087 1594 1148 ceteri
1644 1086 1901 1147 homines
1954 1086 2195 1146 minores
2240 1084 2461 1146 clericis
2502 1082 2604 1160 qui

355 1193 759 1269 periclitantur
803 1195 911 1254 hoc
951 1192 1100 1252 idem
1140 1193 1432 1268 praestare
1471 1207 1586 1251 11611
1627 1189 1870 1264 possint,
1913 1205 1985 1248 ne
2017 1187 2253 1263 sanguis
2280 1205 2472 1249 eorum
2502 1188 2601 1262 qui

353 1297 526 1357 uacui·
561 1298 630 1357 de
685 1296 910 1358 saeculo
961 1295 1146 1356 exisse
1189 1295 1539 1354 uidebuntur
1585 1293 1659 1352 de
1708 1311 1879 1352 manu
1929 1292 2316 1366 episcoporum
2368 1306 2601 1352 necesse

235 1434 238 1435 ν
353 1401 568 1460 habeat
597 1400 830 1475 requiri.
876 1415 1043 1474 porro
1073 1401 1282 1471 autem,
1312 1399 1382 1458 ut
1409 1415 1523 1458 non
1553 1395 1851 1471 ignoratis,
1886 1393 2243 1456 credentibus
2273 1393 2599 1454 hominibus

353 1501 646 1562 inuenitur
698 1502 934 1577 spiritus
987 1504 1220 1561 sanctus
1258 1519 1294 1561 a
1337 1500 1576 1560 Domino
1636 1499 1805 1558 datus
1846 1499 1971 1558 sine
2014 1498 2355 1572 baptismate
2396 1513 2599 1572 aquae,

281 1628 338 1669 10
355 1607 505 1666 sicut
533 1605 678 1666 actis
699 1605 1080 1680 apostolorum
1104 1604 1428 1665 continetur
1446 1603 1508 1662 in
1531 1605 1685 1663 hunc
1704 1603 1963 1663 modum:
1996 1601 2227 1661 adhuc
2254 1601 2601 1674 loquente

353 1709 572 1770 Petro
615 1709 840 1773 uerba
879 1707 1056 1767 haec
1097 1707 1325 1768 irruit
1367 1706 1689 1782 spiritus
1723 1707 2047 1766 -sanctus
2092 1721 2313 1780 super
2356 1721 2599 1766 omnes

351 1812 471 1888 qui
515 1809 916 1872 audiebant
958 1811 1280 1883 uerbum,
1327 1813 1398 1870 et
1452 1807 1961 1882 obstupefacti
2002 1810 2173 1868 sunt
2216 1807 2339 1881 qui
2388 1811 2603 1868 erant

351 1931 431 1975 ex
501 1913 1076 1974 circumcisione
1149 1913 1422 1973 fideles
1493 1913 1857 1995 quotquot
1940 1910 2155 1972 simul
2236 1914 2603 1971 uenerant

353 2033 500 2076 cum
539 2017 784 2092 Petro,
827 2015 996 2091 quia
1039 2019 1110 2076 et
1151 2033 1372 2090 super
1414 2017 1679 2090 gentes
1720 2017 1973 2077 donum
2002 2013 2323 2090 spiritus
2352 2014 2599 2074 sancti

283 2139 335 2179 15
353 2119 663 2180 effusum
740 2122 868 2180 est.
943 2119 1348 2180 audiebant
1419 2119 1605 2180 enim
1676 2135 1795 2179 eos
1859 2119 2251 2192 loquentes
2314 2116 2597 2194 linguis

349 2223 506 2283 suis
565 2224 638 2282 et
693 2221 1286 2296 magnificabant
1327 2223 1560 2283 Deum.
1626 2225 1805 2283 tunc
1869 2221 2256 2296 respondit
2300 2222 2595 2282 Petrus:

344 2325 693 2400 numquid
735 2324 1019 2400 aliquis
1063 2342 1317 2399 aquam
1358 2325 1753 2400 prohibere
1794 2328 2045 2400 potest
2071 2327 2308 2385 utnon
2352 2325 2593 2399 bapti-

348 2429 602 2489 zentur
662 2427 803 2487 isti
845 2427 968 2502 qui
1014 2427 1360 2503 spiritum
1419 2431 1750 2488 sanctum
1804 2431 2244 2502 acceperunt
2288 2427 2483 2488 sicut
2526 2431 2599 2488 et

347 2534 514 2592 nos?
560 2531 632 2589 et
671 2527 1067 2605 praecepit
1108 2546 1229 2591 666
1272 2531 1647 2606 baptizari
1674 2531 1747 2591 in
1776 2531 2061 2593 1161111116
2088 2531 2259 2592 16611
2290 2530 2592 2592 Christi.

275 2654 332 2697 20
351 2634 501 2695 sicut
551 2634 722 2694 etiam
766 2635 916 2694 idem
961 2636 1168 2695 Petrus
1217 2628 1576 2709 postmodum
1622 2637 1695 2695 de
1732 2635 1945 2696 eisdem
1972 2635 2239 2711 gentibus
2266 2636 2597 2711 plenissime

349 2737 540 2799 docuit
586 2746 691 2799 nos
735 2737 960 2800 dicens:
1025 2742 1096 2799 et
1138 2738 1333 2799 nihil
1391 2739 1760 2799 discreuit
1818 2739 2014 2799 inter
2064 2756 2191 2799 nos
2236 2741 2307 2799 et
2358 2739 2594 2814 ipsos,

345 2840 502 2901 fide
546 2842 962 2902 emundatis
1005 2842 1362 2903 cordibus
1405 2860 1661 2903 eorum.
1713 2844 1883 2917 atque
1930 2844 2037 2903 hoc
2079 2860 2192 2903 non
2220 2843 2331 2903 erit
2360 2843 2597 2904 dubium
2696 2832 2705 2841 ’

343 2946 406 3005 111
452 2945 660 3021 spiritu
705 2948 900 3006 sancto
944 2946 1201 3007 homines
1240 2962 1406 3022 posse
1455 2946 1580 3007 61116
1623 2964 1771 3022 aqua
1811 2947 2112 3021 baptizari,
2156 2947 2307 3007 sicut
2334 2947 2592 3009 animad-

343 3049 524 3109 uertis
565 3049 884 3123 baptizatos
925 3049 1032 3109 hos
1071 3050 1236 3123 prius
1266 3068 1437 3126 quam
1465 3066 1615 3124 aqua
1643 3050 2071 3126 baptizarentur
2097 3052 2164 3110 111
2192 3050 2503 3112 satisfieret
2532 3054 2595 3113 et

273 3172 326 3215 25
341 3153 580 3213 Ioannis
619 3155 682 3211 et
719 3153 900 3226 ipsius
941 3148 1173 3213 Domini
1215 3153 1731 3229 praedicationibus
1746 3198 1761 3228 ,
1805 3154 2259 3229 quandoquidem
2286 3157 2347 3215 et
2374 3155 2439 3214 hi
2468 3155 2591 3215 sine
2682 3164 2695 3179 ’

343 3273 544 3316 manus
596 3256 956 3331 impositione
1007 3257 1390 3331 apostolorum
1437 3259 1496 3316 et
1533 3257 1661 3318 sine
1702 3258 1928 3319 lauacro
1968 3258 2121 3332 quod
2158 3260 2355 3332 postea
2396 3258 2591 3332 adepti

343 3360 479 3419 sunt
519 3359 768 3433 gratiam
808 3358 1266 3433 repromissionis
1315 3360 1637 3434 acceperint
1666 3362 1725 3420 et
1767 3360 1853 3421 sic
1879 3360 2073 3436 paullo
2104 3362 2237 3421 ante
2266 3360 2591 3421 emundatis

343 3462 606 3522 cordibus
659 3479 852 3523 eorum
880 3463 1040 3548 Deus·
1062 3480 1165 3538 per
1216 3463 1385 3524 fidem
1433 3466 1685 3538 ipsorum
1736 3465 1909 3525 etiam
1959 3465 2347 3525 remissionem
2387 3481 2588 3538 pecca-

339 3567 528 3624 torum
572 3564 742 3625 simul
784 3565 868 3625 eis
913 3566 1160 3641 largitus
1201 3568 1299 3641 sit,
1351 3572 1418 3627 ut
1443 3569 1554 3627 hoc
1594 3567 1777 3628 solum
1806 3568 1891 3627 eis
1919 3567 2207 3642 baptisma
2234 3567 2589 3641 subsequens

275 3690 330 3733 ω
344 3667 720 3742 praestiterit,
765 3672 830 3728 111
869 3669 1283 3731 inuocationem
1313 3687 1534 3745 quoque
1561 3670 1809 3731 nominis
1838 3672 1971 3731 Iesu
2002 3671 2215 3731 Christi
2242 3670 2583 3745 acciperent,

341 3786 414 3831 ne
441 3769 580 3843 quid
612 3770 698 3831 eis
729 3771 927 3831 deesse
955 3772 1250 3833 uideretur
1281 3775 1354 3833 ad
1383 3774 1775 3848 integritatem
1804 3772 2111 3834 ministerii
2141 3775 2201 3833 et
2228 3772 2377 3833 fidei.

425 3872 585 3943 Quod
629 3873 802 3933 etiam
843 3892 874 3934 e
904 3876 1184 3937 contrario
1225 3876 1403 3936 latere
1443 3879 1725 3937 tractatus
1766 3878 1937 3937 11111116
1981 3879 2116 3937 611111
2156 3876 2443 3936 consecuti
2470 3876 2585 3950 ipsi
2608 3882 2646 3940 6

335 3973 429 4034 1111
452 3974 719 4050 discipuli
743 3976 968 4037 Domini
991 3978 1193 4052 nostri,
1229 3996 1400 4053 super
1421 3998 1562 4055 quos
1585 3980 1700 4041 iam
1722 3980 1941 4056 pridem
1962 3979 2281 4055 baptizatos
2302 3980 2587 4055 postremo

473 4175 543 4231 10
573 4178 694 4232 Aet.
735 4177 784 4240 1,
818 4176 1039 4232 44-48.
1245 4178 1315 4233 21
1347 4181 1470 4235 Act.
1508 4180 1591 4245 15,
1630 4182 1679 4237 9.

473 4364 510 4419 5
532 4365 710 4420 clerici
735 4365 868 4431 sort.
1011 4367 1042 4421 7
1065 4366 1388 4422 uidebantur
1413 4369 1538 4440 Riq.
1682 4368 1751 4423 20
1771 4368 1913 4423 idem
1936 4384 2036 4424 om.
2062 4370 2184 4441 Riq.
2320 4371 2391 4425 25
2424 4372 2479 4423 et
2503 4370 2581 4440 hi]

329 4450 464 4505 haec
488 4449 610 4521 1359.
749 4451 820 4506 27
845 4453 900 4505 61
926 4450 1004 4507 616
1025 4451 1207 4521 paullo
1233 4456 1359 4507 ante
1381 4453 1686 4509 emundatis
1724 4455 2011 4521 Baiusius,
2050 4460 2105 4510 et
2139 4456 2415 4511 inundatis
2439 4456 2585 4527 1339„

327 4538 386 4591 et
421 4536 722 4591 emundatis
765 4536 942 4593 Oxou.
1149 4539 1215 4593 31
1252 4542 1492 4610 mysterii
1527 4541 1653 4596 fidei
1688 4543 1849 4610 fort.;
1882 4544 1952 4618 cf.
1979 4560 2109 4615 paq.
2142 4546 2227 4607 81,
2261 4545 2337 4598 20
