3217 5150
546 525 676 594 304
1492 522 1854 592 Appendix.

924 683 1079 743 Vera
1106 681 1245 758 quid
1272 701 1308 743 a
1336 681 1527 754 falsis,
1558 681 1700 756 quid
1727 683 1802 742 ab
1829 682 2048 742 umbris
2081 683 2298 742 lumina
2326 683 2562 744 distant.

926 785 1335 860 Philosophum
1362 785 1549 860 fingis,
1580 801 1710 844 cum
1736 788 1796 844 te
1825 784 2110 846 sententia
2141 788 2352 847 mutet:

926 889 1076 949 Nam
1102 887 1215 948 tibi
1242 889 1293 948 si
1322 889 1677 948 stomachum
1705 888 1998 962 popularis
2025 890 2272 948 mouerit
2299 889 2405 962 ira,

803 994 886 1053 50
932 993 1008 1052 Et
1035 993 1283 1052 Iudaeus
1312 991 1426 1052 eris
1454 991 1724 1066 totusque
1753 991 2005 1052 incertus
2038 991 2286 1052 haberis.

929 1095 1169 1168 Indulge
1199 1095 1390 1166 dictis,
1421 1094 1706 1168 sapientia
1731 1111 1846 1155 non
1873 1095 2062 1169 placet
2089 1095 2228 1156 alta.

929 1199 1106 1258 Omne
1136 1198 1285 1273 quod
1317 1200 1407 1257 est
1436 1196 1672 1256 nimium
1701 1201 1900 1258 contra
1927 1199 2112 1258 cadit:
2145 1216 2332 1260 uuum
2361 1201 2672 1273 operantur

928 1301 1007 1362 Et
1038 1301 1193 1362 calor
1218 1304 1279 1360 et
1306 1301 1521 1374 frigus:
1554 1300 1640 1360 sic
1667 1300 1794 1373 hoc,
1826 1301 1910 1360 sic
1938 1301 2088 1362 illud
2115 1301 2324 1362 adurit.

926 1405 1021 1464 Sic
1048 1404 1317 1466 tenebrae
1348 1405 1555 1476 uisum,
1588 1406 1675 1464 sic
1704 1405 1794 1466 sol
1821 1403 2144 1466 contrarius
2173 1405 2384 1478 aufert,

802 1509 883 1568 55
928 1509 1007 1568 Et
1033 1509 1251 1583 pariter
1278 1507 1515 1568 laedunt
1542 1508 1796 1584 gelidum
1825 1509 2172 1586 feruensque
2203 1509 2524 1570 lauacrum:

932 1612 1084 1674 Esca
1110 1612 1285 1673 alitur
1313 1629 1534 1686 corpus,
1569 1630 1776 1688 corpus
1803 1613 2186 1687 corrumpitur
2215 1629 2366 1685 esca,

935 1715 1176 1792 Vimque
1208 1733 1367 1775 suam
1396 1716 1624 1789 minuit,
1657 1716 1710 1776 si
1737 1715 1874 1790 quid
1903 1717 2270 1791 protenditur
2295 1717 2467 1777 ultra.

936 1821 1193 1895 Denique
1220 1820 1273 1880 si
1306 1820 1524 1891 sedeas,
1555 1818 1782 1894 requies
1811 1820 1902 1879 est
1929 1835 2138 1894 magna
2159 1818 2407 1880 laboris:

938 1923 999 1982 Si
1026 1924 1269 1984 multum
1298 1924 1519 1994 sedeas,
1551 1922 1714 1983 labor
1741 1922 1850 1982 est.
1883 1921 2042 1982 Maro
2073 1939 2318 1996 namque
2345 1920 2514 1997 poeta

808 2027 892 2085 60
934 2027 1253 2100 Propoena
1280 2026 1499 2100 posuit:
1544 2013 1778 2085 ‘sedet
1819 2025 2336 2101 aeternumque
2393 2026 2688 2088 sedebit

934 2130 1214 2190 Infelix
1254 2116 1616 2189 Theseus?
1647 2145 1871 2204 semper
1897 2131 2064 2188 nocet
2091 2117 2235 2189 utile
2263 2129 2532 2206 longum:

934 2233 1185 2292 Prandia
1212 2232 1383 2308 longa
1412 2236 1638 2306 nocent,
1669 2233 1884 2292 ieiunia
1909 2233 2086 2306 longa
2105 2232 2376 2307 fatigant.

938 2337 1031 2397 Sic
1058 2336 1293 2396 nimium
1324 2352 1522 2411 sapere
1553 2336 1796 2396 stultum
1825 2335 1984 2396 facit.
2025 2327 2306 2410 ‘improba
2341 2338 2518 2410 secta,

944 2440 1039 2499 Me
1069 2441 1177 2500 dea
1204 2440 1287 2499 sic
1318 2440 1531 2512 docuit,
1563 2441 1924 2500 moderamen
1953 2439 2196 2500 amabile
2225 2425 2414 2499 dixit'.

820 2543 903 2604 65
948 2545 1058 2605 Sed
1086 2545 1151 2605 tu
1178 2561 1283 2605 nec
1312 2546 1524 2605 sectam
1554 2544 1718 2605 modo
1749 2561 1852 2606 nec
1879 2543 2265 2605 moderamina
2293 2559 2474 2605 curas.

944 2648 1109 2709 Mens
1136 2652 1329 2709 autem
1359 2648 1589 2711 stabilis
1618 2649 1776 2709 nullo
1803 2649 2156 2722 peruertitur
2186 2650 2352 2709 aestu
2447 2637 2456 2645 ’

943 2754 1186 2828 Ipsaque
1214 2753 1551 2826 simplicitas
1581 2770 1890 2826 numquam
1931 2753 2082 2813 mala
2111 2751 2332 2827 cogitat
2361 2750 2500 2813 ulla

942 2856 1095 2916 Hinc
1122 2855 1343 2915 sincera
1371 2856 1511 2915 fides
1542 2858 1776 2915 aeterna
1805 2856 1939 2916 sede
1969 2856 2210 2929 fruetur,

942 2960 1019 3019 Et
1048 2959 1211 3020 dolus
1241 2975 1272 3018 e
1304 2963 1501 3019 contra
1522 2960 1695 3033 longo
1727 2959 2072 3021 cruciabitur
2101 2960 2242 3034 igni.

815 3064 897 3124 70
938 3064 1105 3139 Elige
1136 3064 1270 3138 quid
1298 3064 1465 3139 uelis,
1497 3067 1563 3125 ut
1594 3064 1770 3139 digna
1797 3064 2022 3139 piacula
2049 3064 2219 3123 uites.

944 3166 1036 3226 Sic
1064 3168 1255 3227 tamen
1282 3168 1429 3226 hanc
1457 3167 1687 3227 ueniam
1715 3168 1998 3227 mereatur
2025 3166 2272 3227 creditor
2299 3166 2547 3240 inquam.

940 3265 1025 3331 Vt
1052 3270 1181 3330 leue
1210 3269 1424 3331 crimen
1451 3271 1580 3343 erit,
1613 3270 1664 3331 si
1693 3269 1844 3330 nolis
1871 3286 2101 3330 noscere
2125 3286 2290 3331 uera:

886 3410 891 3427 ·
942 3375 1073 3434 Non
1100 3375 1226 3434 leue
1256 3375 1466 3435 crimen
1496 3374 1628 3447 erit,
1659 3374 1712 3435 si
1740 3372 1972 3448 cognita
1999 3390 2136 3433 uera
2165 3373 2474 3448 relinquas.

946 3477 1058 3538 Sed
1084 3479 1143 3538 te
1172 3480 1485 3539 correctum
1514 3479 1714 3538 forsan
1741 3480 1968 3537 matura
1995 3480 2258 3537 senectus

819 3583 901 3643 75
942 3584 1014 3642 In
1042 3581 1247 3643 melius
1276 3583 1503 3642 reuocat
1530 3581 1811 3642 satiatum
1840 3579 2126 3641 erroribus
2155 3579 2312 3638 istis:

946 3800 1015 3854 60
1048 3798 1317 3869 Vergilius
1349 3796 1479 3852 Aen.
1513 3796 1591 3852 VI
1629 3798 1749 3853 617.

705 4005 773 4060 4⁷
808 4020 842 4058 a
875 4020 943 4059 ex
976 4002 1045 4058 ad
1080 4004 1141 4059 F
1166 4020 1233 4058 m.
1272 4007 1309 4061 2
1442 4003 1651 4057 distent
1683 4020 1714 4057 υ
1849 4005 1921 4059 48
1954 4004 2346 4074 phylosophum
2380 4019 2521 4059 corr.
2557 4007 2620 4059 in
2653 4006 2818 4074 teque

573 4091 797 4163 sophum
833 4088 894 4142 F
922 4107 991 4144 m.
1026 4093 1067 4145 2
1247 4091 1316 4145 49
1352 4092 1650 4143 stomacum
1682 4090 1754 4144 Η
1927 4091 2006 4145 ira
2040 4090 2170 4155 ΓΗ,
2210 4106 2339 4144 aura
2369 4106 2405 4144 v
2585 4090 2656 4145 50
2687 4107 2812 4161 sup.

572 4180 773 4247 totum.
808 4193 911 4233 scr.
948 4177 1025 4231 sic
1060 4177 1219 4247 plane
1252 4176 1312 4231 F
1342 4194 1408 4231 m.
1447 4180 1483 4231 2
1688 4175 1860 4231 aberis
1893 4176 1990 4243 ΓΙ,
2026 4176 2237 4231 aberres
2271 4176 2403 4242 fort.
2610 4176 2684 4235 54
2717 4194 2814 4233 au-

570 4264 681 4320 fret
712 4266 784 4320 Η
1013 4262 1083 4317 55
1115 4262 1373 4333 gelidum]
1409 4260 1654 4331 tepidum
1687 4261 1764 4327 Η,
1800 4261 2056 4333 tepudum
2093 4261 2154 4316 F
2385 4262 2456 4319 58
2489 4264 2698 4332 requies
2731 4266 2820 4317 est

573 4370 645 4407 σω
677 4350 941 4421 requiesse
977 4350 1037 4404 F
1064 4366 1132 4404 m.
1170 4352 1211 4403 2
1550 4347 1623 4402 60
1657 4347 1863 4403 sedebit
1898 4347 1978 4415 F;
2025 4350 2238 4418 reliqua
2283 4349 2481 4405 desum
2531 4351 2595 4405 ὑ·
2627 4348 2749 4404 FH

575 4438 642 4492 71
677 4436 914 4507 inquam]
951 4450 1244 4504 numquam
1276 4435 1408 4501 fort.
