3217 5150
637 497 724 561 20
1587 465 1954 566 A⁰ppcndix

635 658 696 713 et
739 654 968 714 feruens
1011 658 1202 728 spreto
1245 655 1522 715 desiderio
1562 673 1665 714 suo
1706 659 2019 729 conquesta
2060 659 2151 716 est
2194 655 2387 717 dolore
2428 657 2715 732 simulato,
2748 659 2903 732 quod

633 758 933 818 Hebraeus
963 760 1292 820 adolescens
1323 760 1438 819 uim
1470 759 1582 818 sibi
1611 760 1844 819 molitus
1874 760 2081 820 fuisset
2103 760 2315 820 inferre
2344 778 2513 835 quam
2543 762 2671 835 ipsa
2700 740 2912 822 conata

635 859 824 920 fuerat
864 862 1148 936 inrogare.
1190 862 1476 921 maritalis
1517 862 1688 922 ardor
1727 881 1917 923 rerum
1960 863 2178 923 inscius
2218 865 2279 922 et
2316 864 2511 923 uxoris
2542 866 2903 926 accusatione

633 964 892 1038 grauiter
941 965 1324 1024 inflammatus
1373 965 1713 1024 incenditur.
1761 965 2001 1040 pudicus
2050 983 2186 1026 uero
2226 966 2450 1026 iuuenis
2498 967 2634 1042 quia
2685 969 2894 1029 delicto

633 1067 1035 1127 conscientiam
1062 1085 1178 1127 non
1205 1069 1456 1140 miscuit,
1501 1069 1560 1127 in
1589 1069 1763 1126 imum
1794 1069 2037 1128 carceris
2066 1069 2337 1129 truditur.
2383 1072 2485 1130 sed
2514 1071 2639 1131 sola
2664 1087 2779 1130 non
2808 1075 2901 1132 est
2924 1095 2963 1133 a

631 1172 694 1230 in
734 1187 954 1231 carcerc
997 1171 1303 1244 pudicitia:
1348 1189 1480 1230 nam
1521 1173 1611 1230 est
1650 1187 1779 1230 cum
1830 1172 2039 1246 Ioseph
2080 1173 2233 1232 Deus
2276 1176 2337 1232 et
2375 1176 2643 1234 nocentes
2692 1175 2903 1234 dantur

631 1274 692 1332 in
718 1291 890 1333 manu
919 1273 1062 1346 eiua,
1093 1274 1230 1349 quia
1257 1273 1382 1348 ipse
1411 1274 1681 1333 innocens
1720 1273 1927 1334 fuerat.
1960 1276 2304 1336 somniorum
2334 1279 2629 1351 praeterea
2658 1277 2900 1337 obscura

630 1377 925 1450 dissoluit,
978 1375 1114 1451 quia
1165 1377 1403 1451 spiritus
1453 1378 1514 1435 in
1563 1378 1938 1452 temptatione
1989 1379 2275 1454 uigilabat
2290 1425 2305 1452 ‚
2357 1383 2416 1440 et
2463 1398 2565 1455 per
2610 1381 2899 1440 dominum

627 1479 910 1540 liberatur
936 1498 972 1539 a
1001 1479 1270 1540 uinculis,
1317 1481 1416 1554 qui
1457 1481 1518 1538 in
1561 1481 1725 1540 domo
1764 1481 1950 1541 minor
1988 1499 2117 1542 cum
2156 1483 2407 1557 periculo
2446 1483 2635 1543 fuerat
2649 1529 2663 1556 ,
2706 1484 2899 1559 regiae

630 1585 826 1644 domus
868 1585 992 1644 sine
1032 1584 1284 1658 periculo
1331 1585 1588 1644 dominus
1632 1586 1867 1644 effectus
1898 1588 2019 1645 est:
2066 1587 2437 1661 generositati
2466 1605 2603 1648 suae
2633 1588 2893 1648 redditus
2918 1611 2983 1648 ro

627 1687 878 1746 fructum
917 1687 1227 1761 pudicitiae
1271 1689 1330 1746 et
1373 1687 1727 1748 innocentiae
1768 1689 1887 1748 Deo
1918 1689 2104 1749 iudice
2133 1706 2169 1748 a
2198 1707 2308 1764 quo
2338 1693 2623 1750 meruerat
2651 1691 2890 1765 accepit.

572 1789 607 1846 9
713 1791 820 1850 Sed
862 1806 975 1847 non
1015 1789 1205 1848 minus
1249 1804 1319 1848 ex
1361 1793 1524 1864 parte
1565 1791 1797 1851 diuersa
1838 1791 1993 1850 aliud
2034 1793 2198 1852 nobis
2238 1791 2547 1868 pudicitiae
2590 1793 2777 1854 simile
2820 1793 2893 1854 de

625 1894 975 1952 continentia
1014 1892 1350 1953 feminarum
1396 1894 1647 1954 exoritur
1686 1895 2021 1969 exemplum.
2068 1895 2198 1967 fuit,
2242 1899 2307 1955 ut
2336 1897 2599 1970 legimus,
2631 1898 2893 1957 Susanna

624 1995 746 2054 filia
773 1995 1027 2069 Helciae,
1059 2013 1200 2056 uxor
1229 1997 1482 2056 Ioachim
1510 1997 1897 2071 pulcherrima
1918 1998 2083 2070 facie,
2113 1999 2409 2073 pulchrior
2434 2000 2709 2060 moribus
2742 2001 2891 2060 hanc

623 2098 846 2158 nullum
875 2100 948 2158 ad
977 2101 1233 2159 decorem
1263 2101 1672 2160 conmendabat
1702 2102 1948 2174 species:
1996 2100 2237 2174 simplex
2276 2103 2426 2161 enim
2470 2105 2611 2162 erat.
2656 2103 2887 2163 excolu·
2912 2125 2973 2163 15
3074 2181 3083 2190 ·

625 2206 748 2263 erat
789 2202 1066 2277 pudicitia
1105 2205 1165 2261 et
1205 2221 1333 2262 cum
1371 2203 1649 2276 pudicitia
1690 2204 1815 2264 sola
1854 2207 2078 2264 natura.
2124 2205 2273 2263 hanc
2314 2221 2383 2263 cx
2414 2205 2732 2266 senioribus
2776 2205 2887 2265 duo

625 2310 930 2380 coeperant
959 2305 1234 2380 deperire,
1285 2306 1434 2364 nihil
1485 2323 1760 2366 memores
1810 2322 1915 2366 nec
1964 2307 2147 2367 diuini
2202 2307 2425 2368 timoris
2472 2308 2572 2368 sed
2618 2326 2722 2369 nec
2751 2326 2889 2369 suae

625 2409 791 2468 annis
811 2409 922 2468 iam
945 2409 1348 2468 marcescentis
1369 2409 1608 2468 aetatis:
1634 2410 1718 2468 ita
1746 2409 1879 2468 illos
1912 2411 1971 2468 in
2000 2411 2308 2484 flagrantia
2332 2414 2654 2472 transactae
2684 2411 2886 2471 inuen-

623 2513 769 2571 tutis
820 2511 1084 2571 incendia
1132 2511 1416 2571 recidiuae
1468 2511 1729 2571 libidinis
1781 2513 2009 2572 flamma
2047 2514 2386 2573 reuocabat:
2444 2515 2753 2589 pudicitiae
2794 2513 2887 2573 la-

625 2618 817 2675 trones
839 2632 1086 2675 amorem
1111 2614 1469 2687 confitentur,
1503 2616 1605 2675 sed
1628 2616 1879 2676 oderant.
1913 2616 2205 2677 resistenti
2234 2618 2523 2677 minantur
2551 2616 2884 2691 calumnias,
2907 2638 2967 2678 so

832 2833 900 2886 13
935 2834 1002 2887 cf.
1038 2834 1180 2886 Dan.
1220 2832 1302 2887 13.

765 3041 794 3093 1
831 3054 924 3092 suo
961 3054 1062 3093 om.
1099 3040 1152 3092 Z
1353 3041 1388 3093 2
1431 3042 1541 3093 *et-
1584 3039 1810 3093 hebreus
1845 3039 1911 3093 K
2123 3039 2209 3096 ad.
2246 3040 2377 3109 uim]
2417 3039 2740 3095 adolescium
2776 3042 2828 3094 Z

623 3125 854 3180 molibus
889 3126 955 3179 K
1169 3126 1380 3193 conata]
1417 3127 1628 3179 minata
1662 3124 1718 3178 Z
1916 3126 1950 3179 3
1996 3125 2187 3185 fuisset
2235 3125 2289 3179 Z
2490 3127 2685 3196 uxoris]
2724 3127 2890 3180 hono-

621 3212 696 3266 ris
731 3211 786 3265 Z
949 3210 987 3263 4
1019 3209 1300 3279 inpudicus
1333 3210 1390 3264 Z
1544 3226 1669 3265 uero
1706 3226 1808 3264 om.
1844 3211 1899 3264 Z
2064 3208 2099 3265 5
2134 3212 2301 3265 imam
2335 3211 2401 3265 K
2403 3212 2477 3265 *Ζ
2654 3211 2895 3267 traditur

624 3297 739 3351 KZ
924 3299 1006 3351 est
1041 3300 1097 3349 et
1131 3296 1186 3348 Z
1255 3298 1258 3303 ’
1371 3295 1405 3349 6
1440 3298 1496 3349 et
1529 3297 1795 3365 nocentes]
1833 3296 2139 3351 innocentes
2175 3297 2230 3350 Z
2413 3298 2444 3349 7
2481 3298 2539 3351 in
2574 3298 2754 3366 manu]
2793 3297 2896 3351 sub

623 3382 870 3437 manibus
906 3383 961 3436 Z
1179 3382 1294 3451 ipse
1329 3398 1428 3436 om.
1465 3398 1499 3436 v
1705 3382 1739 3435 8
1775 3381 1999 3435 dissolui
2034 3382 2099 3435 K
2300 3382 2426 3451 quia
2448 3422 2458 3433 .
2482 3424 2493 3433 .
2517 3425 2527 3434 .
2552 3385 2609 3435 et
2642 3398 2741 3435 om.
2776 3384 2825 3435 Ζ

620 3471 655 3525 9
689 3469 950 3523 liberatus
987 3468 1042 3523 Z
1253 3468 1304 3537 a}
1343 3469 1392 3521 ei
1426 3468 1481 3521 Z
1714 3468 1889 3521 minor
1924 3484 2045 3522 cum
2080 3484 2179 3523 om.
2218 3468 2273 3521 Z
2473 3484 2593 3522 cum
2628 3484 2728 3523 om.
2765 3468 2831 3522 K

621 3556 819 3626 fuerat]
857 3556 949 3631 sed
983 3556 1162 3609 inerat
1184 3554 1239 3607 Z
1465 3553 1533 3607 10
1567 3553 1754 3608 domus
1790 3554 1934 3623 regie
1960 3555 2013 3607 Z
2239 3554 2487 3623 periculis
2511 3556 2566 3609 Z
2790 3555 2895 3624 cst]

621 3645 670 3697 ci
706 3644 761 3697 Z
905 3642 970 3695 11
1008 3627 1074 3694 do
1108 3640 1175 3695 K
1202 3641 1298 3695 sed
1334 3656 1365 3693 o
1398 3640 1461 3693 in
1494 3656 1626 3707 raa,
1663 3639 1728 3694 de
1762 3640 1819 3693 Z
1960 3656 1994 3693 a
2029 3641 2152 3710 quo]
2191 3656 2347 3709 quem
2384 3641 2439 3694 Z
2592 3642 2660 3695 12
2696 3641 2894 3696 similis

620 3729 686 3782 K
697 3729 764 3782 'Z
950 3727 1021 3783 14
1055 3727 1170 3781 filia
1214 3726 1446 3780 *elchiae
1480 3726 1567 3791 K,
1604 3726 1775 3781 elchie
1810 3726 1923 3779 fllia
1960 3726 2013 3779 Z
2197 3727 2335 3780 facie
2371 3742 2468 3780 om.
2507 3725 2601 3782 Kv
2772 3727 2893 3796 pul-

622 3813 917 3869 chrioribus
952 3813 1018 3867 K
1187 3814 1252 3867 15
1288 3811 1495 3866 nullam
1529 3812 1584 3865 Z
1630 3856 1635 3859 .
1752 3811 2196 3867 commendabant
2230 3813 2287 3865 in
2323 3812 2497 3882 specie
2533 3812 2589 3865 Z
2755 3814 2889 3881 erat]

621 3916 738 3954 eam
776 3900 830 3952 Z
1049 3898 1116 3952 16
1151 3897 1467 3967 pudicitiam
1505 3897 1585 3951 Κ2
1814 3913 1876 3951 ex
1910 3899 1972 3967 s.]
2010 3897 2245 3952 seniores
2281 3898 2336 3951 Z
2462 3958 2467 3963 ,
2572 3899 2637 3952 17
2674 3900 2891 3953 timoris

621 3986 793 4039 diuini
829 3985 882 4037 Z
1083 3986 1195 4038 suis
1231 3984 1286 4037 Z
1489 3984 1562 4040 18
1584 3986 1877 4037 marcentes
1914 3983 1970 4036 Z
2170 3984 2369 4038 aetatis
2404 3999 2505 4038 om.
2533 3984 2587 4037 Z
2790 3984 2889 4053 ita]

620 4087 745 4124 nam
781 4070 835 4123 Z
984 4070 1279 4139 fraglantia
1313 4068 1390 4135 K,
1424 4069 1769 4138 flagrantiam
1808 4070 1862 4122 Z
2012 4072 2356 4123 transuectae
2390 4070 2445 4123 Z
2610 4071 2676 4124 19
2710 4072 2893 4124 incen-

621 4156 762 4211 cidia
798 4155 854 4209 Z
1064 4155 1337 4209 rediuiuae
1371 4156 1454 4211 Zv
1688 4158 1960 4209 reuocaret
1995 4154 2049 4207 Z
2057 4174 2071 4217 ;
2117 4154 2245 4208 add.
2281 4156 2425 4209 idem
2460 4156 2619 4209 liber:
2666 4156 2893 4210 insidias

621 4243 858 4296 infauste
891 4240 955 4296 de
991 4242 1343 4310 simplicitate
1377 4241 1592 4295 mulieri
1630 4244 1821 4310 parant
1922 4240 2185 4309 pudicitia
2208 4243 2297 4296 uel
2322 4242 2375 4294 Z
2476 4242 2546 4295 20
2570 4258 2751 4297 amore
2774 4241 2829 4295 Z

620 4328 936 4398 profitentur
969 4344 1003 4381 v
1209 4326 1435 4381 oderunt
1469 4328 1522 4380 Z
1724 4326 2019 4394 minantur]
2055 4326 2319 4380 limantur
2354 4326 2408 4381 Z
