3217 5150
2355 580 2499 626 LXV

252 695 343 780 est
374 714 461 802 (p.
495 713 778 802 268‚19).
823 715 1127 797 quantum
1158 715 1237 780 ad
1263 715 1632 800 Hippolytei
1661 715 1908 780 canonis
1939 713 2276 780 artificium
2306 715 2502 799 expli-

253 828 511 894 candum
536 827 826 905 conferat,
849 827 949 892 uir
969 826 1367 892 doctissimus
1388 827 1481 892 De
1496 826 1678 892 Rossi
1703 825 2039 910 (Inscript.
2061 824 2293 890 Christ.
2319 827 2442 892 uol.
2468 828 2501 891 I

252 958 308 1021 p.
327 938 583 1023 LXXX)
608 939 705 1004 his
729 939 935 1003 uerbis
958 939 1165 1004 docet:
1198 938 1567 1020 Hippolytei
1593 939 1864 1004 canonis
1891 938 2240 1020 artificium
2271 957 2501 1017 omme,

252 1051 493 1131 opinor,
532 1051 751 1114 statim
778 1049 1248 1128 intellescissent,
1302 1051 1360 1114 si
1389 1049 1625 1114 librum
1654 1049 1984 1131 quemdam
2014 1049 2098 1114 cle
2117 1049 2502 1130 paschali

253 1181 453 1241 comp
466 1167 593 1226 uto
626 1161 952 1243 cypriano
992 1162 1387 1242 adscriptum
1425 1161 1529 1226 uel
1570 1161 1795 1226 leuiter
1834 1161 2285 1226 adtendissent.
2341 1159 2501 1226 Gon·

223 1341 237 1353 ,
248 1275 443 1356 fectus
462 1273 631 1337 enim
652 1279 741 1338 est
762 1293 937 1338 anno
958 1277 1117 1352 243,
1146 1275 1263 1338 uix
1291 1273 1533 1356 uiyinti
1562 1273 1814 1339 circiter
1825 1278 1971 1354 post
1988 1273 2230 1340 editum
2251 1272 2500 1354 Hippo-

251 1385 364 1467 lyti
402 1405 709 1450 canonem
748 1388 985 1467 annis;
1023 1391 1080 1449 et
1108 1375 1393 1452 tabulam
1432 1387 1708 1451 continet
1747 1385 1855 1449 illi
1882 1384 2012 1465 ipsi
2041 1385 2276 1450 canoni
2294 1405 2503 1466 paene

247 1496 588 1580 yeminam,
618 1517 777 1578 quae
804 1501 926 1560 toto
954 1516 1022 1561 eo
1050 1497 1255 1562 libello
1285 1497 1632 1562 luculenter
1659 1497 2017 1578 explicatur
2037 1503 2096 1562 et
2117 1497 2500 1564 declaratur.

253 1628 443 1689 quare
472 1628 702 1689 nequeo
728 1609 887 1672 satis
914 1609 1151 1674 mirari
1179 1614 1312 1672 tam
1339 1609 1595 1692 insiyne
1623 1613 2116 1699 monumentum,
2161 1609 2324 1690 quod
2353 1608 2504 1673 libri

251 1720 327 1784 ab
355 1719 701 1802 Hippolyto
739 1721 1081 1802 conscripti
1112 1721 1427 1786 iacturam
1454 1741 1696 1803 mayna
1725 1725 1882 1786 certe
1911 1741 1986 1786 ex
2004 1726 2195 1802 parte
2223 1741 2503 1802 compen-

248 1837 365 1909 sat,
394 1832 474 1897 ab
487 1831 859 1914 Hippolytei
886 1832 1043 1914 cycli
1069 1833 1515 1914 interpretibus
1542 1832 1854 1897 altissimo
1873 1833 2086 1914 premi
2115 1824 2370 1898 silentio
2399 1833 2502 1897 uel
2608 1906 2615 1918 Ι

246 1945 453 2024 potius
460 1944 663 2024 plane
677 1943 988 2028 iqnorari.
1018 1945 1259 2010 textum
1283 1945 1433 2044 libri
1450 1945 1528 2010 ad
1543 1945 1698 2010 duos
1721 1944 1978 2025 codices,
2002 1963 2264 2028 quorum
2283 1945 2503 2010 lectio-

250 2074 356 2120 nes
386 2055 717 2121 Wallisius
745 2056 809 2120 in
840 2055 1110 2121 editione
1141 2057 1329 2122 Oxou.
1374 2057 1658 2121 accurate
1698 2056 1996 2134 enotauit‚
2041 2076 2236 2122 unum
2265 2057 2506 2122 scilicet
2597 2046 2600 2049 ’

246 2165 427 2232 hodie
473 2167 867 2250 deperditum
908 2166 1324 2233 bibliothecae
1354 2165 1415 2232 S.
1447 2167 1722 2252 Remigii
1749 2168 2074 2233 Remensis
2116 2169 2272 2233 olim
2300 2167 2504 2232 LXXI

254 2281 391 2343 tum
416 2297 561 2343 uero
589 2279 711 2344 133
734 2297 889 2344 saec.
913 2278 1005 2342 IX
1030 2278 1148 2364 (b),
1178 2280 1353 2343 cuius
1376 2279 1800 2363 apographum
1814 2278 2115 2344 Mabilion
2143 2280 2501 2357 confecerat,

248 2391 515 2456 alterum
555 2390 967 2456 bibliothecae
998 2389 1397 2455 Cottonianae
1434 2382 1572 2479 ‘sub
1615 2390 1803 2455 finem
1844 2390 1989 2454 noni
2021 2409 2058 2454 a
2088 2389 2333 2456 Christo
2365 2409 2500 2455 sae-

248 2493 393 2567 culi'
418 2503 737 2567 exaratum
762 2502 869 2586 (c),
894 2503 999 2586 qui
1016 2502 1281 2567 Londini
1304 2501 1484 2566 hodie
1514 2503 1888 2577 assematur‚
1911 2504 2258 2588 recognoui,
2281 2502 2501 2567 melio-

248 2634 381 2680 rem
424 2633 613 2697 quam
641 2614 963 2680 Remensis
1005 2614 1185 2679 offert
1224 2615 1638 2679 recensionem
1678 2614 2077 2697 potissimum
2107 2616 2374 2681 secutus.
2428 2634 2502 2680 ex

248 2727 463 2792 eodem
513 2728 731 2793 tabula
780 2727 1047 2809 repetita
1095 2727 1209 2805 est,
1263 2726 1441 2791 cuius
1492 2727 1824 2792 materiam
1873 2727 2192 2792 confusam
2232 2729 2295 2793 et
2338 2728 2502 2794 male

246 2839 559 2923 digestam
588 2839 655 2903 in
684 2839 961 2905 ordinem
1006 2840 1285 2923 redigere
1332 2857 1453 2905 non
1498 2858 1710 2905 meum
1754 2857 1885 2904 esse
1928 2841 2168 2924 putaui.
2225 2842 2500 2905 ceterum

246 2950 341 3016 De
383 2950 567 3015 Rossi
620 2970 757 3016 eam
808 2970 845 3015 a
896 2970 961 3016 se
1011 2951 1373 3017 restitutam
1424 2950 1491 3015 in
1543 2952 1990 3017 commentario
2041 2952 2118 3016 ad
2170 2951 2503 3036 Hippolyti

247 3080 542 3127 canonem
594 3063 961 3147 euulgatum
1004 3063 1085 3128 iri
1128 3041 1417 3147 promisit
1462 3060 1532 3147 (l.
1566 3082 1616 3128 c.
1649 3082 1707 3144 p.
1741 3062 2050 3149 LXXXI).
2107 3063 2504 3146 explicationi

246 3173 479 3238 seruiet
518 3174 704 3257 pinax
735 3194 772 3239 a
802 3174 1095 3240 Wallisio
1136 3176 1217 3240 ad
1260 3174 1532 3239 auctoris
1560 3174 1834 3239 mentem
1864 3172 2178 3239 confectus
2210 3194 2394 3257 quem
2425 3174 2503 3239 ad

246 3286 480 3350 calcem
521 3285 725 3350 libelli
764 3285 979 3351 adieci.
1028 3322 1110 3333 -
1138 3285 1290 3350 XVI
1318 3288 1785 3367 Epistulae.
1831 3286 2185 3370 epistolium
2228 3288 2503 3369 primum

244 3396 479 3461 Donati
522 3395 602 3461 ad
634 3394 1010 3479 cyprianum
1039 3396 1361 3462 Pamelius
1400 3418 1473 3463 ex
1500 3397 1710 3464 codice
1740 3396 2177 3464 Cambronensi
2216 3397 2500 3480 protulit,

244 3508 409 3572 mihi
450 3508 689 3573 codices
720 3506 845 3587 MQ
884 3510 1372 3592 suppeditarunt.
1426 3511 1692 3583 alteram
1735 3510 2071 3592 epistulam
2114 3509 2380 3574 Cornelii
2423 3508 2501 3573 ad

245 3618 629 3719 cyprianum
672 3621 915 3685 nonnisi
958 3622 1023 3686 in
1063 3641 1184 3687 uno
1216 3622 1501 3687 Trecensi
1529 3622 1658 3687 412
1689 3621 1788 3705 (β)
1816 3621 2048 3698 inueni,
2093 3620 2394 3685 Baluzius
2433 3620 2502 3685 in

244 3732 522 3810 duobus;
564 3734 631 3797 in
660 3733 833 3799 nullo
874 3753 1021 3798 uera
1058 3734 1455 3816 inscriptione
1493 3735 1804 3799 instructa
1844 3734 1954 3798 est.
2009 3752 2156 3798 nam
2186 3732 2336 3814 quin
2365 3731 2500 3797 eius

244 3846 467 3909 auctor
508 3843 857 3934 deperditas
889 3843 1187 3927 Stephani
1227 3864 1421 3929 papae
1457 3845 1725 3923 litteras,
1771 3844 1838 3908 in
1866 3844 2091 3926 quibus
2123 3842 2498 3926 cyprianum

240 3955 785 4038 pseudochristum
814 3958 879 4021 et
900 3940 1481 4039 pseudoapostolum
1504 3960 1567 4022 et
1590 3957 1876 4021 dolosum
1905 3955 2254 4037 operarium
2285 3953 2500 4038 appel-

239 4068 494 4134 lauerat
524 4067 628 4151 (cf.
661 4068 837 4151 epist.
876 4070 957 4135 75
986 4088 1045 4149 p.
1079 4069 1315 4153 827‚5)‚
1358 4069 1682 4134 reficturus
1724 4066 1916 4131 fuerit
1955 4066 2232 4131 dubitari
2261 4066 2496 4148 nequit.

242 4179 588 4261 epistulam
633 4180 887 4245 tertiam
916 4180 995 4244 ad
1025 4180 1296 4245 codicem
1326 4181 1670 4246 Fuxensem
1701 4179 1802 4263 (Z)
1831 4181 1993 4244 unde
2034 4198 2172 4243 eam
2202 4178 2501 4243 Baluzius

241 4291 635 4375 deprompsit
662 4290 1008 4357 accuratius
1040 4291 1233 4374 exegi.
1267 4292 1345 4356 ad
1367 4294 1654 4373 quartam
1683 4290 2318 4375 praeter2Baluzianos
2349 4290 2501 4353 duos

243 4403 599 4468 Furensem
644 4401 743 4489 (Z)
789 4403 851 4467 et
879 4402 1245 4467 Remensem
1290 4400 1374 4487 (r)
1418 4401 1642 4467 tertius
1682 4401 2066 4467 Monacensis
2112 4398 2213 4485 (μ)
2260 4402 2503 4484 praesto

238 4512 393 4577 fuit.
441 4531 651 4578 eorum
692 4512 1035 4596 propinqua
1078 4512 1363 4597 cognatio
1394 4513 1457 4577 et
1485 4511 1786 4597 Fuxejrsis
1815 4512 2079 4596 insignis
2109 4510 2505 4594 interpolatio
2613 4572 2617 4577 .

464 4635 567 4681 111.
1330 4646 1335 4651 '
2069 4636 2102 4680 Θ
