3217 5150
907 529 995 582 De
1030 528 1226 583 laude
1261 529 1576 597 martyrii
1620 544 1663 582 c.
1700 526 1921 581 28-39.
2458 532 2537 594 51

291 691 578 752 moriendo
641 688 832 766 arguit
897 686 1213 748 saeculum:
1268 687 1458 762 igitur
1522 705 1650 746 cum
1714 687 1785 746 ad
1848 687 2165 761 exemplum
2232 685 2541 748 dominicae
2585 741 2591 748 .

291 793 576 870 passionis
606 793 787 866 adque
817 791 886 850 ad
920 807 1080 850 omne
1109 790 1498 851 testimonium
1527 789 1741 850 Christi
1772 790 2017 882 animam
2045 791 2205 850 tuam
2233 807 2413 864 ponas
2440 805 2545 848 nec

293 897 530 956 fundere
575 895 909 970 sanguinem
947 895 1187 966 metuas,
1231 893 1503 968 martyrio
1545 894 1729 953 totum
1768 909 1997 954 necesse
2036 895 2124 953 est
2166 893 2345 953 cedat.
2390 909 2543 952 mar-

291 999 434 1075 tyrii
484 997 918 1066 inaestimabilis
977 995 1162 1071 gloria
1177 1041 1192 1070 ‚
1255 995 1481 1056 infinita
1529 1013 1793 1056 mensura
1810 1040 1825 1068 ‚
1892 995 2257 1056 immaculata
2307 995 2547 1056 uictoria

248 1117 274 1155 ε.
294 1101 506 1162 nobilis
527 1101 732 1174 uinus,
763 1099 1200 1160 inaestimabilis
1216 1099 1438 1172 titulus,
1461 1099 1785 1173 triumphus
1807 1099 2128 1158 inmensus:
2160 1099 2367 1174 quippe
2396 1100 2547 1174 quod

294 1205 394 1280 qui
437 1204 665 1279 propria
710 1202 1076 1264 consistentis
1128 1202 1296 1262 lande
1347 1201 1669 1276 praefertur
1718 1202 1877 1261 uelut
1926 1202 2077 1262 socio
2108 1202 2322 1262 Christi
2351 1220 2545 1264 cruore

295 1308 609 1368 decoratur.

379 1411 601 1485 Itaque,
633 1408 910 1470 carissimi
938 1409 1166 1482 fratres,
1195 1407 1331 1468 licet
1360 1408 1440 1468 sit
1467 1408 1574 1468 hoc
1599 1410 1787 1468 totum
1815 1408 2135 1469 dominicae.
2154 1407 2543 1484 promissionis
2566 1409 2653 1468 30

293 1515 355 1574 et
395 1513 646 1573 muneris
691 1513 938 1588 licetque
977 1512 1265 1572 tribuatur
1304 1528 1372 1571 ex
1413 1511 1532 1571 alto
1561 1529 1666 1571 nec
1707 1511 1965 1587 capiatur
1994 1512 2107 1572 nisi
2136 1511 2259 1572 eius
2289 1511 2544 1587 imperi0,

225 1634 278 1672 ιο
299 1615 402 1676 sed
451 1631 556 1675 nec
607 1619 707 1675 aut
757 1617 947 1676 mente
1003 1615 1220 1690 concipi
1268 1616 1368 1675 aut
1397 1614 1637 1690 exprimi
1665 1616 1857 1676 uerbis
1888 1617 1989 1675 aut
2019 1614 2269 1676 oratione
2298 1615 2550 1689 percurri

297 1720 400 1778 aut
451 1717 801 1793 quibuslibet
857 1718 1212 1793 eloquentiae
1252 1717 1472 1777 uiribus
1521 1718 1706 1792 possit
1747 1717 1985 1794 inpleri:
2038 1721 2232 1780 tamen
2282 1719 2392 1779 erit
2441 1718 2549 1778 hoc

297 1821 716 1882 beniuolentiae
745 1824 989 1897 uestrae,
1019 1821 1130 1882 erit
1159 1821 1416 1882 caritatis
1445 1823 1504 1881 et
1532 1821 1764 1896 amoris,
1814 1823 1865 1882 si
1894 1822 2191 1884 uolueritis
2220 1821 2402 1882 nostri
2428 1837 2547 1880 me-

299 1941 484 1984 mores
523 1940 650 1984 esse
693 1942 821 1985 cum
849 1925 908 1983 in
936 1925 1099 1985 uobis
1128 1924 1402 1985 Dominus
1452 1924 1787 2001 martyrium
1833 1925 2079 2000 coeperit
2107 1911 2403 1987 honorare.
2448 1943 2551 1987 uos

298 2027 456 2087 intra
495 2044 556 2088 se
607 2030 866 2088 sanctum
916 2027 1062 2088 illud
1115 2028 1317 2103 altare,
1369 2045 1472 2089 nos
1523 2029 1677 2088 intra
1726 2045 1787 2089 se
1837 2046 2045 2104 magna
2092 2027 2197 2088 illa
2247 2029 2553 2091 uenerandi

224 2147 280 2186 ιε»
299 2130 542 2191 nominis
591 2132 756 2191 sedes
797 2130 978 2190 ueluti
1019 2132 1150 2191 sinu
1189 2132 1430 2207 quodam
1472 2132 1675 2207 gremii
1717 2132 2110 2208 amplectentis
2149 2132 2408 2207 includit,
2450 2144 2553 2193 uos

299 2234 540 2308 imperia
589 2235 854 2309 perennis
904 2234 1176 2310 temporis
1226 2235 1512 2295 sustinent
1541 2240 1600 2295 st
1641 2235 1787 2295 illud
1830 2237 1981 2311 quod
2009 2227 2305 2311 regnaturi
2334 2252 2553 2312 semper

301 2337 444 2396 estis
474 2341 534 2396 ot
563 2337 787 2399 uicturi.
833 2355 865 2398 o
895 2338 1049 2398 beati
1078 2340 1138 2397 et
1167 2338 1372 2412 quibus
1400 2354 1532 2398 uere
1563 2341 1698 2399 sunt
1727 2339 1959 2420 dimissa
1986 2341 2220 2415 peccata
2236 2383 2254 2413 ,
2283 2339 2334 2399 si
2363 2342 2554 2401 tamen

302 2442 403 2515 qui
455 2440 668 2502 Christi
716 2458 984 2516 conpares
1029 2441 1169 2501 estis
1216 2441 1519 2516 aliquando
1570 2442 1870 2517 peccastis.
1915 2460 1948 2502 o
1994 2443 2151 2504 beati
2196 2459 2334 2517 quos
2364 2461 2399 2502 a
2428 2443 2549 2521 pri-

291 2545 518 2606 ‘mordio
571 2545 767 2605 mundi
796 2544 1023 2606 Domini
1073 2545 1308 2621 sanguis
1359 2543 1556 2605 infecit
1607 2548 1666 2607 et
1706 2563 1847 2621 quos
1889 2545 2090 2607 merito
2136 2545 2404 2622 splendor
2442 2544 2555 2607 iste

223 2666 280 2707 so
297 2648 458 2709 niuei
509 2648 750 2709 amictus
801 2649 1057 2709 induerit
1106 2651 1165 2709 et
1217 2649 1426 2709 candor
1476 2650 1658 2712 stolae
1709 2650 2011 2709 ambientis
2063 2650 2300 2711 ornarit.
2358 2649 2553 2711 uideor

301 2752 542 2827 denique
583 2753 704 2829 ipse
748 2752 892 2811 mihi
931 2752 1046 2812 iam
1089 2768 1317 2814 cernere
1357 2769 1570 2828 proque
1601 2753 1839 2814 arbitrio
1868 2754 2077 2815 mentis
2107 2754 2388 2815 humanae
2416 2755 2551 2817 ante

443 2972 474 3025 1
508 2988 630 3026 cum
666 2987 767 3027 om.
805 2972 874 3028 N
1091 2972 1176 3042 ad]
1215 2972 1280 3027 de
1319 2971 1425 3043 ΩΤ
1649 2972 1967 3042 exemplum]
2004 2972 2187 3028 eadem
2224 2972 2427 3041 (aedem
2462 2973 2554 3041 M)

301 3057 567 3127 templum
601 3057 780 3129 MQT
957 3059 992 3112 2
1027 3057 1096 3112 ad
1130 3073 1230 3113 om.
1268 3058 1392 3114 LN
1576 3072 1787 3112 omnem
1826 3058 1943 3131 QS¹
2138 3058 2341 3115 christo
2378 3059 2499 3115 LN

300 3144 486 3214 ponas]
523 3144 714 3213 perdas
749 3144 798 3200 S
827 3146 890 3200 in
913 3162 1024 3200 ras.
1232 3146 1267 3199 3
1291 3145 1550 3215 sanguine
1590 3144 1695 3217 ΩΤ
1893 3146 2079 3202 caedas
2106 3148 2149 3201 S
2349 3147 2384 3202 5
2421 3147 2556 3201 titu-

302 3230 418 3283 lum
457 3229 562 3302 QT
807 3230 948 3301 quod
985 3232 1079 3301 qni
1114 3230 1173 3298 S,
1209 3248 1312 3301 quo
1351 3232 1466 3303 ΩΤ,
1504 3232 1645 3299 quod
1678 3232 1749 3299 L,
1788 3233 1918 3303 quid
1954 3234 2025 3300 N,
2063 3234 2157 3303 qui
2190 3234 2282 3289 uel
2317 3250 2419 3302 quo
2452 3250 2487 3289 v

303 3317 338 3369 6
377 3319 434 3369 et
468 3317 685 3386 propria
720 3318 883 3385 LNv,
919 3322 975 3373 et
1009 3320 1196 3387 propia
1235 3320 1340 3391 QT
1609 3321 1973 3390 consistentis]
2011 3320 2314 3375 confitentis
2348 3338 2398 3389 v,
2434 3334 2555 3375 con·

303 3402 464 3456 fitens
501 3400 569 3458 S·
739 3406 1142 3475 praeferlmtur
1180 3406 1227 3461 S
1255 3405 1337 3461 fer
1371 3406 1500 3461 add.
1536 3422 1605 3460 m.
1643 3408 1683 3461 2
1752 3411 1757 3415 ’
1861 3406 2030 3462 socios
2071 3407 2173 3477 ΩΤ
2338 3407 2369 3460 7
2406 3406 2554 3461 deco·

303 3489 456 3543 ratus
498 3488 600 3558 ΩΤ
797 3492 832 3545 8
868 3491 959 3561 sit]
999 3492 1074 3545 sic
1105 3491 1209 3562 ΘΤ
1407 3492 1799 3563 promissionis]
1837 3493 2103 3563 passionis
2130 3494 2173 3547 S
2374 3494 2407 3547 9
2432 3493 2560 3547 licet

305 3590 442 3643 quae
487 3575 588 3645 QS,
626 3576 754 3629 licet
790 3576 845 3631 L
1065 3578 1377 3632 tribuantur
1413 3579 1460 3633 S
1678 3580 1958 3649 capiantur
1995 3579 2041 3633 S
2241 3579 2311 3633 10
2344 3580 2559 3650 concepi

305 3659 392 3724 S¹‚
432 3663 650 3730 concupi
697 3662 743 3732 Q
981 3664 1131 3718 uerbi
1166 3667 1262 3717 aut
1299 3668 1447 3733 (auct
1481 3666 1573 3734 M)
1609 3666 1841 3720 orationi
1876 3666 1950 3719 M
1954 3666 2055 3735 ΩΤ
2290 3666 2559 3735 praecurri

306 3747 542 3818 LQS¹T
753 3750 819 3803 11
856 3750 994 3805 libet
1029 3767 1128 3805 om.
1170 3752 1222 3804 L
1442 3752 1508 3806 13
1543 3754 1719 3821 coepit
1763 3751 1876 3821 08¹
2081 3751 2195 3821 uos]
2233 3761 2330 3805 nos
2366 3751 2422 3805 L

309 3834 380 3887 14
414 3836 626 3904 magna]
664 3838 849 3890 sancta
885 3836 931 3891 S
1106 3838 1221 3891 illic
1257 3838 1311 3891 L
1501 3840 1568 3892 15
1604 3838 1743 3893 sedis
1782 3840 1892 3893 LT
2066 3841 2186 3891 cum
2222 3837 2343 3891 sinu
2380 3836 2428 3892 S

311 3920 580 3987 quondam
623 3921 725 3992 ΩΤ
995 3924 1357 3993 adplectendis
1397 3925 1458 3989 Q,
1512 3924 1867 3993 adplectentis
1911 3926 1960 3979 T
2082 3910 2115 3923 ⁰
2149 3907 2163 3919 ⁸
2242 3922 2307 3977 16
2342 3923 2563 3992 perenni

307 4006 472 4075 LQT
723 4008 860 4062 illud
897 4009 1039 4077 quod
1074 4014 1140 4080 r.]
1177 4011 1294 4063 illic
1331 4011 1705 4080 conregnaturi
1741 4028 1774 4065 v
2030 4010 2095 4063 17
2133 4010 2262 4062 estis
2300 4026 2399 4063 om.
2440 4010 2493 4063 L

307 4095 364 4148 et
399 4095 611 4149 uocturi
653 4096 713 4160 T,
752 4112 1058 4164 semperque
1092 4097 1290 4151 uicturi
1327 4114 1358 4151 v
1534 4099 1645 4151 sint
1682 4096 1903 4150 dimissa
1938 4096 2170 4165 LNQT,
2210 4096 2259 4151 d.
2300 4098 2426 4149 sunt
2460 4113 2493 4151 v

309 4179 378 4232 18
413 4179 615 4234 christo
651 4182 758 4237 NS
925 4184 1155 4252 peccatis
1198 4184 1249 4237 T
1423 4183 1709 4251 primordia
1752 4183 1803 4236 T
1992 4182 2058 4236 19
2084 4182 2360 4250 sanguinis
2396 4180 2498 4250 ΩΤ

307 4264 484 4323 inficit
527 4272 577 4325 T
777 4270 1071 4338 splendoris
1105 4272 1161 4323 te
1196 4270 1342 4323 niuel
1378 4270 1616 4323 amintus
1653 4268 1871 4339 ΜῼὛι
2084 4268 2153 4322 20
2187 4270 2399 4321 ornaret
2424 4265 2492 4320 S¹

307 4356 494 4411 uideor
530 4364 625 4412 etc.
653 4374 752 4413 om.
784 4358 828 4427 Q
842 4377 856 4420 ;
891 4358 1138 4427 sequitur
1172 4359 1225 4411 et
1249 4357 1364 4427 ipso
1387 4356 1568 4412 dolore
1590 4373 1729 4426 quae
1753 4362 1882 4411 sunt
1906 4356 2059 4425 epist.
2087 4360 2155 4411 60
2188 4373 2246 4424 p.
2273 4356 2398 4417 693,
2424 4356 2493 4406 14

307 4443 381 4499 21
417 4443 660 4514 arbitrio]
700 4444 848 4499 arbio
890 4446 942 4499 T

2046 4529 2151 4591 4*
