3217 5150
1342 516 1669 571 Carmina.
2488 508 2616 576 313

752 670 970 732 Vltima
998 691 1105 733 nec
1131 674 1371 736 Domino
1400 677 1692 750 negabunt
1719 675 1920 734 funera
1948 689 2303 747 quemquam,

748 774 1039 849 Adparere
1069 777 1187 838 Deo
1218 780 1381 838 uiuos
1412 779 1480 840 de
1510 781 1690 839 morte
1719 793 1948 838 necesse
1979 779 2068 836 est

585 878 707 936 120
749 878 1185 954 Resumptisque
1216 883 1337 942 suis
1366 883 1624 942 homines
1654 885 1843 942 astare
1874 879 2090 954 figuris.

752 983 977 1042 Semina
1007 985 1093 1044 sic
1121 986 1307 1045 uersis
1336 987 1643 1046 creduntur
1672 985 1834 1044 arida
1861 983 2034 1043 terris
2091 962 2104 976 ⁸

749 1084 829 1144 Et
856 1087 1085 1159 penitus
1114 1087 1243 1146 finis
1274 1090 1607 1162 putrescunt
1637 1089 1860 1146 mortua
1889 1085 2082 1158 sulciS,

749 1188 889 1249 Inde
920 1192 1200 1261 reparatis
1230 1191 1513 1250 animatur
1542 1177 1760 1250 culmus
1791 1189 1986 1249 aristis

748 1291 824 1350 Et
848 1292 1055 1352 iterum
1084 1294 1237 1352 uiuis
1267 1295 1583 1354 flauescunt
1613 1294 1787 1354 fortia
1815 1293 2010 1366 granis

583 1394 702 1453 125
748 1393 1215 1471 consurguntque
1244 1414 1423 1458 nouae
1453 1397 1611 1457 uario
1643 1415 1770 1456 cum
1799 1397 2025 1456 faenore
2055 1409 2286 1454 messeS.

748 1497 943 1558 Sidera
973 1503 1177 1560 cuncta
1208 1502 1427 1572 cadent,
1458 1500 1670 1560 iterum
1700 1502 1900 1558 renata
1929 1499 2234 1568 lucescent,

747 1600 825 1660 Et
854 1602 976 1660 dies
1006 1603 1067 1660 in
1097 1603 1327 1662 densam
1356 1604 1597 1662 moritur
1629 1622 1755 1662 cum
1783 1603 1992 1661 lumine
2022 1603 2266 1672 noctem,

750 1705 975 1766 Occidit
1002 1706 1173 1780 inque
1204 1707 1353 1766 diem
1383 1724 1491 1765 nox
1521 1709 1696 1769 rebus
1725 1706 1848 1765 luce
1879 1693 2110 1765 retectis

740 1807 827 1867 Ac
857 1809 976 1868 dies
1006 1810 1125 1868 alta.
1156 1809 1277 1868 suis
1308 1810 1511 1868 iterum
1540 1810 1792 1882 resurgit
1823 1809 1882 1866 in
1911 1809 2100 1867 nstris.

580 1911 704 1970 130
746 1911 950 1994 Solque
983 1914 1135 1971 cadit
1163 1930 1367 1987 supero
1400 1913 1777 1986 splendorifer
1806 1912 2016 1970 lumine
2047 1913 2220 1982 clare,

748 2014 872 2074 Lux
900 2016 1050 2089 perit
1080 2016 1338 2075 umbrato
1368 2017 1622 2075 uenienti
1652 2033 1884 2089 uespere
1913 2016 2120 2074 mundo

743 2118 817 2177 Et
846 2125 1059 2178 remeat
1088 2123 1207 2180 toto
1238 2123 1579 2194 renouatque
1609 2120 1818 2194 gaudia
1845 2120 2060 2179 saeclo:

748 2222 839 2281 Sic
867 2227 1117 2282 cremata
1148 2241 1248 2283 suo
1278 2224 1425 2282 uiuit
1455 2223 1523 2282 de
1554 2224 1752 2282 funere
1783 2222 1974 2282 foenix

742 2324 1153 2400 Extemploque
1184 2344 1284 2385 suo
1316 2326 1565 2386 nolucris
1594 2325 1844 2400 resurgit
1875 2343 1906 2384 e
1936 2326 2122 2384 haste.

580 2428 703 2487 135
746 2428 824 2487 Et
851 2430 1065 2488 nudata
1094 2430 1245 2488 feliis
1276 2448 1377 2489 suo
1407 2433 1658 2503 tempore
1691 2429 1958 2488 fructicat
1987 2429 2156 2487 arbor

745 2531 945 2606 Adque
974 2533 1179 2593 iterum
1210 2533 1361 2607 pomi
1391 2537 1589 2593 curuat
1621 2550 1688 2594 ex
1718 2531 1968 2605 germine
2000 2547 2206 2591 ramos

834 2636 985 2709 Ergo
1016 2640 1082 2695 ut
1113 2638 1185 2694 ad
1214 2653 1409 2695 uocem
1436 2637 1645 2695 mundo
1677 2638 1952 2695 tremente
1981 2635 2228 2693 diuinam

750 2738 827 2797 Et
856 2738 1083 2813 penitus
1112 2739 1283 2797 motis
1312 2738 1628 2798 uirtutibus
1659 2740 1808 2797 aeris
1838 2738 1945 2797 alti

746 2840 903 2901 Tunc
930 2842 1126 2916 fragor
1156 2841 1424 2901 insolitus
1454 2844 1514 2901 et
1542 2843 1788 2901 maxima
1816 2860 2104 2902 murmura
2133 2842 2280 2901 caeli

581 2946 705 3005 140
746 2946 1119 3006 Promouente
1150 2945 1284 3019 Dee,
1316 2944 1579 3005 ueniente
1608 2944 1794 3004 iudice
1827 2945 2052 3004 mundi:

504 3230 605 3285 118
642 3230 837 3285 ultima
867 3230 956 3299 W,
992 3231 1249 3285 ulterv
1385 3231 1485 3284 119
1522 3244 1776 3299 apparare
1811 3248 1846 3286 v
1981 3230 2140 3284 uiuus
2171 3232 2246 3288 W
2383 3230 2487 3286 120
2519 3232 2615 3285 ha-
2682 3296 2697 3303 Δ

364 3320 509 3371 stare
545 3317 596 3370 T
764 3319 863 3371 121
900 3316 1183 3371 creduntur
1226 3318 1313 3381 W,
1352 3317 1630 3371 credentur
1663 3317 1808 3371 DTv
1992 3318 2093 3371 122
2129 3317 2434 3385 putriscunt
2475 3318 2554 3373 W

364 3402 528 3457 fulcis
572 3404 649 3459 W
861 3404 963 3458 123
997 3403 1303 3457 animantur
1338 3403 1501 3457 culmi
1542 3406 1593 3459 T
1806 3404 1908 3457 125
1939 3418 2074 3458 noue
2117 3404 2232 3469 W¹,
2267 3420 2403 3457 nouo
2436 3404 2554 3459 DT

364 3490 517 3545 uario
553 3491 735 3555 Alam,
772 3506 938 3545 uacuo
974 3490 1167 3547 DTW
1522 3490 1752 3560 faenore]
1791 3490 1901 3544 fore
1937 3491 1988 3544 T
2349 3491 2450 3545 126
2483 3490 2618 3545 luci-

364 3579 517 3631 scent
558 3578 647 3644 W,
684 3576 957 3630 lucescunt
993 3576 1044 3630 T
1178 3576 1275 3631 127
1313 3576 1531 3631 densam
1567 3578 1738 3630 oritur
1782 3578 1866 3641 W,
1901 3576 2026 3631 desa
2059 3577 2291 3631 moritur
2329 3577 2391 3641 T,
2427 3576 2615 3632 densa-

364 3664 593 3717 moritur
624 3662 717 3719 Dv
938 3666 1093 3718 nocte
1126 3664 1219 3719 Dv
1445 3664 1545 3717 128
1578 3664 1796 3717 retectis
1838 3664 1926 3729 W,
1961 3662 2249 3730 requiescit
2282 3662 2433 3727 DT1,
2469 3662 2616 3731 quie-

365 3749 469 3803 scit
505 3750 611 3805 T'v
782 3750 884 3804 129
919 3752 1164 3819 resurget
1200 3749 1340 3805 DTv
1514 3736 1617 3803 130
1652 3748 1804 3804 cadet
1836 3749 1978 3805 DTv
2150 3764 2334 3817 supero
2371 3748 2616 3819 splendo-

362 3836 495 3890 rifer
516 3838 729 3905 scripsi,
764 3836 1211 3906 superoreferique
1237 3838 1353 3892 DT
1362 3836 1448 3900 W,
1484 3835 1967 3905 splendoriferaque
2000 3852 2062 3900 v;
2099 3835 2486 3903 splendorifero
2523 3837 2618 3905 qui

362 3922 566 3977 lumine
600 3922 775 3985 clarus
810 3922 1107 3977 Fabricius
1337 3923 1439 3976 132
1473 3923 1692 3992 remeat]
1729 3926 1952 3977 renouat
1996 3923 2071 3979 W
2287 3924 2618 3990 renouatque

363 4010 547 4074 Alata„
585 4011 950 4078 renouatamq.
987 4009 1063 4074 D,
1098 4012 1403 4079 renouataq-
1447 4012 1499 4065 T
1506 4010 1607 4064 Wv
1779 4008 1976 4079 gaudio
2010 4011 2071 4064 D
2241 4010 2450 4065 saeculo
2483 4011 2552 4063 W

364 4095 467 4149 133
500 4096 727 4165 phoenix
762 4112 795 4149 v
968 4095 1071 4148 134
1104 4095 1472 4165 extemploque
1509 4096 1624 4166 suo]
1663 4096 1898 4166 exemplo
1934 4098 2028 4149 tuo
2067 4095 2197 4152 TW
2372 4112 2403 4150 e
2435 4096 2614 4166 busto]

364 4180 533 4236 denuo
568 4182 637 4236 ab
673 4184 826 4237 aestu
864 4182 993 4238 TW
1026 4182 1214 4247 (denuo
1248 4199 1372 4251 exp.
1411 4183 1465 4236 T
1490 4200 1559 4236 m.
1596 4188 1655 4249 2)
1851 4182 1953 4237 135
1987 4183 2116 4238 haec
2148 4183 2351 4238 nudata
2387 4185 2448 4251 T,
2485 4199 2614 4237 enu-

362 4266 491 4321 data
523 4266 615 4324 Dv
820 4268 937 4337 suo]
974 4268 1053 4322 sic
1087 4270 1218 4333 fort.
1418 4268 1644 4323 fruticat
1684 4267 1735 4321 T
1939 4268 2038 4323 136
2073 4270 2219 4338 pomi
2256 4272 2446 4323 curuat
2479 4285 2520 4323 e.
2559 4284 2612 4338 g.
2647 4330 2652 4335 ⁶

362 4369 537 4408 ramos
571 4355 785 4424 scripsi,
802 4354 991 4422 .pomis
1027 4355 1248 4407 curuata
1284 4370 1329 4407 e.
1356 4370 1408 4423 g.
1442 4356 1606 4408 ramis
1630 4353 1856 4410 DTWv
2065 4356 2162 4408 137
2199 4370 2326 4410 uoce
2361 4370 2433 4411 m.
2457 4356 2498 4409 t.
2535 4354 2616 4409 di-

362 4439 491 4493 uina
522 4440 597 4496 W
732 4440 833 4494 139
870 4442 1039 4495 fracor
1074 4440 1332 4494 insulitus
1378 4442 1453 4494 W
1458 4445 1473 4470 ¹
1683 4441 1784 4494 140
1819 4440 1914 4494 deo
1959 4442 2035 4495 W
2065 4457 2106 4495 8.
2145 4442 2180 4495 Ζ.
