3217 5150
1038 485 1130 539 Ad
1185 485 1642 540 Nouatianum
1694 501 1737 538 c.
1774 484 1927 538 2-3.
2522 491 2603 554 55

351 645 478 706 Noe
528 648 664 705 ante
717 645 995 704 diluuium
1026 644 1132 705 Dei
1181 644 1544 719 prouidentia
1592 643 1873 704 fabricata
1914 646 2003 704 est
2042 660 2193 716 arca,
2248 644 2309 702 in
2349 661 2463 718 qua
2490 660 2605 703 non

353 752 578 809 tantum
617 751 830 809 munda
869 748 1160 821 animalia,
1211 749 1312 808 sed
1357 752 1415 808 et
1443 749 1735 821 inmunda,
1765 751 1833 807 ut
1860 749 1969 807 tibi
2010 748 2123 808 cito
2175 749 2603 822 respondeatur,

352 853 700 925 Nouatiane,
749 853 1076 912 inuenimus
1131 869 1258 912 esse
1308 852 1552 912 reclusa.
1599 869 1745 926 quae
1797 869 1931 912 arca
1977 852 2101 912 sola
2154 869 2281 911 cum
2321 853 2415 911 his
2459 868 2607 925 quae

351 973 544 1016 secum
593 955 822 1016 fuerant
871 955 1118 1015 liberata
1157 958 1248 1014 est
1301 955 1362 1014 in
1403 972 1570 1029 aqua,
1615 958 1677 1014 at
1717 955 1891 1015 ceteri
1931 954 2029 1028 qui
2056 953 2115 1016 in
2146 973 2213 1014 ea
2240 955 2463 1016 inuenti
2490 973 2605 1015 non

305 1083 330 1122 ⁵
352 1062 490 1120 sunt
539 1058 754 1118 diluuio
804 1058 1117 1133 perierunt.
1163 1075 1232 1118 ex
1283 1057 1388 1116 illa
1438 1057 1618 1132 igitur
1668 1075 1801 1117 arca
1849 1059 2223 1131 remittuntur
2279 1059 2423 1117 duae
2466 1074 2605 1117 aues

351 1180 518 1223 corax
547 1163 608 1222 et
655 1161 932 1222 columba.
980 1162 1078 1236 qui
1121 1179 1286 1222 corax
1329 1177 1467 1221 uere
1517 1163 1809 1221 hominum
1838 1162 2235 1221 inmundorum
2264 1164 2323 1221 et
2351 1162 2414 1220 in
2439 1165 2602 1222 tene-

348 1267 472 1326 bris
522 1264 812 1340 perpetuis
860 1263 1186 1326 futurorum
1236 1283 1338 1339 per
1389 1264 1600 1325 saeculi
1652 1265 1831 1324 latam
1885 1265 2041 1324 uiam
2088 1267 2147 1323 et
2186 1264 2461 1323 inmunda
2500 1281 2601 1324 ue-

351 1369 630 1429 scentium
691 1370 1084 1442 apostatarum
1124 1368 1449 1428 futurorum
1499 1371 1560 1428 et
1607 1369 1681 1428 ad
1732 1369 2027 1430 ecclesiam
2078 1384 2141 1427 se
2192 1366 2439 1441 amplius
2488 1384 2603 1427 non

347 1472 696 1532 uertentium
719 1471 960 1546 figuram
981 1471 1264 1545 portabat,
1295 1487 1464 1545 quem
1494 1470 1646 1530 sicut
1690 1471 1947 1544 legentes
1987 1470 2307 1530 inuenimus
2336 1469 2605 1529 emissum

277 1597 332 1636 10
350 1577 410 1636 et
437 1591 550 1634 non
595 1574 841 1648 amplius
887 1591 1200 1634 reuersum.
1247 1575 1382 1634 huic
1409 1590 1544 1648 ergo
1575 1575 1674 1634 aui
1704 1575 1763 1633 id
1793 1575 1882 1634 est
1909 1574 2180 1633 inmundo
2210 1573 2439 1647 spiritui
2470 1573 2603 1647 qui-

349 1696 460 1754 que
489 1677 706 1738 fuerint
733 1677 952 1738 similes
981 1677 1204 1737 inuenti
1234 1677 1310 1736 ad
1339 1677 1636 1738 ecclesiam
1658 1677 1901 1752 amplius
1925 1678 2139 1738 reuerti
2160 1694 2273 1737 non
2300 1679 2601 1750 poterunt:

349 1782 450 1857 qui
477 1784 538 1842 et
567 1783 619 1840 si
656 1781 966 1854 uoluerint,
1019 1781 1292 1840 Dominus
1336 1781 1664 1855 prohibebit
1703 1780 1803 1854 qui
1844 1781 2027 1856 Moysi
2057 1779 2347 1855 praecepit
2376 1779 2601 1838 dicens:

349 1901 543 1946 omne
609 1884 891 1944 uarium
957 1886 1028 1942 et
1091 1885 1506 1944 inmundum
1571 1882 1724 1943 eice
1789 1883 1991 1944 foras
2058 1887 2269 1943 extra
2335 1885 2601 1943 castra.

349 1988 666 2049 columbam
693 1989 886 2048 autem
916 1987 1182 2046 emissam
1211 1987 1273 2046 in
1301 1987 1618 2047 continenti
1648 1986 2005 2061 significatur
2036 2003 2323 2047 reuersam
2356 2003 2419 2046 eo
2450 1987 2600 2059 quod

277 2110 330 2150 ιε.
348 2091 600 2166 requiem
627 2108 744 2151 non
773 2091 1012 2150 haberet
1037 2090 1280 2164 pedibus
1309 2091 1458 2149 suis:
1490 2106 1661 2163 quam
1688 2089 1809 2149 Noe
1838 2090 2055 2163 recepit
2082 2089 2143 2148 in
2166 2105 2354 2148 arcam
2384 2090 2443 2147 et
2472 2091 2604 2161 post

348 2195 652 2269 septimum
682 2194 834 2254 diem
863 2195 1070 2254 iterato
1101 2193 1365 2273 emissam
1393 2193 1609 2268 recepit
1639 2211 1763 2254 eam
1804 2196 2126 2267 portantem
2157 2209 2258 2253 suo
2289 2208 2385 2251 ore
2415 2191 2603 2252 oliuae

347 2297 567 2358 folium.

434 2399 512 2459 Et
541 2416 644 2475 ego
687 2400 934 2474 quidem,
987 2400 1197 2460 fratres
1238 2399 1615 2474 dilectissimi,
1669 2417 1782 2460 non
1824 2403 2036 2460 temere
2064 2399 2181 2458 ista
2209 2399 2469 2472 cogitans
2500 2414 2602 2458 nec
2622 2399 2659 2458 3

347 2504 600 2562 humana
652 2503 935 2577 sapientia
986 2503 1320 2577 conspirans
1335 2548 1350 2576 ,
1416 2503 1517 2562 sed
1567 2505 1636 2562 ut
1686 2501 1920 2563 caelesti
1982 2501 2208 2561 Domini
2272 2501 2601 2577 dignatione

275 2622 332 2664 ιο
350 2606 662 2666 necessarie
691 2608 751 2665 et
777 2606 1130 2679 pertinenter
1167 2605 1456 2665 mentibus
1484 2606 1699 2671 nostris
1728 2606 2021 2681 concipere
2059 2603 2429 2678 permittitur,
2477 2604 2602 2663 dico

349 2708 512 2768 illam
540 2709 602 2768 id
641 2712 732 2768 est
782 2708 1102 2768 columbam
1156 2709 1440 2782 duplicem
1485 2708 1651 2768 nobis
1704 2726 1805 2782 per
1834 2712 2017 2769 semet
2060 2708 2245 2781 ipsam
2275 2707 2599 2781 significare

345 2810 604 2885 figuram.
651 2812 894 2886 primam
944 2812 1171 2886 quidem
1197 2815 1270 2872 'et
1319 2811 1692 2887 principalem
1748 2828 1909 2871 suam
1937 2812 2045 2871 hoc
2073 2814 2162 2871 est
2214 2810 2593 2885 spiritalem**

345 2915 482 2975 olim
510 2916 568 2974 id
599 2917 692 2975 est
720 2916 794 2974 ab
821 2915 989 2975 initio
1022 2914 1250 2975 diuinae
1279 2915 1792 2975 administrationis
1821 2914 2059 2986 insistit,
2092 2917 2152 2972 et
2180 2917 2599 2974 sacramentum

343 3018 728 3093 baptismatis,
759 3020 910 3093 quod
933 3019 994 3077 in
1016 3019 1263 3079 salutem
1285 3020 1512 3093 generis
1530 3019 1765 3077 humani
1793 3017 2084 3091 prouisum
2114 3019 2173 3077 et
2194 3017 2305 3077 soli
2326 3016 2603 3077 ecclesiae

271 3142 326 3182 ιε
347 3121 584 3181 caelesti
633 3122 856 3182 ratione
909 3122 1196 3182 celebrare
1249 3121 1610 3196 pennis-sum
1627 3167 1642 3193 ‚
1699 3138 1800 3195 per
1852 3138 1917 3181 os
1966 3138 2132 3180 suum
2191 3118 2600 3193 praeostendit.

343 3226 436 3284 ter
462 3224 616 3285 enim
643 3224 850 3285 emissa
879 3243 948 3285 ex
977 3242 1110 3285 arca
1147 3225 1397 3285 uolitans
1423 3242 1528 3299 per
1567 3241 1756 3285 aerem
1786 3242 1957 3298 super
1992 3240 2199 3298 aquam
2240 3222 2601 3297 significabat

343 3328 456 3387 iam
516 3332 654 3387 tunc
696 3328 967 3389 ccclesiae
1022 3332 1250 3388 nostrae
1303 3329 1678 3389 sacramenta.
1726 3328 1873 3388 unde
1914 3330 1973 3387 et
2016 3325 2291 3385 Dominus
2334 3326 2597 3386 Christus

547 3527 614 3581 13
647 3526 810 3581 Num.
849 3528 900 3593 5,
934 3528 984 3581 2.

477 3724 512 3777 3
548 3724 702 3793 quae}
740 3722 836 3792 qui
871 3722 938 3777 K
1065 3724 1102 3777 4
1137 3739 1277 3793 aqua
1311 3726 1371 3777 at
1403 3725 1627 3794 scripsi,
1664 3740 1770 3793 qua
1804 3726 1860 3779 et
1893 3724 1987 3781 Kv
2122 3728 2296 3779 cetera
2331 3740 2465 3793 quae
2498 3742 2532 3781 v

339 3810 564 3864 inuenta
596 3824 630 3863 v
819 3808 851 3862 7
887 3808 1052 3877 uiam]
1089 3810 1262 3863 uitam
1297 3809 1364 3864 K
1549 3811 1585 3865 8
1622 3811 1851 3879 amplius
1887 3810 2067 3877 KEr.‚
2102 3811 2246 3865 ultra
2278 3828 2313 3866 υ
2493 3828 2601 3866 non

339 3894 407 3949 K
425 3910 467 3948 ε.
491 3895 528 3949 1.
552 3912 622 3950 m.
645 3898 682 3949 2
878 3895 912 3949 9
936 3896 1077 3949 sicut
1100 3895 1164 3948 K
1185 3896 1306 3959 Er„
1330 3912 1430 3951 om.
1464 3912 1522 3960 v;
1547 3897 1747 3951 siccum
1770 3896 2039 3968 legentem
2063 3897 2365 3951 inuenimus
2396 3898 2530 3963 fort.

340 3980 410 4035 10
441 3996 549 4033 non
585 3981 651 4035 K
666 3997 708 4035 s.
737 3981 772 4035 l.
796 3998 865 4035 m.
888 3984 926 4034 2
1185 3983 1250 4035 11
1287 3984 1566 4051 pot-erunt
1599 3983 1669 4037 K
1920 3982 1987 4036 13
2022 3982 2165 4037 foras
2200 4000 2269 4038 ecc
2304 3983 2435 4037 foris
2470 3984 2537 4038 K

340 4065 408 4119 14
440 4066 685 4121 columba
709 4082 757 4120 a.
783 4069 1258 4122 emissa—reuersa
1287 4084 1320 4122 υ
1526 4070 1593 4123 16
1628 4070 1883 4123 iteratore
1918 4068 2137 4123 missam
2175 4069 2241 4123 K
2423 4071 2493 4125 18
2525 4071 2597 4124 ti-

337 4167 480 4206 mere
513 4152 577 4205 K
581 4155 600 4182 ¹
823 4154 891 4208 19
923 4154 1157 4208 humane
1193 4156 1259 4208 K
1467 4156 1538 4209 20
1571 4154 1707 4225 dico}
1745 4154 1865 4210 dico
1902 4158 2083 4209 autem
2120 4155 2185 4209 K
2384 4156 2455 4209 22
2487 4156 2599 4224 pri-

335 4254 482 4292 mum
519 4238 585 4291 K
809 4226 958 4309 spale
991 4240 1057 4293 Κ
1061 4261 1078 4294 .·
1117 4257 1258 4309 quae
1291 4246 1552 4296 secumtwr
1585 4246 1848 4309 corr-twta
1880 4246 2014 4294 swnt
2241 4241 2313 4295 24
2346 4239 2597 4295 ecclesiae

337 4323 634 4379 catholicae
658 4324 726 4379 K
894 4326 966 4379 25
998 4325 1314 4397 permissum
1339 4325 1536 4381 addidi
1711 4326 1778 4379 26
1804 4325 2064 4394 premissa
2087 4325 2151 4378 K
2354 4327 2599 4392 superat-

336 4424 453 4463 carn
487 4409 552 4463 Κ
556 4414 574 4439 ¹
