3217 5150
609 450 692 511 24
1551 443 1919 513 Appendix.

596 605 860 667 humeros
891 607 1154 678 premant
1183 607 1241 662 et
1279 603 1564 663 luxuriam
1602 603 1915 664 infeliciter
1946 622 2007 664 se
2037 607 2213 667 animi
2244 605 2512 667 iactantis
2542 607 2875 668 ostendant.

595 707 732 781 quid
783 725 910 766 cum
963 707 1212 766 ceruices
1265 706 1583 782 peregrinis
1635 706 1921 780 lapidibus
1976 712 2253 784 urgentur
2312 712 2372 770 et
2420 711 2873 782 absconduntur,

595 827 833 883 quorum
887 809 1076 884 pretia
1129 809 1300 869 etiam
1353 811 1475 870 sine
1529 811 1749 870 artibus
1790 812 2180 873 kalendarium
2236 813 2488 874 cuiusuis
2540 815 2869 874 excedunt?

593 929 708 971 non
749 917 984 973 ornatur
1024 914 1248 985 mulier,
1293 915 1394 973 sed
1435 913 1582 973 uitia
1624 914 1880 974 mulieris
1924 918 2323 976 ostenduntur.
2368 917 2507 992 quid
2534 935 2665 978 cum
2694 917 2869 992 digiti

589 1015 697 1074 tali
736 1033 874 1076 auro
917 1016 1136 1077 onerati
1175 1035 1279 1077 nec
1319 1017 1534 1076 intrare
1574 1022 1815 1090 possunt
1844 1035 1947 1078 nec
1988 1021 2223 1093 egredi?
2270 1023 2463 1080 utrum
2503 1037 2642 1079 usus
2684 1037 2860 1093 expo·
2880 1043 2905 1082 5

588 1119 700 1178 scit
752 1138 827 1178 an
867 1119 1334 1194 patrimoniorum
1385 1119 1574 1178 inanis
1628 1135 1833 1193 pompa
1872 1125 2223 1182 monstratur
2237 1126 2265 1180 ἲ
2312 1122 2518 1182 mirum
2548 1123 2864 1196 negotium,

591 1222 858 1281 mulieres
887 1225 960 1282 ad
1007 1223 1194 1282 omnia
1237 1223 1512 1282 delicatae
1553 1223 1625 1282 ad
1654 1223 1923 1282 uitiorum
1953 1225 2207 1285 sarcinas
2238 1226 2507 1286 fortiores
2536 1228 2671 1284 sunt
2702 1211 2863 1286 uiris.

494 1336 571 1394 13
677 1328 788 1386 Sed
825 1329 892 1386 ut
929 1331 1184 1401 repetam
1235 1345 1379 1402 quae
1423 1344 1735 1403 coeperam,
1789 1329 2027 1389 colenda
2070 1345 2292 1404 semper
2342 1333 2433 1390 est
2473 1329 2757 1404 pudicitia.
2802 1333 2865 1389 et

587 1430 730 1489 uiris
759 1433 818 1489 et
846 1431 1094 1504 feminiS,
1127 1431 1279 1490 omni
1307 1429 1566 1490 custodia
1593 1433 1876 1490 seruanda
1904 1437 1993 1490 est
2015 1433 2172 1491 intra
2200 1432 2413 1493 limites
2444 1450 2595 1493 sues.
2642 1433 2757 1492 cito
2788 1433 2861 1492 de

586 1535 792 1592 natura
827 1536 1083 1608 'corporis
1135 1533 1498 1607 periclitatur
1526 1533 1586 1592 in
1629 1551 1878 1607 corpore,
1930 1534 2065 1592 dum
2106 1534 2261 1608 rapit
2302 1534 2463 1595 illam
2504 1551 2695 1596 secum
2722 1551 2859 1608 caro
2878 1555 2939 1597 ιο

586 1652 732 1709 quae
764 1653 985 1711 semper
1013 1638 1074 1694 in
1103 1635 1269 1710 lapsu
1299 1637 1407 1696 est.
1453 1635 1560 1696 sub
1589 1639 1884 1710 praetexte
1916 1637 2125 1711 quippe
2154 1642 2391 1697 naturae
2419 1655 2563 1713 quae
2594 1639 2856 1698 homines

587 1755 809 1812 semper
859 1741 1067 1813 urguet
1118 1739 1191 1798 ad
1231 1740 1466 1800 affectus
1483 1785 1498 1813 ,
1552 1739 1761 1813 quibus
1800 1741 1999 1800 ruinae
2044 1740 2299 1815 conlapsi
2342 1743 2571 1816 generis
2610 1742 2863 1800 resarci-

585 1845 780 1914 untur,
811 1841 1196 1901 blandimento
1223 1842 1537 1916 uoluptatis
1577 1842 1787 1902 fallens
1829 1860 1944 1902 non
1972 1842 2130 1902 ducit
2160 1844 2233 1902 ad
2260 1843 2672 1903 continentiam
2703 1845 2852 1918 legi-

583 1945 756 2004 timae
807 1946 1221 2005 coniunctionis
1273 1946 1540 2018 sobolem,
1594 1947 1697 2007 sed
1742 1945 1921 2006 iactat
1962 1946 2021 2005 in
2068 1947 2302 2006 crimen.
2350 1963 2484 2021 ergo
2516 1949 2716 2007 centra
2744 1947 2856 2007 has

587 2048 776 2111 carnis
819 2049 1079 2121 insidiae,
1123 2050 1330 2124 quibes
1361 2067 1422 2109 se
1453 2049 1715 2110 diabolus
1747 2053 1807 2109 et
1834 2050 2048 2110 socium
2078 2049 2283 2109 inserit
2311 2053 2371 2109 et
2400 2050 2619 2121 ducem,
2652 2050 2855 2110 obluc-
2878 2070 2935 2110 ιε

586 2153 823 2212 tandum
864 2155 955 2212 est
995 2153 1148 2213 omni
1187 2171 1396 2228 genere
1449 2153 1705 2213 uirtutis.
1754 2153 2125 2212 adsumantur
2178 2154 2486 2213 secundum
2536 2151 2859 2226 apostolum

588 2255 802 2315 Christi
847 2273 1018 2329 opera
1058 2258 1117 2314 et
1158 2274 1193 2315 a
1233 2257 1515 2316 consortio
1557 2257 1749 2316 carnis
1790 2256 1850 2316 in
1892 2259 2169 2331 quantum
2207 2259 2395 2329 potest
2424 2257 2649 2316 animus
2690 2256 2855 2316 colli-

590 2359 781 2431 gatur,
827 2361 1122 2432 separetur
1163 2359 1347 2419 omnis
1386 2376 1590 2419 sensus
1630 2378 1667 2418 a
1696 2377 1945 2434 corpore,
1977 2360 2123 2419 uitia
2152 2337 2385 2434 semper
2404 2359 2759 2433 castigentur
2787 2361 2857 2418 ut

587 2461 872 2533 odiantur,
915 2465 1048 2521 ante
1097 2465 1287 2522 oculos
1329 2463 1664 2522 obuersetur
1707 2462 1978 2523 deformis
2009 2463 2119 2522 iste
2148 2466 2321 2538 atque
2350 2463 2605 2522 deiectus
2634 2462 2857 2535 peccati

587 2566 790 2645 pudor,
833 2566 1182 2640 paenitentia
1218 2568 1345 2641 ipsa
1385 2584 1511 2627 cum
1552 2565 1802 2625 luctibus
1850 2565 1973 2626 suis
2014 2584 2159 2641 quae
2201 2567 2627 2627 commissorum
2655 2564 2851 2627 crimi-
2874 2584 2933 2625 se

587 2687 724 2729 num
765 2670 1066 2731 inhonesta
1107 2671 1447 2734 contestatio
1490 2674 1599 2731 est.
1656 2670 1805 2729 nihil
1850 2671 2239 2731 consideretur
2282 2670 2501 2731 curiose
2545 2670 2607 2729 in
2647 2668 2853 2729 alienis

727 2908 758 2963 1
798 2909 852 2960 et
889 2923 988 2961 om.
1026 2908 1106 2963 Ζυ
1301 2923 1356 2961 se
1393 2922 1493 2961 om.
1531 2922 1564 2960 v
1760 2906 1946 2975 animi]
1986 2908 2165 2959 autem
2203 2905 2258 2959 Z
2446 2904 2696 2960 ostendat
2730 2904 2786 2958 Z

584 2994 620 3046 2
656 2992 800 3062 quid]
840 3010 964 3047 nam
1000 2994 1051 3047 Z
1263 2994 1657 3048 abscondentur
1691 2992 1740 3046 Z
1954 2991 1989 3045 3
2024 2991 2209 3060 etiam]
2248 2991 2392 3045 enim
2424 2992 2479 3045 Z
2679 2990 2859 3044 calen-

585 3078 774 3133 darum
813 3082 871 3132 K
875 3102 888 3145 3
944 3080 1288 3135 cilindrorum
1324 3096 1455 3134 enus
1491 3081 1632 3135 coni.
1678 3080 1975 3144 Erasmus,
2020 3078 2115 3133 sed
2150 3079 2294 3144 conf.
2338 3078 2565 3133 Tertull.
2603 3077 2672 3132 de
2706 3077 2864 3133 cultu

582 3166 709 3233 fem.
763 3166 808 3219 Ι
833 3172 894 3221 8;
937 3166 1167 3235 graciles
1214 3166 1426 3219 aurium
1473 3168 1620 3219 cutes
1666 3163 2035 3218 kalendarium
2085 3164 2347 3218 excedunt
2621 3163 2862 3217 cuiusuis

587 3252 736 3307 urbis
770 3252 825 3305 Z
1026 3253 1060 3306 5
1095 3252 1218 3321 tali]
1257 3251 1388 3321 quid
1425 3267 1544 3305 cnm
1581 3252 1686 3306 tali
1722 3253 1790 3315 K,
1828 3250 2147 3305 circumdati
2182 3251 2238 3304 Z
2434 3249 2687 3304 honerati
2722 3250 2773 3303 Ζ

587 3339 702 3407 nec]
739 3354 806 3391 ne
842 3339 894 3391 Z
1097 3337 1294 3391 intrari
1331 3338 1392 3388 K
1419 3336 1515 3391 sed
1547 3338 1596 3390 ri
1631 3339 1694 3391 in
1727 3352 1836 3391 ras.
1874 3344 1928 3391 et
1964 3338 2201 3391 alterum
2236 3353 2277 3390 r.
2313 3351 2356 3391 s.
2382 3336 2439 3400 l„
2474 3335 2688 3404 ingredi
2722 3334 2778 3388 Z

586 3442 684 3480 nec
719 3425 898 3494 egredi
933 3442 1034 3479 om.
1071 3426 1123 3479 Z
1291 3425 1586 3494 exposcitur
1623 3424 1717 3479 Kv
1889 3424 1919 3477 7
1958 3424 2199 3478 mulieris
2236 3423 2292 3476 Z
2456 3421 2689 3476 delicata
2724 3421 2782 3475 Z

584 3513 619 3567 8
655 3512 764 3581 sed]
800 3512 878 3565 sic
913 3512 964 3565 Z
1166 3514 1249 3565 est
1283 3527 1385 3565 om.
1421 3527 1453 3564 v
1660 3513 1716 3564 et
1752 3526 1785 3563 a
1818 3510 1955 3565 uiris
1989 3510 2051 3573 Z,
2090 3508 2225 3563 uiris
2260 3528 2293 3561 v
2500 3510 2534 3562 9
2572 3512 2627 3561 et
2653 3522 2685 3560 a
2724 3506 2777 3561 Z

589 3598 688 3667 est]
739 3600 792 3651 et
827 3599 878 3652 Z
1079 3596 1302 3666 limites]
1353 3596 1558 3651 milites
1593 3596 1647 3651 Z
1848 3595 1912 3650 de
1956 3612 2058 3650 om.
2094 3613 2128 3652 v
2350 3596 2416 3649 11
2461 3594 2677 3648 labsum
2723 3594 2775 3648 Z

587 3686 856 3754 praetecto
906 3683 981 3747 Ζ,
1027 3686 1301 3752 praetextu
1337 3700 1368 3737 v
1595 3683 1662 3738 12
1708 3682 1775 3737 ad
1822 3698 1921 3736 om.
1969 3682 2024 3735 Z
2234 3680 2447 3750 quibus]
2488 3680 2694 3749 Quippe
2728 3680 2783 3733 Z

588 3770 966 3839 resarciuntur]
1010 3770 1306 3823 reiciuntur
1343 3770 1394 3822 Z
1627 3769 1693 3823 13
1728 3767 2031 3823 uoluntatis
2067 3768 2121 3821 Z
2332 3766 2721 3821 continentiam
2756 3782 2861 3819 om.

581 3858 648 3921 Z,
696 3855 1074 3911 conscientiam
1111 3856 1169 3906 K
1371 3856 1440 3909 15
1467 3850 1608 3923 'post
1654 3854 1881 3908 insidias
1926 3869 2037 3907 ras.
2074 3857 2108 3907 7
2146 3852 2249 3906 litt.
2284 3852 2349 3906 in
2382 3851 2449 3906 K
2652 3868 2708 3905 se
2744 3851 2867 3905 dia-

586 3942 762 4013 bolus]
810 3941 1023 3995 sedibus
1059 3941 1114 3994 Z
1311 3941 1518 4010 ingerit
1552 3958 1585 3996 v
1792 3939 1994 4007 ducem]
2029 3938 2185 3993 docet
2218 3938 2296 4003 Ζ,
2343 3938 2529 3993 ducem
2564 3936 2701 3992 facit
2734 3955 2769 3993 v

591 4028 662 4085 16
708 4030 1011 4081 assumatur
1046 4045 1080 4082 v
1285 4028 1350 4081 17
1399 4044 1430 4081 a
1466 4044 1568 4082 om.
1607 4026 1661 4079 Ζ
1866 4026 1924 4079 in
1966 4041 2065 4078 om.
2102 4040 2135 4077 v
2352 4026 2421 4079 18
2454 4040 2635 4078 omnes
2670 4038 2863 4077 sensus

587 4116 653 4179 Z,
689 4129 973 4168 consensus
1011 4114 1102 4169 Kv
1341 4114 1498 4183 uitia]
1537 4114 1653 4167 uite
1687 4113 1743 4167 Z
1980 4111 2046 4164 19
2081 4110 2299 4165 odiatur
2332 4112 2387 4165 Z
2612 4110 2863 4165 obserue-

587 4204 680 4255 tur
716 4204 774 4253 K
977 4200 1226 4254 deformis
1261 4200 1384 4269 iste]
1422 4198 1683 4254 deformis
1719 4213 1831 4251 esse
1867 4197 1943 4260 K,
1974 4195 2290 4251 deformitas
2326 4198 2381 4252 Z
2571 4197 2643 4252 20
2672 4196 2859 4266 pudor.

589 4286 930 4341 Paenitentia
963 4288 1042 4341 sic
1079 4286 1368 4357 distinquit
1401 4303 1434 4342 v
1643 4284 1778 4354 ipsis
1813 4283 1868 4336 Z
2080 4298 2215 4352 quae
2250 4300 2352 4339 om.
2386 4301 2421 4339 v
2636 4284 2705 4337 21
2740 4298 2867 4337 con·

593 4373 834 4442 testatio]
874 4375 1218 4427 commutatio
1255 4373 1309 4426 Z
1511 4371 1715 4425 curiose
1751 4369 2117 4424 consideretur
2152 4372 2203 4423 Z
