3217 5150
459 510 470 522 '
585 525 708 590 188
1521 518 1890 589 Appendix.

582 682 740 740 serat
768 680 920 739 mala
936 724 950 753 ,
1013 682 1073 738 et
1113 680 1182 739 de
1225 677 1532 738 sanctitate
1569 678 1927 752 praeiudicat
1978 680 2045 737 ut
2092 676 2513 737 immunditiam
2542 676 2840 751 suptiliter

582 782 948 857 introducat,
1009 783 1080 843 de
1131 780 1290 843 licito
1342 782 1659 843 calumnias
1706 782 1847 842 facit
1900 783 1967 841 ut
2014 780 2273 843 obtinere
2325 780 2608 840 inlicitum
2628 782 2835 855 possit.

590 888 822 962 propter
851 887 1001 960 quod
1029 886 1320 960 apostolus
1349 886 1565 945 Paulus
1594 885 1823 946 haeresi
1874 885 2012 946 huic
2060 888 2195 945 ante
2238 884 2577 961 praescribit
2604 884 2834 945 dicens:

583 992 1080 1050 uerumtamen
1139 1005 1369 1063 neque
1436 987 1702 1048 mulier
1765 988 1923 1049 sine
1986 988 2146 1049 uiro
2212 1004 2440 1063 neque
2505 988 2619 1047 nir
2679 986 2841 1048 sine

584 1093 906 1153 muliere
951 1093 1025 1151 in
1066 1091 1384 1153 Domino.
1431 1092 1588 1152 absit
1616 1091 1773 1152 absit
1812 1094 1883 1152 ut
1926 1092 2135 1166 ubique
2162 1092 2409 1152 feminae
2437 1090 2833 1167 praescriban-
2858 1107 2883 1148 s

582 1199 681 1255 tur
712 1200 814 1255 aut
841 1196 1049 1270 ubique
1099 1195 1398 1269 permissio
1428 1195 1736 1255 tribuatur.
1790 1195 2004 1254 habent
2055 1195 2182 1255 loca
2232 1212 2339 1255 sua
2364 1196 2519 1255 circa
2566 1194 2840 1255 maritum

581 1300 738 1359 circa
765 1299 914 1359 filios
943 1299 1094 1359 circa
1121 1298 1336 1359 fratres
1363 1298 1516 1358 circa
1543 1299 1811 1373 parentes
1840 1298 1991 1359 circa
2020 1314 2219 1360 seruos
2247 1301 2307 1359 et
2338 1298 2399 1357 in
2428 1299 2593 1359 domo
2622 1298 2839 1359 oratio-

581 1402 670 1462 nis
713 1401 1106 1462 tantummodo
1151 1401 1314 1461 iuxta
1341 1404 1574 1461 cunctos
1605 1400 1862 1461 clericos.
1919 1400 1981 1459 in
2022 1402 2317 1461 mansione
2344 1404 2537 1462 autem
2566 1418 2681 1460 una
2708 1402 2832 1460 sine

583 1506 918 1581 cognatione
970 1507 1336 1579 conpetenter
1385 1520 1498 1565 non
1539 1504 1753 1563 habent
1784 1504 1985 1564 socios.
2047 1505 2190 1565 haec
2218 1508 2311 1565 est
2339 1504 2491 1565 libra
2518 1520 2664 1579 quae
2696 1506 2834 1566 stat.

579 1611 738 1669 stare
767 1625 902 1669 uero
931 1624 1046 1667 non
1073 1609 1265 1680 potest
1313 1606 1584 1681 quicquid
1628 1606 1995 1667 inclinauerit
2022 1607 2231 1668 libram
2260 1607 2481 1667 dicente
2510 1607 2801 1683 scriptura
2822 1628 2837 1667 ε
2858 1626 2911 1665 ιο

579 1728 713 1771 non
778 1709 1202 1771 declinabis
1267 1710 1344 1768 in
1409 1710 1780 1770 dexteram
1852 1727 1933 1770 ne
1952 1726 2085 1784 que
2156 1710 2231 1769 in
2308 1709 2707 1769 sinistram.
2776 1712 2841 1771 et

578 1814 854 1874 Dominus
912 1814 973 1872 in
1021 1813 1351 1888 euangelio:
1414 1814 1599 1887 quod
1656 1812 1973 1887 amplius
2018 1816 2129 1873 est
2170 1832 2207 1875 a
2248 1813 2429 1874 malo
2474 1814 2605 1873 est.
2682 1812 2837 1873 disce

585 1935 735 1977 nunc
761 1915 1170 1991 temperantiae
1202 1916 1430 1976 modum
1483 1916 1580 1989 qui
1633 1932 1735 1990 per
1766 1916 2059 1977 licentiam
2088 1916 2317 1991 quaeris
2346 1932 2658 1977 excessum.
2702 1932 2835 1976 ama

577 2019 822 2079 feminas
852 2019 1002 2080 inter
1031 2036 1196 2079 sacra
1223 2018 1502 2080 solemnia
1531 2021 1591 2079 et
1622 2018 1753 2080 odio
1781 2019 1931 2079 habe
1960 2019 2023 2079 in
2052 2020 2441 2081 communione
2470 2020 2701 2093 priuata
2718 2064 2735 2093 ‚
2782 2020 2835 2079 si

577 2123 668 2182 uis
727 2122 1042 2183 Salomonis
1098 2124 1294 2182 tenere
1351 2122 1704 2183 doctrinam:
1764 2124 2081 2197 tempus,
2146 2123 2365 2198 inquit,
2410 2123 2704 2183 amandi
2763 2125 2902 2183 etis

582 2228 867 2300 tempus
923 2226 1234 2285 odiendi.

478 2336 557 2394 14
671 2328 829 2389 Tunc
879 2344 1016 2403 ergo
1067 2330 1320 2389 cauenda
1359 2330 1494 2388 sunt
1551 2329 1797 2389 feminae
1826 2329 2131 2405 participia
2144 2376 2161 2404 ,
2206 2332 2429 2405 quando
2459 2330 2681 2406 geritur
2706 2347 2833 2391 car-

582 2432 798 2493 nalium
830 2449 1093 2494 curarum
1122 2432 1390 2493 continua
1417 2432 1797 2493 unanimitate
1828 2433 2166 2508 frequentia,
2198 2432 2465 2508 quoniam
2496 2434 2649 2494 inter
2668 2450 2835 2495 curas

582 2552 716 2596 snas
751 2552 881 2597 caro
912 2550 1136 2611 semper
1165 2535 1537 2596 incitamenta
1565 2535 1849 2611 cupidinis
1870 2539 2139 2612 prouocat
2166 2539 2226 2598 et
2246 2537 2371 2598 illic
2398 2537 2553 2613 parit
2582 2537 2841 2598 fomenta

577 2640 881 2715 peccandi,
927 2640 1026 2699 ubi
1055 2641 1414 2713 pertractans
1445 2639 1737 2700 commoda
1776 2657 1881 2700 sua
1908 2640 2242 2714 temporalis
2257 2641 2427 2702 -uitae
2454 2641 2826 2716 cogitationi·
2850 2661 2905 2702 »ο

573 2743 683 2802 bus
714 2743 962 2803 senserit
988 2741 1282 2817 paululum
1325 2741 1574 2803 relaxari
1595 2786 1611 2814 ,
1665 2739 1815 2802 sicut
1866 2743 2128 2804 Salomon
2176 2744 2391 2804 adserit
2442 2743 2669 2804 dicens:
2716 2745 2829 2805 de-

573 2844 832 2920 primit
901 2846 1208 2904 terrena
1271 2845 1597 2920 cogitati
1624 2863 1657 2906 o
1724 2861 2014 2906 sensum
2069 2847 2299 2906 multa
2362 2847 2831 2921 cogitantem.

575 2949 636 3008 in
690 2949 973 3008 conuentu
1013 2964 1150 3008 uero
1193 2964 1478 3007 sacrorum
1499 2992 1514 3020 ,
1571 2947 1672 3007 ubi
1718 2949 1955 3024 spiritns
2000 2949 2325 3010 dominatur
2338 2994 2353 3023 ,
2400 2949 2609 3010 ancilla
2654 2953 2835 3012 semet

573 3052 760 3126 ipsam
811 3067 1156 3126 cognoscens
1206 3050 1396 3125 perdit
1464 3067 1602 3110 suae
1658 3051 1973 3127 uoluptatis
2045 3069 2212 3112 usum
2233 3097 2247 3125 ‚
2292 3052 2482 3128 perdit
2521 3056 2581 3112 et
2630 3053 2833 3113 luxum

576 3156 710 3214 dum
773 3155 1096 3214 tractantur
1147 3153 1418 3214 caelestia
1433 3198 1448 3227 ,
1519 3155 1653 3214 dum
1707 3154 2067 3216 celebrantur
2096 3159 2297 3216 sancta
2348 3156 2648 3231 mysteria:
2702 3159 2831 3218 tota
2846 3179 2897 3220 ιε

572 3256 902 3317 humanitas
933 3258 1242 3330 occupatur
1255 3303 1270 3330 ,
1333 3257 1430 3317 ubi
1472 3275 1587 3318 non
1615 3260 1865 3318 humana
1914 3259 2016 3318 sed
2056 3259 2255 3320 diuina
2282 3264 2419 3320 sunt
2448 3260 2667 3321 omnia:
2724 3260 2825 3320 ubi

571 3361 865 3421 ueneratio
893 3360 986 3421 uel
1015 3361 1199 3420 terror
1227 3362 1286 3420 et
1328 3362 1542 3421 tremor
1570 3361 1850 3422 incutitur
1879 3361 2087 3422 animis
2114 3363 2417 3436 uniuersis,
2450 3362 2679 3438 sepulta
2728 3365 2821 3422 est

568 3464 827 3540 profecto
857 3463 1183 3524 substantia
1232 3465 1498 3524 carnalis.
1545 3464 1697 3525 inter
1738 3465 1865 3539 ipsa
1892 3465 2012 3526 fere
2042 3465 2229 3526 carnis
2258 3466 2621 3527 mercimonia
2649 3465 2821 3528 multi

579 3568 932 3641 uoluptatem
964 3567 1214 3640 corporis
1243 3567 1590 3642 neglegunt,
1647 3570 1870 3643 quando
1922 3586 1959 3628 a
1987 3569 2309 3643 legionibus
2338 3569 2608 3630 exerc-itia
2636 3570 2816 3630 medi·

711 3803 775 3856 11
811 3802 970 3857 Pron.
1007 3803 1057 3870 4,
1092 3803 1175 3858 27.
1555 3804 1623 3858 12
1658 3804 1857 3884 Matth.
1896 3805 1946 3867 5,
1981 3803 2065 3858 37.
2448 3793 2523 3858 15‘
2550 3803 2653 3858 Sir.
2687 3804 2739 3870 3,
2775 3805 2828 3860 8.

567 3887 634 3942 21
674 3887 796 3957 Sap.
832 3888 881 3954 9,
920 3889 1000 3944 15.

707 4091 742 4144 5
777 4092 840 4144 ut
875 4091 922 4147 0
951 4107 996 4146 s.
1033 4094 1069 4148 l.
1105 4109 1176 4148 m.
1211 4098 1248 4150 2
1503 4095 1537 4149 9
1574 4093 1717 4148 libra
1752 4092 1815 4160 Ο,
1850 4093 2021 4148 libera
2056 4110 2091 4150 v
2333 4095 2402 4150 10
2435 4095 2630 4151 libram
2667 4097 2725 4164 0,
2764 4097 2831 4152 li-

571 4175 700 4230 bera
733 4193 769 4232 v
988 4179 1052 4234 18
1086 4179 1442 4234 unanimitate
1488 4178 1547 4243 0,
1582 4178 1913 4234 unanimiter
1946 4197 1979 4236 v
2188 4181 2254 4235 19
2283 4186 2409 4249 poet
2444 4197 2653 4251 semper
2688 4198 2839 4254 eras,-

573 4263 740 4318 etiam
776 4264 840 4318 in
874 4264 923 4320 G
1167 4266 1366 4336 parit„
1409 4266 1455 4322 G
1703 4265 1773 4320 22
1807 4269 2047 4321 terrena·
2089 4267 2150 4332 Ο,
2184 4267 2359 4322 terrae
2393 4284 2429 4323 v
2667 4268 2739 4324 23
2772 4269 2831 4323 in

585 4351 632 4406 G
661 4366 707 4406 s.
744 4351 780 4406 1.
815 4367 884 4406 m.
919 4354 959 4408 2
1160 4352 1416 4407 ancillam
1459 4351 1505 4406 G
1718 4351 1785 4406 27
1822 4354 2023 4406 tremor
2056 4354 2115 4406 et
2146 4354 2319 4407 terror
2351 4370 2386 4409 v
2610 4353 2681 4409 28
2713 4369 2833 4425 pro-

579 4437 720 4490 fecto
767 4436 826 4501 0,
860 4435 1090 4506 perfecte
1123 4453 1172 4502 v,
1210 4437 1444 4506 perfecta
1475 4436 1647 4492 Oxou.
1800 4437 1869 4491 29
1904 4436 2117 4507 quando
2150 4437 2209 4504 G,
2245 4437 2452 4494 scilicet
2486 4438 2697 4507 qnando
2732 4457 2767 4496 v
