3217 5150
583 545 668 601 Ad
702 546 968 616 vigilium
1004 544 1310 614 episcopum
1345 544 1411 597 de
1443 544 1663 599 Iudaica
1696 542 2073 599 incredulitate
2107 559 2152 599 c.
2187 542 2223 596 2
2240 543 2341 597 -4,
2464 546 2582 611 123

329 707 514 767 disset
559 705 872 778 Christum,
925 722 1054 765 cum
1103 705 1164 763 in
1212 704 1494 779 templum
1543 703 1699 764 omni
1742 702 1953 779 populo
1981 706 2279 778 praesente
2308 701 2584 763 infantem

329 826 521 871 secum
564 812 746 870 mater
775 807 1036 881 inferret,
1085 808 1148 867 in
1187 807 1396 882 spiritu
1425 796 1719 867 ‘christum
1763 809 1960 866 natum
1992 824 2119 867 esse
2144 805 2345 878 sensit,
2381 822 2583 880 accep-

327 916 453 973 tum
503 913 566 972 in
615 928 818 971 manus
867 926 1107 985 puerum
1155 910 1306 969 uidit
1356 912 1418 970 et
1465 910 1806 970 benedicens
1850 909 2031 969 Deum
2076 909 2138 968 in
2189 912 2496 982 conspectu
2526 913 2585 969 et

328 1015 532 1077 auditu
575 1016 826 1077 omnium
879 1015 1059 1075 dixit:
1105 1031 1292 1073 nnnc
1335 1014 1667 1074 dimittis
1708 1030 1999 1073 seruum
2042 1014 2238 1072 tuum
2282 1012 2583 1073 Domine

279 1138 306 1180 s
328 1121 720 1179 secundum
790 1119 1087 1179 uerbum
1157 1121 1355 1177 tuum
1429 1119 1502 1176 in
1575 1134 1751 1191 pace
1820 1116 2161 1191 quoniam
2232 1116 2585 1177 uiderunt

325 1223 526 1284 oculi
567 1222 706 1283 mei
751 1223 1088 1281 salutare
1133 1224 1352 1280 tuum.
1413 1220 1639 1281 Simeon
1690 1222 1841 1295 quod
1891 1237 2093 1281 caecus
2148 1221 2409 1283 audierat
2460 1220 2581 1281 eui-

325 1327 484 1385 denti
514 1326 757 1385 ueritate
787 1325 1102 1399 perfectum
1132 1327 1238 1397 est,
1291 1328 1352 1384 et
1381 1324 1685 1385 ueritatem
1714 1342 1884 1399 quam
1912 1330 2143 1401 accepto
2172 1325 2385 1385 lumine
2416 1324 2577 1385 uide-

323 1432 418 1489 rat
445 1428 828 1489 benedicendo
858 1429 1049 1502 palam
1077 1427 1258 1488 Deum
1305 1428 1516 1502 populo
1565 1427 1949 1503 praedicabat.
1998 1429 2073 1487 ad
2100 1429 2209 1489 hoc
2236 1426 2389 1488 enim
2418 1428 2579 1487 uide-

323 1535 436 1607 rat,
495 1535 562 1591 ut
619 1531 878 1604 referret,
935 1534 1002 1589 ut
1057 1524 1404 1592 reuelatione
1460 1547 1566 1591 sua
1618 1532 1769 1605 quod
1820 1531 2087 1591 Christus
2142 1534 2313 1591 natus
2372 1529 2581 1591 fuisset

250 1652 306 1693 10
327 1635 654 1696 ostenderet
681 1638 742 1693 et
771 1634 972 1710 perfidi
1001 1634 1200 1709 populi
1229 1633 1398 1694 initia
1425 1634 1615 1709 prima
1642 1633 2065 1695 incredulitatis
2092 1635 2419 1695 instrueret.

411 1740 534 1800 Nec
560 1742 668 1800 hoc
709 1741 894 1800 solum
933 1738 1324 1799 testimonium
1353 1739 1422 1799 de
1453 1756 1520 1799 eo
1567 1740 1981 1813 scripturarum
2006 1740 2341 1801 caelestium
2368 1739 2583 1799 ueritas
2600 1743 2641 1800 4

319 1844 609 1921 perhibet,
639 1860 836 1904 uerum
865 1844 926 1903 et
953 1860 1057 1917 per
1083 1844 1394 1917 prophetas
1421 1846 1556 1903 ante
1585 1842 1826 1917 spiritus
1856 1846 2093 1905 sanctus
2122 1844 2429 1903 aduentum
2459 1842 2583 1902 eius

321 1946 386 2006 in
414 1948 566 2007 hunc
619 1948 892 2006 mundum
946 1946 1202 2006 futurum
1232 1946 1424 2021 palam
1451 1950 1643 2007 mente
1674 1948 1926 2007 omnium
1956 1947 2181 2007 conscia
2208 1946 2581 2022 praedicauit,

319 2067 394 2110 ne
417 2054 570 2112 esset
595 2052 864 2112 obtentus
890 2049 1272 2110 excusationis
1301 2049 1613 2117 incredulis
1640 2049 1732 2111 uel
1760 2052 2055 2125 ignorasse
2070 2049 2175 2111 Dei
2202 2050 2383 2111 filium
2412 2050 2579 2109 chri-

249 2140 306 2209 15
325 2157 480 2213 stum
507 2153 602 2214 uel
631 2152 884 2213 nescisse
937 2152 1192 2211 futurum
1243 2152 1550 2215 saluatoris
1600 2155 1927 2227 aduentum,
1980 2153 2131 2213 sicut
2172 2153 2363 2213 Dauid
2390 2152 2577 2213 mani-
2606 2147 2611 2153 ’

321 2257 501 2317 festat
545 2258 776 2317 dicens:
841 2258 1000 2317 dies
1058 2254 1210 2316 diei
1265 2258 1558 2317 eructat
1599 2257 1897 2317 uerbum
1939 2261 2010 2317 et
2051 2274 2185 2317 nox
2228 2257 2429 2317 nocti
2470 2256 2579 2315 in-

323 2361 526 2421 dicat
569 2361 993 2421 scientiam:
1056 2377 1190 2420 non
1233 2362 1409 2420 sunt
1469 2377 1837 2421 sermones
1890 2378 2020 2421 nec
2076 2362 2335 2433 uerba,
2411 2377 2576 2433 quo-

322 2483 474 2525 rum
520 2482 655 2525 non
731 2465 1140 2525 audiantur
1211 2481 1424 2525 uoces
1496 2482 1751 2525 eorum.
1825 2465 1896 2523 in
1970 2482 2235 2524 omnem
2304 2467 2577 2523 terram

321 2568 516 2630 exiit
582 2585 802 2630 sonus
869 2586 1107 2629 eorum
1150 2571 1220 2629 et
1262 2570 1471 2628 trans
1529 2567 1725 2628 fines
1768 2567 2275 2628 terrae-uerba
2318 2585 2575 2628 eorum.

245 2686 302 2729 ιο
327 2672 400 2732 in
443 2673 602 2748 sole
645 2673 895 2747 posuit
939 2672 1494 2732 tabernaculum
1542 2689 1759 2732 suum.
1826 2671 1887 2730 id
1929 2673 2019 2730 est
2064 2671 2124 2728 in
2166 2670 2470 2730 manifesto
2514 2671 2577 2731 in

459 2890 496 2944 4
528 2891 656 2947 Luc.
694 2892 745 2955 2,
779 2891 864 2946 29.
1073 2891 1140 2945 16
1175 2889 1266 2944 Ps.
1306 2890 1390 2954 18,
1425 2889 1474 2943 3.

453 3098 478 3150 1
520 3097 724 3165 templo
760 3096 815 3151 Z
1021 3098 1055 3150 2
1091 3097 1318 3152 inferret
1353 3101 1527 3152 mater
1563 3114 1597 3152 υ
1742 3147 1761 3162 „
1804 3098 1884 3166 in]
1922 3100 1978 3151 et
2009 3097 2071 3168 in
2106 3113 2179 3167 μυ
2384 3099 2571 3152 natum

317 3197 436 3236 esse
472 3183 737 3238 christum
774 3201 824 3251 v,
859 3185 1054 3237 natum
1089 3199 1200 3237 esse
1236 3203 1275 3253 μ.
1438 3183 1693 3237 sensisset
1725 3184 1849 3253 Ζμυ
2008 3185 2064 3236 et
2097 3186 2374 3252 acceptum
2410 3183 2507 3236 ΖΡ

312 3269 350 3322 3
383 3269 636 3322 manibus
669 3269 722 3322 Ζ
925 3270 960 3322 4
997 3269 1184 3324 andito
1223 3271 1296 3322 T¹
1519 3269 1554 3323 ὃ
1591 3270 1863 3339 quoniam]
1900 3269 2027 3338 quia
2064 3269 2116 3322 Z
2332 3270 2367 3324 6
2402 3271 2457 3322 et
2490 3269 2575 3323 ui·

314 3354 466 3408 denti
493 3355 548 3408 Z
749 3356 780 3408 7
804 3357 1090 3409 ueritatem
1121 3355 1218 3409 Τί·
1423 3355 1721 3424 perfectum
1757 3357 1858 3427 est]
1894 3355 2185 3424 perfectum
2220 3371 2331 3409 esse
2368 3371 2573 3410 annun—

309 3440 492 3495 tiabat
528 3441 806 3495 Baluzius
840 3457 914 3495 σω
945 3456 976 3494 r
1261 3443 1317 3495 et
1351 3457 1452 3494 σπι.
1492 3442 1644 3511 Ζιμυ
1932 3444 2201 3511 acceptam
2238 3443 2417 3514 lumen
2456 3442 2506 3495 Z

311 3528 348 3582 8
383 3510 520 3580 duffii
545 3527 726 3596 palam
762 3528 812 3581 Z
1131 3527 1165 3580 9
1201 3527 1490 3582 referretur
1529 3527 1579 3581 T
1876 3530 1941 3582 ut
1976 3535 2057 3596 ιμ,
2092 3545 2192 3582 om.
2235 3529 2347 3591 TZ,
2382 3530 2437 3582 et
2470 3545 2505 3584 v

309 3611 694 3667 reuelationem
733 3629 886 3667 suam
921 3613 982 3677 Z,
1019 3613 1280 3667 relatione
1317 3629 1414 3667 sua
1455 3615 1540 3683 Τμ
1682 3614 1934 3684 christus]
1971 3601 2069 3668 dffs
2106 3615 2159 3668 Z
2296 3615 2363 3670 10
2396 3618 2572 3670 osten-

310 3697 434 3752 dere
467 3701 524 3752 et
563 3701 624 3763 T,
674 3701 730 3753 et
763 3699 1068 3753 ostenderet
1103 3700 1158 3753 Z
1488 3702 1550 3754 11
1581 3707 1711 3768 post
1746 3701 1919 3755 solum
1956 3701 2076 3755 exh.
2115 3701 2191 3755 Z:
2228 3705 2442 3755 sanctus
2478 3701 2569 3756 ad-

309 3787 532 3838 uentum
570 3786 682 3839 eius
715 3787 775 3840 in
807 3785 1080 3854 propriam
1115 3801 1270 3840 suam
1303 3801 1510 3855 semper
1531 3787 1789 3840 aduersus
1812 3787 2127 3841 clementem
2150 3786 2572 3842 misericordiam

309 3853 448 3924 (1ιῖιῖ
491 3872 755 3939 spreuisse
811 3870 1061 3926 uideatur
1105 3872 1202 3940 (cf.
1235 3889 1292 3940 p.
1329 3875 1452 3938 120,
1500 3876 1601 3939 20)
1648 3873 1887 3927 uenisset
1923 3874 1979 3925 et
2014 3872 2129 3941 ipse
2159 3889 2217 3942 p.
2254 3875 2379 3936 124,
2412 3877 2449 3928 9
2474 3912 2487 3926 .
2516 3913 2527 3925 .
2555 3910 2570 3925 .

308 3956 648 4012 credentibus
684 3961 802 4022 125,
837 3960 872 4010 4
1168 3958 1234 4013 13
1268 3959 1410 4012 hunc
1433 3999 1446 4012 .
1473 3997 1486 4011 .
1515 4001 1528 4014 .
1551 3977 1607 4027 p.
1647 3963 1771 4026 124,
1806 3965 1841 4014 9
1877 3962 2020 4012 esset
2046 3965 2175 4026 post
2217 3959 2479 4013 christum
2510 3974 2569 4027 p.

307 4046 438 4108 126,
475 4048 544 4098 13
579 4045 696 4098 esch.
738 4043 792 4096 Z
1079 4045 1290 4098 conscia
1326 4044 1458 4112 tw,
1507 4045 1837 4099 conscientia
1876 4045 2102 4114 Tth,
2137 4046 2437 4100 consciente
2468 4061 2503 4100 v

307 4127 638 4197 praedicabit
679 4129 730 4182 T
934 4130 1003 4184 14
1035 4145 1103 4184 ne
1138 4151 1194 4200 μ,
1229 4117 1322 4185 1ηὲ
1358 4132 1418 4195 T,
1457 4146 1556 4199 que
1591 4133 1659 4200 Z,
1694 4147 1792 4186 neo
1828 4137 1882 4186 tv
2087 4132 2245 4200 esset]
2283 4135 2365 4186 eet
2399 4133 2503 4187 Ztv

305 4217 590 4269 contentus
625 4215 680 4270 Z
885 4217 949 4270 17
985 4231 1095 4271 non
1129 4232 1232 4272 om.
1272 4217 1334 4281 T,
1371 4220 1428 4271 et
1461 4232 1567 4272 non
1597 4217 1652 4271 Z
1852 4233 2025 4285 neque
2058 4219 2115 4272 Z
2317 4219 2387 4273 18
2419 4219 2571 4273 audi-

303 4303 470 4355 untur
509 4303 582 4357 Tt
835 4302 902 4357 19
937 4303 1106 4357 exiuit
1142 4303 1266 4373 Ζμυ
1507 4304 1685 4373 trans]
1720 4303 1779 4358 in
1816 4304 1869 4358 Z
2114 4306 2287 4359 terrae
2322 4321 2424 4359 om.
2461 4325 2501 4374 μ

303 4387 486 4457 uerba]
521 4387 654 4442 fines
689 4404 722 4442 v
1035 4389 1108 4444 20
1139 4390 1196 4444 id
1232 4391 1332 4459 est]
1369 4388 1512 4444 idem
1547 4390 1602 4443 Z
1913 4389 2205 4445 manifesta
2238 4391 2357 4444 lnce
2391 4390 2567 4446 Batu-

302 4475 430 4528 zo'us
464 4491 535 4528 ex
571 4491 602 4526 -r
