3217 5150
1797 300 1829 335 ,ο

765 505 853 560 De
887 505 1236 561 duodecim
1272 504 1581 559 abusiu'is
1616 504 1889 558 saeculi
1923 520 1967 558 c.
2004 504 2156 559 4-5,
2461 506 2583 571 159

331 683 563 743 futuro:
594 684 802 758 pudica
846 699 980 743 nero
1036 684 1162 742 uita
1206 682 1414 742 famam
1465 683 1671 742 bonam
1714 682 1863 742 inter
1892 680 2149 742 homines
2190 680 2466 755 possidet,
2512 678 2581 738 de

330 804 437 862 ope
465 786 692 846 futurae
719 770 1092 847 beatitudinis
1123 787 1352 861 gaudet.
1400 783 1797 860 praesentibus
1827 785 2005 844 semet
2032 783 2231 858 ipsam·
2244 780 2583 841 imitabilem

331 891 474 951 facit
489 874 524 965 ,⁵
549 890 792 966 posteris
842 890 1165 950 memoriam
1196 888 1496 950 amabilem
1537 888 1827 962 relinquit.
1872 886 2037 947 bouis
2078 902 2297 960 semper
2334 884 2583 945 moribus

261 1044 272 1051 .
331 994 651 1053 delectatur
701 996 761 1053 et
812 994 1095 1054 consentit
1137 996 1197 1053 et
1238 992 1494 1053 adsiduis
1534 992 1945 1066 scripturarum
2002 989 2465 1051 meditationibus
2526 988 2589 1047 et'

285 1103 310 1143 ⁵
329 1094 574 1170 eloquiis
615 1096 860 1156 animam
912 1098 1162 1171 uegetat.
1208 1097 1482 1156 bonorum
1526 1094 1981 1171 praecedentium
2024 1094 2282 1168 exempla
2336 1090 2585 1153 custodit

329 1202 392 1257 et
447 1199 850 1273 inseparabilia
905 1199 1176 1273 perfectis
1233 1198 1602 1259 contubernia
1659 1198 1856 1258 nectit.
1925 1198 2143 1256 duobus
2202 1212 2338 1270 ergo
2400 1192 2583 1253 modis

329 1304 556 1365 constat
614 1320 784 1363 uerae
857 1302 1164 1378 pudicitiae
1221 1300 1550 1362 exercitatio
1569 1347 1584 1376 ,
1646 1301 1707 1360 id
1765 1304 1854 1361 est
1930 1299 2183 1374 corporis
2249 1298 2452 1358 habitu
2522 1297 2583 1355 et

331 1406 632 1480 superficie
690 1408 750 1487 et
792 1406 967 1467 animi
1009 1406 1215 1466 affectu
1284 1404 1523 1465 interno,
1586 1421 1690 1478 per
1748 1402 2083 1464 exteriorem
2136 1402 2298 1462 iuxta
2350 1401 2581 1474 aposto-

329 1511 453 1570 lum
525 1526 714 1570 coram
786 1508 1137 1569 hominibus·
1178 1508 1436 1582 exempla
1451 1554 1465 1581 ,
1539 1523 1643 1582 per
1710 1506 2041 1567 interiorem
2110 1505 2337 1565 modum
2368 1518 2583 1593 ‘coram

269 1626 322 1665 1⁰
335 1607 466 1675 'Deo
516 1613 879 1689 prouidemus
930 1629 1101 1688 opera
1139 1613 1305 1673 bona.
1349 1610 1629 1687 pudicitia
1656 1627 1898 1685 namque
1942 1612 2032 1671 est
2087 1608 2335 1683 corporis
2365 1606 2583 1665 alienas

329 1733 426 1776 res
505 1733 618 1776 non
698 1719 966 1792 appetere
982 1762 996 1790 ,
1072 1732 1294 1777 omnem
1357 1714 1760 1775 inmunditiam
1833 1714 2108 1787 deuitare,
2181 1714 2313 1772 ante
2382 1712 2583 1770 horam

331 1836 636 1894 congruam
671 1838 784 1881 non
813 1823 1048 1895 gustare
1078 1820 1249 1892 uelle,
1303 1818 1481 1878 risum
1513 1835 1626 1877 non
1656 1816 1921 1890 excitare,
1965 1818 2155 1877 uerba·
2168 1832 2319 1876 uana
2346 1819 2405 1875 et
2434 1814 2583 1874 falsa
2638 1852 2649 1871 ,

329 1941 446 1983 non
474 1922 659 1997 loqui,
706 1923 967 1983 habitum
993 1940 1096 1997 per
1125 1922 1314 1983 omnia
1357 1922 1683 1983 ordinatum
1723 1922 2125 1996 propositoque
2157 1918 2583 1979 conuenientem

331 2030 453 2085 tam
479 2026 814 2101 capillorum
841 2044 1010 2101 quam
1038 2026 1288 2087 uestium
1317 2026 1470 2085 sicut
1497 2026 1660 2086 decet
1688 2026 1919 2098 habere,
1943 2042 2073 2085 cum
2102 2023 2356 2098 indignis
2373 2023 2579 2083 contu-

256 2146 312 2186 ιε
331 2129 536 2189 bet-nia
561 2148 678 2191 non
706 2130 870 2204 inire,
903 2130 1272 2205 supercilioso
1301 2130 1517 2191 intuitu
1544 2109 1825 2191 neminem
1858 2128 2130 2203 aspicere,
2160 2128 2360 2204 uagari
2388 2126 2582 2188 oculos

329 2250 446 2293 non
474 2234 804 2307 permittere
819 2278 835 2307 ,
877 2234 1198 2308 pompatico
1229 2234 1290 2293 et
1329 2232 1680 2295 inlecebroso
1708 2248 1911 2307 gressu
1939 2249 2053 2291 non
2082 2213 2373 2303 incedere,
2426 2228 2582 2289 nullo

329 2334 567 2397 inferior
595 2335 656 2393 in
685 2336 912 2411 incepto
940 2337 1092 2396 bono
1125 2353 1293 2411 opere
1323 2353 1628 2411 apparere,
1681 2334 1828 2397 nulli
1856 2335 2255 2396 contumeliam
2284 2335 2385 2395 aut
2411 2334 2580 2393 rubo·

326 2456 450 2499 rem
478 2439 730 2499 incutere
757 2484 772 2513 ,
801 2438 1085 2501 neminem
1113 2432 1540 2513 blasphemare}
1583 2455 1750 2499 senes
1780 2456 1893 2499 non
1912 2438 2161 2499 inridere
2179 2483 2194 2510 ,
2256 2437 2440 2513 [bonis
2468 2452 2583 2495 non

326 2542 602 2619 inuidere]
641 2541 863 2604 meliori
890 2560 1004 2604 non
1033 2542 1446 2604 controuersari
1461 2589 1478 2616 ‚
1509 2544 1578 2604 de
1609 2542 1702 2602 his
1732 2559 1877 2616 quae
1908 2542 2137 2616 ignoras
2166 2558 2280 2601 non
2308 2541 2578 2612 tractare,

252 2666 314 2707 πο
331 2626 506 2707 etiam
529 2662 676 2721 quae
705 2645 822 2707 scis
848 2663 962 2707 non
991 2645 1181 2706 omnia
1209 2647 1483 2720 proferre.
1514 2647 1655 2708 haec
1682 2661 1811 2705 cum
1838 2644 2110 2720 proximis
2140 2643 2443 2704 amabilem
2471 2645 2578 2702 ho·

327 2750 539 2809 minem
559 2750 823 2822 reddunt,
851 2753 914 2810 et
933 2750 1050 2810 Deo
1073 2749 1481 2825 acceptabilem
1504 2748 1743 2810 faciunt.
1774 2748 2052 2823 pudicitia
2069 2765 2201 2808 uero
2220 2747 2445 2808 animae
2468 2749 2577 2818 est,

326 2853 464 2927 plus
493 2855 726 2928 propter
745 2853 853 2913 Dei
881 2852 1074 2913 oculos
1103 2871 1273 2927 quam
1302 2851 1548 2914 hominis
1573 2851 1765 2912 omnia
1791 2853 1941 2912 bona
1959 2851 2167 2924 facere,
2197 2850 2576 2926 appetitiones

325 2955 582 3030 turpium
613 2956 1020 3031 cogitationum
1051 2971 1403 3030 compescere
1421 2999 1438 3028 ‚
1497 2973 1691 3016 omnes
1719 2955 1981 3016 meliores
2010 2970 2134 3015 esse
2158 2970 2221 3013 se
2250 2955 2575 3026 aestimare,

329 3057 545 3118 nemini
572 3059 847 3131 inuidere,
878 3061 950 3120 de
983 3062 1165 3120 semet
1203 3059 1330 3133 ipso
1359 3058 1506 3118 nihil
1535 3059 1830 3130 confidere,
1863 3059 1963 3119 Dei
1996 3074 2221 3133 semper
2248 3058 2460 3118 auxilio
2489 3075 2580 3118 res

249 3183 308 3224 π
331 3167 528 3222 omnes
558 3161 925 3236 committere,
958 3164 1090 3221 ante
1121 3161 1228 3221 Dei
1257 3162 1448 3221 oculos
1472 3165 1651 3222 semet
1682 3161 1868 3236 ipsum
1898 3163 2262 3233 constituere,
2293 3147 2580 3221 haeretica

467 3490 494 3542 1
536 3487 656 3542 uita
687 3495 813 3543 uero
856 3489 910 3543 V
1119 3489 1372 3560 possidet]
1413 3489 1576 3544 habet
1608 3507 1643 3545 v
1858 3490 1893 3544 2
1932 3489 2301 3560 beatitudinis]
2340 3505 2579 3544 remune·
2695 3535 2705 3542 .

325 3573 559 3629 rationis
594 3577 655 3628 X
869 3577 905 3629 5
938 3575 1177 3644 exempla
1209 3592 1310 3630 om.
1356 3577 1410 3631 V
1618 3577 1652 3630 6
1686 3575 1937 3646 perfectis
1972 3591 2071 3631 om.
2114 3577 2179 3629 X
2382 3575 2413 3628 7
2450 3591 2575 3630 con·

325 3662 446 3714 stat
479 3677 531 3714 u.
567 3675 618 3730 p.
655 3661 753 3730 ex.]
787 3662 1054 3716 constitue
1087 3661 1380 3731 pudicitiae
1413 3663 1849 3718 exercitationem
1884 3665 1949 3717 X
2158 3663 2195 3717 8
2230 3661 2421 3716 effectu
2464 3663 2519 3716 V

323 3747 638 3802 exteriorem
674 3747 890 3802 modum
924 3766 958 3804 v
1211 3750 1281 3804 10
1307 3750 1552 3820 corporis
1587 3752 1673 3803 est
1704 3765 1738 3804 v
2003 3750 2069 3804 11
2106 3753 2353 3824 appetere
2386 3754 2443 3803 et
2478 3765 2511 3802 v

325 3831 400 3886 12
433 3833 655 3902 gustare
687 3849 796 3888 non
829 3834 970 3889 uelle
1003 3837 1070 3889 X
1291 3836 1510 3890 excitari
1545 3839 1608 3889 X
1848 3837 1916 3890 13
1948 3836 2472 3904 propositionemque
2514 3836 2577 3902 V,

324 3919 871 3989 compositionemque
911 3937 948 3976 v
1245 3921 1610 3977 conuenienti,
1651 3925 1717 3976 X
2012 3923 2077 3976 15
2122 3922 2407 3992 supercilio
2453 3925 2517 3976 X

325 4005 398 4060 16
431 4005 572 4060 nuni
605 4005 781 4062 xvvv
987 4008 1054 4062 1‘1
1087 4008 1146 4062 in
1181 4023 1284 4064 om.
1327 4009 1442 4062 ax
1653 4010 1789 4063 bono
1823 4023 1924 4063 om.
1960 3995 2023 4062 >t
2234 4009 2303 4063 18
2336 4008 2491 4062 bonis
2526 4025 2579 4062 n.

321 4091 566 4146 inuidere
601 4108 700 4147 orn.
742 4093 856 4147 ΘΧ
860 4095 914 4149 V
1130 4095 1200 4150 19
1233 4098 1422 4150 contra
1453 4095 1658 4150 uersari
1700 4096 1747 4148 G
1960 4094 2031 4149 20
2064 4094 2253 4164 etiam]
2291 4097 2348 4150 et
2382 4109 2445 4149 ea
2478 4111 2511 4150 v

322 4177 468 4248 cum]
501 4177 647 4232 enim
691 4179 772 4236 Vv
1011 4180 1080 4236 21
1115 4182 1260 4252 uero]
1297 4181 1441 4236 enim
1475 4197 1510 4236 v
1750 4183 1833 4235 est
1866 4195 1967 4235 om.
2019 4183 2073 4234 V
2300 4180 2371 4235 22
2404 4180 2581 4235 homi·

321 4279 457 4318 num
498 4264 581 4321 Vv
750 4266 820 4321 23
854 4268 1200 4338 compescere]
1239 4268 1472 4338 conspici
1509 4268 1574 4322 X
1730 4283 1787 4322 se
1822 4283 1935 4322 esse
1968 4283 2017 4332 v,
2050 4281 2220 4322 essen
2258 4267 2324 4332 G,
2360 4283 2417 4321 se
2450 4269 2514 4322 X

321 4349 399 4404 24
431 4351 654 4422 semper]
692 4354 874 4407 autem
916 4353 972 4410 V
1122 4353 1194 4408 25
1227 4354 1349 4409 dei.
1373 4393 1416 4408 ..
1443 4355 1777 4410 committere
1810 4352 1941 4410 add.
1974 4353 2040 4408 in
2071 4369 2239 4424 πεπρ.
2281 4353 2332 4407 G'·
2364 4369 2436 4408 m.
2472 4357 2510 4408 2

321 4451 382 4490 se
415 4436 592 4506 ipsum
625 4440 692 4492 X
893 4439 1234 4510 constituere]
1274 4439 1539 4496 custodire
1580 4440 1637 4497 V
