3217 5150
1222 535 1603 604 Epistulae.
2409 539 2536 602 273

495 795 603 855 111.
652 750 1083 856 ermanus
1126 795 1356 854 PLEBI
1402 797 1818 856 emnem
1862 797 2350 857 coNSISTENTI

762 916 1188 976 AETERNAM
1230 917 1315 974 m
1356 916 1651 976 nomo
1703 917 2071 978 SALVTEM.
2523 893 2552 926 ⁹

386 1085 627 1168 Gratias
670 1106 897 1181 quidem
938 1106 1163 1182 agimus
1191 1106 1309 1166 Deo
1338 1107 1502 1181 patri·
1518 1109 1577 1167 et
1604 1106 1844 1167 Domino
1871 1108 2002 1168 Iesu
2033 1107 2280 1181 Christo,
2313 1109 2412 1182 qui
2444 1127 2544 1168 uos

302 1212 585 1270 adunatos
613 1213 787 1285 atque
818 1212 878 1270 in
908 1211 1305 1271 conuenticula
1332 1211 1605 1272 restituit.
1654 1213 1888 1286 propter
1917 1229 2086 1286 quam
2116 1229 2236 1271 rem
2265 1229 2542 1271 memora-

257 1331 283 1370 s
302 1314 493 1374 nimus
524 1317 581 1374 et
611 1316 891 1389 scriptum
918 1298 1375 1376 beatissimorum
1404 1319 1718 1392 martyrum
1747 1319 1920 1390 atque
1949 1315 2332 1376 confessorum
2359 1315 2548 1374 uolui·-

302 1436 435 1478 mus
464 1420 543 1478 ad‘
564 1417 861 1478 consilium
890 1421 1149 1479 nostrum
1178 1437 1426 1480 seruare.
1459 1420 1618 1480 iubet
1648 1421 1894 1494 desuper
1921 1420 2194 1479 maiestas
2223 1421 2395 1492 atque
2429 1418 2548 1492 spi-

301 1521 453 1582 ritus
484 1525 736 1595 sanctus,
761 1523 923 1583 cuius
943 1523 1005 1582 in
1026 1523 1191 1582 nobis
1221 1524 1413 1598 gratia
1440 1524 1608 1583 testis
1639 1525 1730 1584 est
1759 1523 2048 1583 salutaris.
2079 1540 2213 1582 nam
2241 1539 2368 1580 cum
2397 1523 2552 1580 trac-

304 1630 461 1687 taret
489 1627 558 1686 de
586 1626 960 1686 traditoribus
975 1672 991 1700 ,
1021 1627 1182 1686 iubet
1214 1630 1333 1687 tam
1374 1628 1435 1686 in
1478 1627 1777 1702 euangelio
1822 1644 1990 1700 quam
2019 1626 2081 1684 in
2111 1624 2368 1699 apostolo
2386 1668 2400 1695 ‚
2432 1627 2551 1682 tam

309 1730 373 1790 in
401 1730 641 1804 psalmis
697 1747 867 1804 quam
918 1731 979 1790 in
1028 1732 1326 1806 prophetis
1370 1733 1430 1789 et
1475 1731 1684 1790 ceteris
1715 1729 2046 1803 scripturis:
2097 1727 2550 1788 scrutamini.

237 1853 291 1892 ιο
308 1851 421 1909 quo
451 1837 703 1894 scrutato
734 1853 771 1894 a
798 1835 983 1907 nobis,
1007 1833 1259 1895 inuentis
1288 1837 1361 1895 ab
1385 1834 1457 1894 iis
1482 1834 1581 1908 qui
1610 1833 1926 1908 scripturas
1947 1835 2176 1892 sanctas
2197 1832 2554 1893 tradiderunt

306 1955 423 1998 non
452 1938 657 1998 mereri
680 1955 777 1998 eos
802 1939 1071 2012 congredi
1093 1939 1393 1999 consilium
1420 1940 1697 2010 nostrum,
1728 1938 1790 1997 id
1831 1939 1922 1996 est
1950 1935 2248 1995 consilium
2277 1934 2553 1995 salutare.

306 2057 472 2101 nemo
524 2044 614 2101 est
666 2042 816 2101 enim
868 2042 966 2116 qui
1018 2043 1125 2102 hoc
1172 2043 1471 2102 consilium
1518 2041 1916 2116 congrediatur
1957 2069 1991 2104 a·
2005 2069 2036 2103 ει
2051 2071 2082 2104 ιι
2111 2057 2223 2099 non
2255 2038 2557 2098 caelestem

313 2145 552 2217 spectet.
584 2161 651 2203 ae
680 2147 979 2219 propterea
1008 2147 1444 2208 memorauimus
1474 2148 1541 2205 ut
1568 2146 1613 2204 ii
1626 2145 1742 2220 ·qui
1770 2144 1967 2204 taliter
1998 2145 2311 2218 scripturas
2341 2145 2556 2202 tracta-

309 2249 521 2307 uerunt
548 2249 620 2307 ad
648 2250 863 2308 statum
892 2249 1079 2323 plebis
1108 2253 1167 2310 et
1188 2251 1461 2310 iudicium
1490 2252 1562 2309 ab
1591 2251 1736 2324 ipsis
1763 2251 2085 2325 porrectum
2116 2277 2147 2310 aa
2161 2275 2192 2309 ιι
2235 2264 2340 2306 nec
2368 2246 2561 2320 aliqua

242 2373 297 2413 ιε
316 2351 467 2412 actio
498 2352 571 2412 ab
600 2353 747 2427 ipsis
776 2354 978 2433 promi,
1026 2355 1126 2412 sed
1168 2370 1273 2413 nec
1302 2354 1476 2413 etiam
1505 2355 1579 2412 ad
1607 2355 1824 2413 statum
1867 2353 2132 2412 sacrificii
2163 2368 2346 2426 neque
2375 2350 2560 2423 plebis

314 2470 443 2515 esse
470 2455 743 2530 proximi:
777 2456 983 2530 quibus
1006 2456 1204 2532 utique
1230 2457 1345 2516 iam
1371 2458 1581 2516 dudum
1613 2456 1886 2516 derelicta
1912 2455 2077 2528 plebe
2099 2454 2314 2512 nudata
2335 2453 2559 2524 altaria,

318 2561 577 2635 promota
608 2559 901 2621 sacrificia.
934 2561 1135 2623 merito
1151 2561 1293 2622 haec
1314 2562 1693 2623 memorantes
1715 2577 1843 2618 cum
1866 2557 2153 2618 moestitia
2175 2559 2347 2630 atque
2371 2554 2562 2615 dolore
2673 2594 2688 2605 -

320 2663 499 2723 animi
528 2664 727 2738 profici
754 2667 903 2725 teste
934 2666 1006 2724 ad
1031 2666 1335 2725 Dominum
1366 2665 1517 2740 quod
1548 2664 1846 2724 debuimus
1891 2665 2175 2722 statuere:
2223 2659 2320 2735 qui
2371 2677 2563 2721 omnes

322 2767 769 2842 disceptationes
800 2767 861 2830 et
889 2770 1268 2829 dissensiones
1298 2772 1356 2829 et
1405 2771 1672 2829 haereses
1716 2770 1777 2827 et
1820 2768 2091 2827 scandala
2132 2766 2259 2825 ausi
2289 2769 2452 2825 erant
2493 2782 2564 2825 ne

252 2888 307 2929 ιο
323 2870 567 2931 ulterius
594 2874 903 2946 prouocent
930 2874 1004 2933 ad
1044 2890 1107 2933 se
1136 2874 1393 2934 homines
1423 2892 1525 2934 seu
1553 2873 1742 2933 minus
1786 2872 1895 2932 fide
1939 2889 2040 2932 seu
2069 2852 2367 2946 scripturis
2412 2870 2566 2929 leues

300 2973 445 3033 -sint
476 2978 535 3034 et
564 2975 825 3049 lectores,
856 2976 917 3035 id
948 2977 1255 3036 statuimus
1284 2981 1455 3052 atque
1504 2978 1721 3037 statuto
1751 2978 1945 3035 nostro
1975 2975 2161 3035 recedi
2191 2975 2471 3045 nolumus,
2503 2974 2569 3033 ut

325 3077 377 3137 si
409 3077 509 3152 qui
538 3079 780 3138 tradidit
808 3080 1166 3154 praepositus
1209 3080 1344 3140 huic
1384 3081 1543 3154 plebi
1586 3082 1914 3141 mereantur
1959 3079 2280 3139 antistitem
2322 3076 2568 3138 admini-

327 3182 609 3242 strantem
631 3182 804 3241 altari
842 3200 909 3241 ac
930 3200 1159 3258 corpore
1184 3184 1425 3259 integro.
1458 3184 1531 3243 iis
1562 3201 1696 3245 uero
1719 3182 1992 3243 iussimus
2014 3201 2049 3242 a
2071 3183 2278 3258 quibus
2309 3183 2368 3241 et
2391 3181 2570 3241 sacri-

324 3284 516 3345 ficium
567 3284 756 3344 offerri
806 3286 1083 3347 iubemus.
1131 3287 1332 3347 merito
1362 3288 1680 3362 praeceptis
1731 3287 1805 3347 iis
1849 3286 2227 3362 obtemperari
2271 3286 2439 3345 debet
2469 3302 2572 3343 nec

262 3408 315 3450 ss
336 3385 492 3445 aliud
520 3387 621 3447 fiet
650 3404 819 3461 quam
851 3389 1049 3448 statim
1094 3389 1423 3463 euangelica
1452 3407 1563 3450 uox
1592 3391 1814 3451 sincera
1841 3394 1970 3451 cata
1998 3391 2269 3451 Ioannem
2296 3388 2574 3461 loquitur.

461 3590 496 3644 9
530 3590 604 3643 Io.
643 3592 693 3655 5,
729 3590 813 3643 39.

464 3780 641 3851 Epist,
674 3782 777 3837 111.
811 3784 1013 3854 Incipit
1047 3786 1115 3840 ad
1148 3785 1358 3857 plebem
1394 3786 1706 3855 Cartaginis
1743 3786 1808 3840 Z.
1859 3815 1930 3825 —
1983 3784 2050 3839 10
2094 3759 2330 3836 inuentis
2364 3779 2432 3834 ab
2467 3779 2576 3833 hfis

328 3866 399 3936 Ζ,
432 3867 629 3922 minati
676 3886 857 3924 sumus
894 3870 979 3924 his
1023 3872 1172 3939 fort„
1224 3873 1505 3926 inuentum
1554 3874 1639 3926 est
1682 3872 1752 3926 ab
1785 3873 1854 3925 iis
1890 3872 2029 3926 com'.
2065 3869 2344 3923 Baluzius
2378 3867 2475 3936 qui
2509 3882 2580 3919 ex

328 3950 513 4009 codiee
556 3954 815 4011 Fuoeensi
862 3957 1206 4013 bibliothecae
1264 3959 1603 4014 Golbertinae
1647 3960 1709 4027 (i.
1758 3975 1802 4012 e.
1849 3958 1921 4024 Z)
1958 3957 2179 4024 primus
2221 3953 2397 4009 edidit
2440 3953 2584 4005 hanc
2693 3980 2705 3993 ·

328 4040 623 4108 epistulam
761 4045 826 4097 11
862 4043 1097 4099 salutare
1120 4046 1187 4109 Z,
1219 4043 1467 4099 habitare
1491 4045 1620 4099 Bal.
1762 4045 1828 4099 12
1862 4044 2234 4114 congrediatur
2267 4042 2406 4097 coni.
2435 4040 2580 4102 Bal„

328 4127 647 4184 condreatur
669 4130 725 4183 Z
743 4130 998 4185 lacunam
1019 4130 1137 4200 ipse
1160 4130 1374 4187 indicat
1534 4131 1601 4185 14
1620 4132 1792 4200 phora
1814 4130 2221 4186 interciderunt
2374 4127 2442 4180 16
2464 4124 2580 4193 qui-

326 4213 431 4269 bus
465 4217 679 4285 scripsi,
715 4218 809 4285 qui
844 4218 900 4271 Z
1073 4218 1138 4271 17
1172 4220 1415 4287 promota
1429 4218 1662 4291 *scr-ipsi,
1698 4222 1944 4288 prompta
1979 4218 2033 4270 Z
2181 4212 2456 4281 sacrificia]
2493 4209 2582 4263 de-

332 4302 670 4373 reliquerunt
704 4304 1021 4360 addendum
1058 4320 1167 4360 cese
1202 4313 1375 4360 censet
1410 4304 1537 4360 Bal.
1715 4306 1781 4361 18
1816 4304 1927 4374 qui]
1966 4318 2125 4372 quam
2161 4304 2215 4356 Z
2372 4299 2437 4353 19
2473 4298 2582 4351 dis-

332 4391 605 4444 senciones
640 4390 694 4444 Z
872 4392 992 4445 ausi
1030 4394 1184 4446 erant
1218 4393 1432 4461 scripsi,
1468 4393 1722 4447 auserant
1757 4392 1846 4456 2¹,
1882 4391 2171 4444 hauserant
2205 4388 2260 4442 Z
2264 4388 2284 4419 ²
2309 4392 2360 4440 et
2385 4384 2511 4440 Bal.

328 4476 401 4530 21
438 4476 617 4547 atque]
658 4479 821 4547 atque
856 4480 1149 4533 statuimus
1184 4481 1345 4548 atque
1380 4478 1437 4533 Z
1637 4478 1708 4533 23
1740 4478 1850 4531 hiis
1883 4478 1939 4531 Z
1967 4482 2032 4532 ut
2064 4475 2200 4531 solet

535 4582 618 4630 111
648 4584 692 4629 A
2092 4568 2170 4627 18
