3217 5150
680 530 688 539 -
779 498 872 552 De
905 496 1423 567 singularitate
1458 496 1863 551 clericorum
1910 511 1954 550 c.
1996 496 2147 551 1-3.
2366 456 2375 467 ,
2464 498 2587 561 175

333 657 544 718 cidisse
557 702 574 730 ,
618 660 682 717 et
708 656 1076 717 uehementer
1103 656 1346 717 infrenis
1375 658 1466 716 est
1493 654 1586 715 cui
1614 672 1729 715 non
1756 654 2034 715 incutitur
2062 655 2233 715 timor
2260 655 2372 715 alio
2423 670 2587 729 pere-

333 764 495 821 unte.
525 762 746 821 amator
774 763 865 820 est
895 778 1028 821 uero
1059 760 1265 819 salutis
1295 775 1432 819 suae
1461 757 1560 833 qui
1589 758 1771 818 euitat
1799 758 2019 819 alienae
2049 759 2249 819 mortis
2280 758 2585 819 incursum.

335 867 401 925 et
428 864 556 939 ipse
585 866 676 923 est
697 862 969 936 prouidus
992 864 1090 937 qui
1113 862 1394 923 sollicitus
1421 860 1498 920 fit
1509 860 1771 944 cladibus
1793 864 2127 935 ceterorum,
2159 861 2309 922 sicut
2328 862 2591 923 Salomon
2706 880 2713 885 ·

341 968 622 1042 adprobat
649 967 879 1027 dicenst
923 967 1214 1027 astutus
1257 966 1517 1025 uidens
1559 966 1826 1024 malum
1866 965 2151 1040 puniri,
2212 967 2595 1027 uehemen-
2722 956 2729 965 ’

294 1074 457 1131 ster
496 1070 900 1143 erudietur,
973 1073 1032 1129 et
1087 1068 1320 1129 iterum:
1365 1067 1805 1129 cadentibus
1844 1068 2095 1143 impiis
2138 1068 2326 1129 iusti
2376 1070 2592 1130 uehe-

341 1176 622 1233 menter
676 1173 1176 1233 terrebuntur.
1223 1171 1553 1232 aduersaria
1591 1174 1683 1231 est
1734 1170 2077 1231 confidentia
2126 1188 2271 1246 quae
2320 1172 2595 1245 periculis

340 1277 523 1337 uitam
563 1294 726 1337 suam
766 1292 868 1350 pro
909 1277 1062 1337 certo
1102 1275 1476 1348 commendat,
1519 1276 1578 1335 et
1618 1274 1839 1334 lubrica
1866 1290 1998 1349 spes
2026 1276 2117 1334 est
2146 1290 2289 1349 quae
2318 1274 2472 1335 inter
2501 1276 2591 1335 fo-

339 1382 536 1441 menta
563 1379 784 1453 peccati
814 1379 1028 1439 saluari
1057 1395 1118 1439 se
1140 1380 1348 1452 sperat.
1373 1377 1592 1437 incerta
1620 1377 1861 1437 uictoria
1881 1380 1971 1437 est
1994 1378 2145 1438 inter
2172 1378 2408 1441 hostilia
2438 1396 2595 1439 arma

335 1498 596 1557 pugnare
613 1526 628 1553 ,
676 1483 736 1542 et
777 1480 1128 1556 inpossibilis
1174 1480 1438 1541 liberatio
1468 1483 1557 1541 est
1585 1480 1831 1541 flammis
1860 1480 2199 1541 circumdari
2237 1498 2340 1542 nec
2369 1484 2586 1542 ardere.

259 1606 316 1647 no
337 1586 494 1661 quod
559 1585 822 1645 Salomon
873 1586 1120 1659 abnegat
1171 1583 1396 1645 dicens:
1459 1584 1626 1663 quis
1671 1584 2030 1659 alligabit
2094 1584 2167 1645 in
2234 1586 2401 1646 sinu
2466 1602 2595 1645 suo

331 1689 592 1763 ignem,
636 1689 1096 1749 uestimenta
1138 1688 1388 1747 autem
1431 1704 1563 1746 sua
1605 1704 1742 1748 non
1786 1689 2208 1748 comburet?
2254 1691 2385 1749 aut
2430 1690 2595 1764 quis

335 1791 751 1852 ambulabit
793 1808 1012 1866 super
1054 1788 1404 1850 carbones
1450 1788 1683 1864 ignia,
1751 1791 1973 1863 pedes
2014 1806 2187 1851 uero
2232 1808 2370 1852 non
2413 1810 2593 1853 com-

333 1896 587 1955 buret?
634 1896 745 1956 sic
788 1894 910 1968 qui
953 1892 1234 1953 introit
1273 1892 1359 1953 ad
1399 1910 1690 1953 uxorem
1731 1892 2045 1967 proximi
2090 1892 2223 1966 sui,
2267 1911 2403 1954 non
2444 1894 2594 1955 erit

333 1997 656 2057 inmunis
698 2012 928 2071 neque
957 1996 1186 2057 omnis
1216 1995 1339 2070 qui
1361 1996 1613 2070 tangit
1642 2012 1807 2055 eam.
1836 1996 2049 2055 credite
2071 2012 2282 2070 quaeso
2312 2015 2435 2071 uos,
2466 2014 2589 2058 cre-

261 2116 316 2157 15
337 2098 460 2160 dite
489 2099 717 2159 diuinae
745 2098 878 2159 fidei
909 2098 1046 2173 quin
1075 2099 1246 2159 immo
1276 2116 1444 2173 quam
1471 2095 1733 2159 uestrae:
1766 2099 1901 2172 quia
1929 2116 2091 2159 omne
2116 2100 2390 2174 quicquid
2416 2100 2587 2175 polli-

334 2204 497 2262 cetur
524 2219 639 2262 non
667 2203 857 2276 potest
885 2201 1086 2261 fallere
1117 2202 1339 2263 dicente
1368 2200 1638 2261 Domino:
1682 2201 1714 2261 f
1721 2200 1991 2261 acilius
2020 2205 2153 2275 est,
2197 2201 2403 2277 inquit,
2434 2220 2587 2264 cae-

335 2304 487 2363 lum
540 2308 615 2365 et
675 2308 950 2365 terram
1010 2304 1419 2379 praeterire
1477 2320 1679 2377 quam
1736 2304 1815 2363 de
1859 2303 2021 2379 lege
2064 2322 2275 2365 unum
2317 2306 2591 2381 apicem

334 2409 614 2471 cadere.
683 2411 742 2469 et
801 2410 1041 2469 iterum:
1103 2410 1382 2470 caelum
1448 2411 1520 2469 et
1580 2411 1784 2469 terra
1844 2409 2300 2481 transibunt,
2368 2412 2593 2471 uerba

336 2516 579 2573 autem
620 2530 767 2572 mea
795 2529 934 2573 non
978 2512 1518 2588 praeteribunt.
1567 2510 1681 2586 ipsi
1708 2528 1843 2586 ergo
1873 2528 1977 2571 nos
2007 2511 2281 2586 fallimus,
2327 2513 2591 2588 quotiens

254 2634 315 2676 ao
335 2616 735 2677 inordinaliter
779 2616 1062 2677 credimus
1091 2615 1460 2676 aestimantes
1489 2633 1592 2690 per
1621 2615 1790 2676 fidem
1826 2618 2082 2676 nostram
2109 2615 2257 2692 legis
2287 2621 2591 2692 praecepta

331 2736 504 2794 posse
532 2719 766 2792 mutari,
800 2722 864 2779 ut
891 2720 1045 2779 inter
1065 2718 1344 2778 masculos
1375 2721 1432 2780 et
1455 2718 1695 2778 feminas
1718 2735 2007 2792 speremus
2030 2718 2243 2792 passim
2266 2719 2589 2780 castitatem

331 2821 682 2882 immobilem
709 2823 1003 2882 custodiri.

419 2923 666 2984 Difficile
699 2925 829 2998 quis
858 2941 1138 2985 uenenum
1179 2925 1338 2984 bibet
1367 2927 1425 2984 et
1474 2925 1653 2986 uiuet.
1700 2925 2009 2984 uerendum
2048 2927 2141 2984 est
2183 2926 2485 2987 dormienti
2526 2927 2587 2986 in
2611 2929 2645 2986 3

331 3027 480 3101 ripa,
523 3043 596 3087 ne
623 3029 812 3100 cadat,
856 3045 986 3088 cum
1015 3027 1170 3088 dicat
1199 3027 1524 3102 apostolus:
1569 3027 1697 3101 qui
1726 3044 1797 3086 se
1840 3029 2059 3101 putat
2104 3031 2300 3089 stare
2332 3029 2586 3090 uideat

257 3152 315 3192 as
333 3147 422 3190 ne
465 3130 712 3191 cadat.
779 3129 840 3191 in
892 3131 1002 3191 hac
1051 3133 1214 3205 parte
1243 3129 1472 3204 expedit
1511 3131 1655 3190 bene
1684 3128 1882 3189 timere
1914 3148 2083 3204 quam
2111 3133 2261 3192 male
2290 3132 2479 3194 fidere.
2526 3137 2587 3194 et

333 3231 537 3292 utilius
565 3235 656 3293 est
686 3233 970 3293 infirmum
1001 3251 1062 3293 se
1089 3234 1256 3294 homo
1286 3235 1588 3306 cognoscat
1643 3236 1709 3292 ut
1738 3232 1905 3293 fortis
1935 3234 2174 3306 existat,
2205 3253 2375 3310 quam
2416 3237 2583 3298 fortis

335 3334 524 3394 uideri
553 3334 698 3394 uelit
713 3379 728 3406 ‚
783 3339 842 3394 et
871 3335 1130 3396 infirmus
1161 3338 1432 3412 emergatt
1479 3337 1546 3395 de
1590 3353 1703 3409 qua
1741 3354 1803 3396 re
1832 3340 2291 3412 praesumptores
2321 3340 2585 3415 obiurgat

329 3436 626 3512 apostolus
665 3437 887 3497 dicens:
959 3439 1021 3497 si
1067 3439 1188 3512 qui
1230 3441 1454 3513 putat
1497 3455 1572 3498 se
1617 3438 1906 3512 aliquid
1949 3456 2138 3512 esse,
2196 3459 2349 3502 cum
2393 3444 2585 3504 nihil

331 3539 459 3613 sit,
503 3557 577 3599 se
618 3541 854 3615 ipsum
897 3541 1256 3616 inplanat.
1302 3560 1405 3617 pro
1435 3544 1588 3603 certo
1618 3541 1942 3616 inplanator
1971 3543 2234 3618 proprius
2265 3563 2425 3606 suam
2455 3548 2581 3606 ani-

469 3775 506 3830 4
539 3776 696 3832 Pron.
730 3777 816 3841 24,
853 3777 934 3831 12.
973 3776 1044 3846 (Ρ)
1287 3777 1355 3832 10
1389 3771 1543 3832 Pron.
1580 3777 1631 3842 6,
1669 3778 1754 3832 27.
1790 3778 1875 3832 28.
2107 3779 2175 3834 16
2210 3779 2339 3835 Luc.
2380 3782 2462 3844 16,
2500 3784 2581 3837 17.

331 3861 404 3915 18
437 3861 634 3916 Matth.
669 3861 754 3926 24,
791 3862 874 3916 55.
1081 3863 1152 3918 24
1186 3863 1214 3917 I
1249 3863 1365 3918 Cor.
1403 3864 1485 3928 10,
1524 3864 1608 3918 12.
1846 3865 1917 3918 28
1952 3863 2075 3920 Gal.
2108 3865 2159 3929 6,
2194 3865 2243 3919 3.

471 4068 506 4121 2
539 4084 666 4122 uero
702 4070 785 4122 est
819 4086 854 4124 v
1084 4069 1153 4124 10
1187 4069 1419 4140 abnegat
1463 4069 1522 4136 Ο,
1555 4086 1665 4124 non
1698 4072 1864 4138 negat
1896 4088 1930 4124 υ
2160 4071 2227 4126 13
2260 4072 2457 4128 introit
2493 4074 2577 4140 0¹,

329 4153 606 4208 introierit
648 4154 750 4210 0²0
972 4141 1041 4209 1'4
1074 4171 1172 4210 uos
1216 4156 1264 4212 0
1291 4172 1332 4210 s.
1369 4157 1406 4210 l.
1440 4173 1510 4210 m.
1545 4160 1582 4212 2
1799 4157 1867 4210 15
1900 4157 2021 4226 plus
2045 4172 2207 4227 quam
2242 4160 2514 4216 Brumae

329 4241 544 4293 uestrae
578 4239 638 4304 0,
673 4243 890 4296 nostrae
925 4260 959 4296 υ
1255 4243 1326 4297 20
1357 4245 1641 4314 praecepto
1681 4243 1750 4300 0¹
2045 4245 2115 4298 21
2148 4261 2307 4315 posse
2342 4263 2441 4301 om.
2476 4265 2510 4302 v

327 4323 403 4380 23
437 4323 592 4379 bibat
635 4326 683 4382 0
687 4329 703 4356 ¹
933 4327 1088 4383 uiuat
1129 4330 1177 4384 0
1395 4328 1683 4384 uerendum
1718 4329 1821 4400 est]
1860 4330 1949 4384 uel
1992 4329 2039 4386 Ο
2116 4325 2125 4335 '
2264 4332 2335 4386 25
2368 4333 2583 4402 expedit

326 4410 454 4482 plns
488 4429 551 4480 v;
586 4411 660 4478 cf.
696 4413 731 4466 1.
767 4417 836 4467 15
1039 4414 1109 4468 28
1144 4415 1264 4484 quis
1307 4415 1355 4471 0
