3217 5150
620 503 746 571 298
1554 497 1920 570 Appendix.

996 661 1227 737 Iamque
1240 659 1563 744 Niniuitum
1590 658 1814 720 meritis
1841 659 2140 720 mandarat
2165 657 2348 718 Ionan

878 765 957 826 15
1002 764 1263 825 Praefari
1290 763 1525 824 exitium
1550 763 1858 825 Dominus:
1903 761 2004 822 sed
2033 761 2294 834 conscius
2321 759 2422 822 ille

1010 869 1249 928 Parcere
1279 867 1553 929 subiectis
1580 870 1642 928 et
1670 866 1864 928 debita
1890 865 2086 928 cedere
2115 881 2328 939 poenae

1003 971 1369 1048 Supplicibus
1398 971 1738 1045 facilemque
1765 969 1921 1044 boni,
1951 969 2214 1030 cessabat
2242 968 2420 1043 abire,

999 1074 1091 1136 Ne
1118 1093 1327 1136 uanum
1356 1075 1604 1146 caneret,
1633 1090 1866 1134 cessura
1891 1090 2032 1149 pace
2057 1071 2354 1132 minarum.

997 1177 1131 1239 Mox
1157 1177 1296 1252 fuga
1322 1176 1644 1250 consilium,
1674 1176 1728 1237 si
1757 1194 1872 1251 qua
1901 1178 1992 1236 est
2019 1177 2212 1237 tamen
2238 1175 2356 1235 ista
2384 1173 2651 1248 facultas,

876 1281 960 1342 20
1000 1282 1235 1342 Enitare
1262 1280 1445 1342 Deum
1472 1279 1809 1354 Dominique
1839 1281 2077 1341 euadere
2105 1279 2383 1352 dextram,

1006 1385 1127 1457 Quo
1156 1384 1358 1444 subter
1384 1386 1541 1444 totus
1572 1384 1868 1460 trepidans
1897 1381 2271 1458 compescitur
2297 1380 2473 1442 orbis.

998 1490 1091 1549 An
1118 1486 1265 1548 ratio
1294 1488 1563 1563 estquod
1590 1485 1714 1563 agit
1745 1489 1940 1548 sancto
1970 1486 2040 1547 de
2067 1487 2234 1548 corde
2260 1485 2607 1562 prophetes?

1086 1591 1301 1652 Litoris
1330 1591 1391 1651 in
1419 1591 1576 1652 labio
1604 1593 1778 1666 portu
1805 1589 2169 1651 celeberrima
2197 1588 2310 1650 fido

1004 1696 1155 1756 Vrbs
1185 1713 1315 1757 orae
1344 1695 1583 1755 Cilicum
1610 1696 1812 1756 contra
1835 1693 2086 1754 libratur
2111 1692 2308 1768 Ioppe.

878 1799 959 1860 25
1005 1799 1147 1860 Inde
1174 1798 1359 1874 igitur
1384 1798 1593 1859 Tarsos
1621 1814 1894 1874 properus
1921 1799 2046 1857 rate
2073 1785 2261 1871 poscit
2285 1795 2476 1868 Ionas,

999 1903 1269 1964 Eiusdem
1296 1919 1399 1978 per
1426 1903 1632 1976 stagna
1659 1901 1784 1962 dei:
1815 1917 1920 1961 nec
1947 1899 2188 1974 denique
2215 1899 2441 1972 mirum,
2502 1923 2510 1934 ·

994 2006 1055 2066 Si
1083 2005 1389 2066 Dominum
1415 2005 1478 2065 in
1505 2005 1679 2066 terris
1708 2003 1936 2080 fugiens
1964 2003 2185 2064 inuenit
2213 2003 2274 2062 in
2302 2001 2488 2062 undis.

996 2109 1249 2169 Paruula
1276 2127 1409 2169 nam
1436 2109 1628 2170 subito
1656 2109 2044 2170 maculauerat
2071 2123 2206 2167 aera
2233 2106 2434 2179 nubes,

993 2213 1220 2274 Vellere
1247 2213 1555 2287 sulphureo
1587 2212 1658 2274 de
1687 2211 1898 2272 semine
1927 2209 2149 2272 concita
2175 2210 2354 2285 uenti,

878 2317 962 2377 30
1002 2311 1404 2392 Paulatimque
1434 2315 1667 2391 globum
1694 2315 1926 2391 pariens
1955 2333 2083 2376 cum
2111 2315 2230 2376 sole
2259 2311 2536 2387 cohaesit,

1004 2418 1427 2496 Deceptumque
1460 2421 1608 2481 diem
1639 2419 1902 2495 caliginis
1931 2418 2158 2493 agmine
2187 2417 2378 2478 clusit.

994 2523 1091 2583 Fit
1120 2523 1413 2599 speculum
1441 2523 1585 2585 caeli
1614 2522 1868 2598 pelagus,
1899 2521 2066 2596 niger
2093 2520 2342 2581 ambitus
2371 2518 2555 2581 uhdas

998 2627 1208 2701 Inficit,
1238 2628 1299 2687 in
1330 2629 1598 2688 tenebras
1629 2627 1746 2687 ruit
1777 2626 1977 2687 aether
2005 2626 2064 2686 et
2091 2641 2247 2685 mare
2275 2624 2490 2698 surgite

996 2732 1119 2794 Nec
1146 2732 1449 2808 quicquam
1476 2731 1725 2791 medium
1752 2733 1862 2804 est,
1890 2729 2096 2790 fluctus
2126 2730 2260 2790 dum
2287 2726 2488 2789 nubila
2515 2726 2724 2803 tangit,

765 3015 835 3071 14
867 3016 1082 3085 iamque
1114 3017 1250 3081 AA,
1283 3031 1511 3084 namque
1542 3030 1576 3069 v
1982 3014 2284 3070 niniuetum
2317 3020 2384 3080 A,
2417 3014 2706 3069 ninbusum
2739 3014 2798 3069 A

626 3103 696 3157 15
729 3102 965 3157 constius
997 3102 1053 3156 A
1300 3102 1367 3157 16
1402 3101 1660 3156 subicotis
1694 3102 1751 3156 A
1993 3100 2228 3156 debitam
2263 3101 2373 3155 ΑΔ
2405 3106 2458 3157 et
2490 3100 2605 3158 cod.
2643 3100 2796 3157 Pion.

630 3188 840 3245 coedere
872 3186 931 3243 A
1199 3204 1425 3258 poenam
1459 3188 1566 3242 AA
1600 3192 1653 3243 et
1686 3186 1801 3243 cod.
1837 3188 1988 3255 Pity»,
2023 3203 2119 3243 em.
2157 3188 2380 3243 larem
2637 3187 2705 3242 1⁷
2739 3185 2870 3242 sub·

624 3274 855 3345 plicibus
889 3273 948 3330 A
1148 3274 1299 3329 abire
1333 3274 1403 3345 (ἲ)
1438 3277 1509 3341 A,
1546 3274 1709 3329 ultire
1743 3281 1810 3341 A,
1846 3274 1993 3330 obire
2031 3274 2218 3329 oehler
2422 3274 2489 3329 18
2523 3289 2710 3329 canere
2742 3274 2801 3329 A

622 3376 841 3417 caesura
860 3361 934 3426 A,
968 3375 1149 3416 secura
1180 3361 1310 3427 fort.
1532 3377 1600 3416 ne
1634 3377 1829 3415 uanam
1864 3363 2077 3415 caneret
2110 3376 2384 3415 censuram
2417 3361 2557 3417 con&
2579 3359 2800 3416 Mamer

618 3448 691 3504 20
724 3433 887 3503 deni
909 3452 964 3502 A
1201 3448 1270 3501 21
1306 3448 1399 3517 qui
1430 3452 1485 3502 A
1722 3448 1871 3503 totus
1905 3447 2089 3503 subter
2121 3448 2230 3503 ΑΔ
2488 3446 2762 3517 trepidans
2795 3452 2872 3513 A,

618 3532 1112 3604 irepmdansA
1156 3534 1921 3605 (sedmpostpinoertum)
2193 3533 2526 3601 22anAA,
2569 3535 2630 3588 at
2673 3534 2795 3589 Iur.

611 3620 761 3674 ¹ratio
797 3622 881 3675 eet
913 3621 986 3686 A,
1020 3606 1190 3676 ratio}
1213 3626 1279 3685 A,
1315 3620 1424 3674 rati
1458 3622 1542 3674 est
1574 3620 1694 3677 cod.
1719 3621 1888 3685 Pith„
1919 3622 2070 3675 ratus
2104 3622 2187 3675 est
2220 3620 2345 3676 Iur.
2553 3617 2724 3689 corde]
2753 3630 2869 3673 cor·

620 3720 746 3775 pore
780 3704 899 3762 cod.
935 3706 1086 3762 Pith-
1241 3705 1527 3777 prophetas
1562 3708 1706 3761 coni.
1741 3706 1957 3761 Mallov-
2108 3706 2178 3760 23
2212 3704 2417 3761 littoris
2451 3720 2486 3761 v
2618 3703 2724 3760 fide
2743 3705 2799 3759 A

622 3792 693 3846 24
726 3806 819 3846 ora
852 3792 937 3845 est
972 3790 1213 3858 Cilicum,
1251 3792 1439 3847 contra
1472 3790 1511 3845 1.
1547 3792 1745 3863 Ioppen
1781 3791 1904 3849 Im.
2145 3792 2217 3847 25
2249 3792 2460 3847 tharsos
2491 3796 2546 3846 A
2773 3805 2870 3860 po·

628 3878 733 3932 scit
774 3878 909 3943 AA,
954 3876 1166 3933 scandit
1196 3875 1357 3956 llum„
1410 3878 1720 3934 conscendit
1762 3878 1876 3935 cod.
1923 3878 2103 3946 Pala-3
2154 3880 2335 3949 pergit
2377 3878 2468 3934 uel
2503 3872 2638 3933 'inde
2683 3878 2748 3933 in
2789 3878 2874 3931 ire

621 3962 949 4018 mutandum
982 3980 1093 4021 eece
1126 3970 1305 4021 emet
1337 3964 1544 4021 Mouet·
1748 3966 1817 4021 26
1851 3964 2135 4035 eiusdemq.
2172 3972 2224 4020 A
2427 3981 2519 4035 per
2553 3966 2749 4035 stagna
2780 3962 2867 4017 dei

621 4075 693 4140 A,
727 4060 982 4159 fizignadi
1010 4080 1079 4141 A,
1114 4075 1221 4129 fert
1254 4078 1374 4131 acta
1408 4075 1537 4133 deus
1574 4077 1704 4133 Iur.
1884 4078 1954 4133 28
1988 4094 2108 4133 aere
2143 4078 2198 4133 A
2368 4077 2438 4133 29
2473 4076 2720 4145 sulpureo
2741 4076 2800 4131 A

622 4159 833 4217 constia
864 4161 971 4215 AA
1006 4160 1123 4231 (sed
1156 4164 1221 4217 in
1255 4167 1307 4217 A
1340 4163 1446 4229 uix
1480 4164 1586 4233 1⁶9⁸·
1610 4165 1832 4232 potest),
1868 4164 2082 4219 eonotia
2115 4164 2230 4221 cod.
2267 4164 2418 4219 Pith.
2645 4162 2718 4219 30
2749 4161 2870 4233 glo-

620 4246 749 4303 bum
791 4246 1006 4317 pariens
1050 4248 1175 4313 AA,
1220 4248 1414 4317 globus
1458 4249 1662 4318 pariter
1709 4250 1828 4305 Im·-
2169 4266 2292 4305 cum
2337 4250 2485 4306 suleo
2527 4248 2710 4305 haesit
2741 4250 2797 4304 A

617 4334 689 4388 34
731 4332 966 4387 medium
991 4344 1071 4402 «22
1094 4350 1167 4389 ex
1195 4334 1433 4389 mediuse
1468 4340 1519 4389 A
1789 4335 2150 4407 nequidquam
2193 4332 2394 4393 medios
2437 4336 2633 4392 fluctus
2669 4334 2795 4394 Im.

624 4418 814 4474 nubila
847 4420 1029 4489 tangit
1063 4426 1129 4487 A,
1164 4419 1341 4474 nibila
1375 4421 1501 4475 tant
1533 4418 1605 4486 A',
1641 4420 1832 4477 nubila
1862 4424 2099 4492 tangunt
2131 4440 2166 4479 v
