3217 5150
718 547 808 600 De
845 546 1355 617 singularitate
1391 546 1790 603 clericorum
1827 562 1870 601 c.
1911 545 2129 601 19—21.
2426 546 2549 615 197

289 706 607 766 maioribus
628 707 1039 781 protestamur:
1065 722 1191 766 cum
1205 704 1405 766 Helias
1419 704 1616 780 ipsein
1630 704 1899 779 angustia
1920 705 2265 765 constitutus
2289 704 2545 779 inparem

293 824 359 869 se
385 809 650 883 patribus
693 808 814 869 suis
844 812 976 869 ante
1021 808 1202 868 Deum
1231 808 1512 868 fateatur:
1577 807 1955 882 numquid,
2002 794 2234 882 inquid,
2280 807 2551 869 melior

295 930 448 973 sum
474 912 820 986 patribus
849 912 1066 972 meis?
1113 912 1221 972 hoc
1249 912 1452 971 Helias
1481 913 1549 971 de
1579 898 2033 971 antecessoribus
2064 912 2184 971 suis
2214 910 2277 970 in
2304 912 2548 971 iufirmi-

291 1017 416 1077 tate
449 1034 552 1075 sua
585 1015 810 1096 cogitur
839 1016 1189 1075 exclamare:
1243 1018 1303 1074 et
1348 1032 1454 1076 nos
1487 1014 1689 1075 Heliae
1734 1013 1829 1075 uel
1857 1015 2155 1089 prophetis
2184 1016 2244 1075 et
2273 1015 2549 1089 apostolis

241 1144 270 1182 s
291 1122 354 1181 et
380 1118 620 1179 Domino
649 1118 924 1179 uirtutem
952 1121 1207 1179 nostram
1235 1135 1350 1178 non
1381 1118 1709 1179 dubitamus
1739 1134 1983 1193 aequare
1998 1120 2027 1177 ’ἓ
2073 1118 2237 1178 uideo
2266 1118 2436 1192 plane
2464 1118 2549 1179 sic

288 1224 445 1298 apud
473 1240 578 1282 nos
608 1221 818 1283 calcari
848 1222 1150 1282 auaritiam
1165 1268 1181 1295 ,
1203 1210 1208 1216 ’
1228 1221 1378 1282 sicut
1406 1220 1657 1296 apostoli
1685 1220 1918 1296 propria
1948 1223 2153 1281 cuncta
2178 1221 2542 1281 dimiserunt.

285 1327 458 1388 uideo
491 1326 782 1400 crapulam
812 1329 871 1385 et
901 1326 1239 1386 ebrietatem
1269 1326 1353 1386 sic
1381 1325 1596 1385 nostris
1628 1324 1906 1385 conuiuiis
1937 1325 2169 1401 abesse,
2222 1324 2370 1384 sieut
2402 1340 2542 1398 apc-

286 1430 426 1491 stoli
454 1428 602 1490 nihil
631 1430 908 1491 habentes
933 1430 1262 1505 frequenter
1289 1430 1473 1491 coacti
1516 1432 1651 1489 sunt
1681 1430 1915 1490 esurire.
1952 1444 2225 1503 cognosco
2256 1428 2455 1488 taliter
2480 1428 2543 1488 in

285 1533 456 1594 nobis
488 1533 699 1594 ieiunia
729 1534 886 1593 sitim
917 1534 1126 1595 famem
1155 1530 1474 1593 nuditatem
1501 1536 1737 1608 propter
1763 1532 2097 1593 instantiam
2128 1531 2416 1593 doctrinae
2448 1542 2542 1592 so-

216 1637 408 1697 mlius
439 1636 648 1710 ubique
679 1634 916 1711 pollere,
961 1638 1112 1697 sicut
1141 1638 1203 1696 in
1231 1634 1506 1712 apostolis
1535 1634 1781 1711 legimus
1810 1637 2215 1711 triumphasse.
2246 1638 2306 1696 et
2336 1636 2545 1710 adpro-

287 1740 463 1801 batur
514 1742 664 1815 apud
715 1757 819 1800 nos
872 1742 1070 1800 eadem
1116 1740 1386 1801 exercitia
1413 1740 1636 1801 feruere
1665 1740 1945 1801 uirtutum
1961 1785 1976 1813 ,
2023 1741 2229 1815 quibus
2260 1738 2546 1815 apostolos

287 1842 483 1906 omnia
533 1844 679 1904 uitia
708 1846 1078 1905 tremuerunt.
1139 1845 1310 1919 plane
1342 1845 1724 1919 quadraginta
1766 1842 1984 1904 dierum
2014 1844 2287 1903 ieiunium
2315 1842 2543 1902 Domini

285 1947 631 2007 meditamur
671 1948 731 2006 et
759 1934 1041 2007 orationes
1084 1946 1460 2022 excubiasque
1491 1948 1698 2021 quibus
1739 1948 1841 2007 ille
1869 1964 1973 2021 per
2003 1946 2342 2007 solitudines
2372 1947 2546 2007 etiam

287 2048 524 2110 silentia
551 2051 829 2110 nocturna
857 2050 1175 2125 rumpebat.
1235 2050 1513 2125 numquid
1568 2048 1786 2110 similes
1848 2066 2063 2126 agones
2113 2049 2545 2124 frequentamus

208 2176 264 2213 ιε,
287 2154 488 2214 contra
514 2152 829 2212 luctamina
881 2153 1150 2213 uitiorum
1198 2155 1258 2213 et
1309 2154 1394 2214 sic
1423 2154 1647 2228 agimus
1696 2154 1885 2229 rigore
1939 2154 2278 2215 auctoritate
2320 2154 2542 2230 uigiliis

285 2255 654 2331 passionibus
681 2255 877 2316 labore
905 2256 1244 2317 necessitate
1273 2256 1644 2317 afflictatione
1674 2257 2041 2331 abstinentia,
2074 2257 2281 2333 quibus
2309 2260 2544 2331 peccata

286 2360 598 2431 calcantur,
631 2360 698 2418 ut
727 2375 889 2418 nemo
919 2360 989 2419 de
1017 2358 1184 2419 nobis
1211 2360 1352 2419 mali
1380 2359 1599 2434 aliquid
1624 2360 1989 2434 suspicetur?
2019 2376 2122 2434 per
2151 2377 2299 2434 quae
2328 2360 2543 2420 Paulus

285 2462 582 2538 apostolus
614 2462 1020 2522 conscientiam
1047 2480 1208 2522 suam
1238 2462 1556 2523 innotuisse
1585 2464 1846 2524 omnibus
1876 2464 2173 2539 gloriatur.
2207 2463 2281 2541 in
2324 2480 2357 2522 o
2370 2480 2477 2522 mn
2490 2464 2541 2522 i-

289 2566 420 2626 bus
440 2612 455 2638 ,
500 2565 720 2640 inquit,
765 2567 1351 2627 commendantes
1395 2570 1678 2628 nosmet
1732 2568 1803 2643 ip
1824 2585 1940 2628 sos
1985 2567 2196 2642 quasi
2240 2566 2367 2627 Dei
2415 2567 2543 2627 mi-

205 2669 607 2742 aonistros,
654 2669 727 2728 in
773 2670 1347 2731 sustentatione
1390 2671 1653 2744 multa,
1700 2672 1775 2730 in
1818 2671 2227 2746 pressuris,
2292 2671 2364 2731 in
2408 2670 2541 2730 tri-

283 2772 825 2845 bulationibus,
855 2773 928 2831 in
950 2773 1576 2858 necessitatibus,
1609 2775 1681 2833 in
1712 2776 2122 2850 angustiis,
2169 2777 2239 2836 in
2264 2776 2541 2855 plagis,

284 2877 359 2936 in
389 2877 790 2948 custodiis,
857 2875 930 2934 in
975 2877 1436 2950 carceribus,
1504 2877 1578 2936 in
1618 2875 2154 2956 seditionibus,
2212 2881 2286 2940 in
2343 2883 2543 2946 inuo-

284 2979 745 3053 cationibuS,
812 2979 890 3038 in
946 2980 1360 3054 laboribus,
1418 2982 1490 3041 in
1533 2981 1866 3058 uigiliis,
1933 2985 2007 3043 in
2060 2983 2403 3060 ieiuniis,
2471 2989 2545 3048 in

285 3085 686 3157 castitate,
733 3083 805 3143 in
851 3085 1206 3158 scientia,
1275 3085 1347 3144 in
1388 3083 1995 3161 longanimitate,
2054 3089 2129 3148 in
2172 3089 2541 3164 bonitate,

211 3187 366 3246 asin
411 3187 692 3260 spiritu
736 3188 1024 3261 sancto,
1068 3187 1142 3247 in
1187 3189 1509 3249 caritate
1552 3206 1688 3248 non
1731 3190 1956 3264 ficta,
2004 3191 2077 3250 in
2102 3194 2326 3254 uerbo
2352 3195 2543 3256 ueri-

282 3291 512 3364 tatis,
559 3291 633 3350 in
675 3291 958 3351 uirtute
1001 3291 1172 3367 Dei,
1235 3309 1361 3367 per
1407 3311 1601 3354 arma
1643 3295 1992 3355 iustitiae
2047 3315 2082 3355 a
2138 3298 2429 3358 dextris
2472 3303 2540 3359 et

283 3395 476 3456 sinis
495 3396 653 3456 tris.
686 3397 759 3455 ad
787 3397 894 3456 has
922 3397 1270 3458 imitationes
1300 3398 1509 3458 infirmi
1533 3415 1749 3473 sumus,
1782 3401 1881 3460 sed
1904 3399 1978 3460 ad
1999 3401 2266 3461 mulieres
2297 3401 2540 3461 circum-

282 3501 570 3560 ducendas
582 3498 1025 3579 possibilitatem
1037 3499 1202 3560 nobis
1217 3503 1604 3576 conparandae
1618 3501 1958 3564 imitationis
1976 3503 2362 3566 adsciscimus.
2389 3508 2541 3580 quod

422 3727 458 3781 2
491 3725 578 3781 111
614 3727 748 3797 neg.
788 3728 870 3792 19,
905 3728 988 3783 34.
1202 3728 1269 3783 18
1303 3727 1359 3782 11
1395 3729 1512 3784 cor.
1549 3730 1598 3794 e,
1635 3730 1788 3784 4-7.

419 3960 455 4014 2
489 3959 735 4029 patribus
772 3977 842 4015 ex
874 3961 1206 4032 principibus
1253 3963 1300 4018 G
1329 3979 1396 4017 m.
1434 3963 1476 4016 2
1698 3964 1733 4018 3
1768 3964 1825 4018 in
1861 3979 1964 4019 om.
2010 3964 2058 4020 0
2270 3965 2304 4020 6
2340 3982 2435 4021 nos
2480 3966 2540 4034 Ο,

273 4063 381 4102 uos
417 4064 450 4103 v
725 4048 756 4100 '1
793 4048 993 4101 nostris
1037 4047 1095 4113 G,
1134 4049 1329 4103 uestris
1363 4065 1396 4104 v
1672 4050 1741 4104 10
1775 4049 2101 4119 adprobatur
2136 4066 2207 4106 ex
2242 4050 2538 4121 adprobato

289 4133 336 4190 C
369 4149 437 4187 m.
476 4135 530 4197 2,
565 4133 929 4204 approbantur
962 4151 996 4190 v
1247 4137 1311 4190 11
1348 4136 1615 4205 apostolos
1652 4151 1723 4191 eae
1759 4136 2032 4206 apostolus
2078 4136 2135 4203 Ο,
2174 4138 2404 4206 apostoli
2440 4153 2473 4193 v

277 4221 352 4273 14
387 4220 644 4273 nocturna
681 4218 899 4274 silentia
932 4235 964 4274 υ
1184 4221 1525 4292 rumpetebat
1569 4221 1637 4277 0²
1854 4238 2052 4293 agones
2099 4224 2146 4279 G
2174 4240 2215 4278 e.
2254 4225 2287 4278 Ζ.
2326 4241 2394 4278 m.
2430 4227 2472 4278 2

273 4304 350 4360 15
385 4304 698 4359 luetamiam
742 4306 811 4362 0¹
965 4308 1288 4362 auctoritate
1329 4309 1388 4374 G,
1424 4309 1746 4363 austeritate
1781 4327 1814 4365 v
1972 4310 2038 4365 16
2074 4307 2430 4365 afflictatione
2475 4309 2534 4374 Ο,

271 4389 578 4446 afflictione
610 4409 644 4446 v
804 4392 872 4446 17
907 4408 1009 4461 que
1044 4409 1114 4448 ex
1149 4409 1307 4463 quem
1351 4394 1399 4450 0
1563 4395 1635 4450 20
1668 4395 1727 4448 in
1760 4393 1889 4449 trib.
1927 4394 1985 4448 in
2023 4412 2076 4449 n.
2122 4395 2180 4460 Ο,
2216 4397 2275 4450 in
2310 4395 2540 4449 tentati-

273 4475 477 4532 onibus
511 4477 570 4530 in
605 4476 1052 4533 tribulationibus
1087 4495 1118 4533 v
1255 4480 1324 4535 26
1361 4482 1418 4535 et
1449 4479 1506 4546 0,
1545 4482 1600 4536 et
1633 4497 1667 4535 a
1688 4497 1720 4536 υ
1857 4479 1925 4536 27
1950 4481 2044 4536 sed
2065 4481 2276 4552 sen'psi,
2305 4483 2361 4536 et
2392 4482 2470 4538 Gv
