3217 5150
974 498 1058 553 De
1095 497 1585 566 rebaptismate
1630 514 1674 551 c.
1714 497 1929 551 13—15.
2495 500 2583 567 87

321 660 461 733 zari,
491 676 670 733 aeque
699 662 890 718 tamen
917 675 1095 717 unum
1136 656 1420 732 baptisma
1450 656 1655 716 salutis
1684 659 1744 716 et
1773 656 2005 717 honoris
2035 657 2251 731 pariter
2280 659 2339 717 et
2368 674 2583 732 aequa·

321 765 460 824 liter
489 762 775 837 consequi.
821 764 970 836 quod
1001 761 1152 821 enim
1181 762 1396 819 dictum
1424 763 1515 820 est
1559 776 1596 819 a
1638 759 1909 821 Domino:
1955 761 2181 821 habeo
2222 761 2427 821 aliud
2465 761 2582 829 ba-

323 866 601 941 ptisma
643 864 1048 944 baptizari,
1095 866 1200 924 hoc
1239 863 1450 925 inloco
1479 880 1592 923 non
1635 866 1701 921 ut
1747 866 2052 925 secundum
2090 865 2376 939 baptisma
2418 865 2585 923 acsi

329 970 448 1029 sint
471 959 580 1030 duo
603 968 952 1045 baptismata
974 966 1282 1043 significat,
1313 968 1415 1027 sed
1437 967 1675 1027 alterius
1704 984 1924 1041 quoque
1954 967 2164 1041 speciei
2194 968 2479 1043 baptisma
2506 969 2583 1027 ad

278 1094 306 1133 z
325 1073 560 1133 eandem
612 1072 854 1131 salutem
908 1088 1244 1148 concurrens
1296 1072 1564 1129 donatum
1616 1070 1780 1130 nobis
1831 1086 1957 1130 esse
2010 1071 2378 1131 demonstrat.
2436 1088 2581 1145 quas

321 1179 593 1249 utrasque
626 1175 844 1248 species
873 1174 948 1233 ab
977 1173 1100 1248 ipso
1131 1173 1370 1233 Domino
1399 1175 1596 1233 nostro
1630 1172 1874 1247 primum
1902 1173 2126 1233 initiari
2155 1176 2215 1233 et
2237 1173 2580 1234 sanctificari

321 1277 640 1353 oportebat,
680 1279 746 1336 ut
787 1276 950 1336 nobis
993 1293 1215 1351 quoque
1259 1276 1538 1335 alterutra
1567 1276 1695 1335 siue
1737 1277 1975 1349 utraque
2014 1276 2233 1351 species
2261 1258 2436 1337 unum
2464 1294 2579 1337 non

320 1381 534 1456 duplex
583 1379 946 1439 salutiferum
997 1382 1169 1453 atque
1209 1378 1578 1439 honorificum
1629 1378 1916 1453 baptisma
1961 1381 2299 1454 praestaret,
2352 1382 2410 1439 et
2450 1380 2577 1440 uiae

319 1484 602 1559 quaedam
627 1482 798 1542 unius
826 1481 1192 1557 baptismatis
1226 1482 1310 1541 sic
1337 1481 1502 1542 nobis
1543 1482 1879 1555 patefierent
1907 1484 1973 1541 ut
2014 1482 2318 1557 aliquando
2347 1483 2577 1557 impune

245 1607 300 1647 ιο
319 1588 512 1663 aliqua
540 1586 770 1645 illarum
798 1586 1038 1658 deesset,
1071 1584 1223 1646 sicut
1250 1584 1312 1643 in
1332 1585 1569 1645 uerbum
1593 1585 1958 1645 audientibus
1977 1585 2323 1661 martyribus
2346 1586 2575 1659 impune

315 1709 499 1767 aquae
547 1690 832 1765 baptisma
884 1689 1063 1762 deest,
1117 1705 1260 1763 quos
1311 1692 1503 1748 tamen
1547 1688 1692 1749 certi
1734 1706 1949 1761 samua,
2003 1688 2055 1747 si
2097 1690 2236 1763 quid
2264 1690 2575 1751 laxamenti

318 1796 590 1866 habeant,
635 1793 810 1852 etiam
838 1808 988 1865 aqua
1017 1792 1218 1853 solitos
1262 1790 1562 1865 baptizari,
1609 1791 1858 1866 itemque
1888 1791 2009 1851 illis
2038 1792 2138 1865 qui
2166 1792 2411 1867 legitimi
2440 1795 2575 1852 sunt

315 1896 516 1957 fideles
545 1894 734 1955 effecti
764 1896 992 1968 impune
1023 1896 1183 1954 deest
1212 1895 1500 1969 baptisma
1527 1894 1825 1968 sanguinis
1854 1894 2089 1970 proprii,
2138 1895 2273 1971 quia
2301 1895 2577 1970 baptizati

317 1998 380 2059 in
409 2000 632 2060 nomine
664 1998 878 2058 Christi
920 1998 1199 2072 redempti
1243 2000 1380 2057 sunt
1408 1998 1821 2072 pretiosissimo
1853 1999 2129 2073 sanguine
2158 1998 2403 2073 Domini,
2447 2017 2577 2059 cum

243 2120 298 2159 ιε
317 2105 562 2177 utraque
591 2102 732 2161 haec
762 2117 831 2183 ex
862 2120 972 2163 uno
1003 2104 1174 2176 atque
1205 2101 1400 2161 eodem
1429 2100 1584 2160 fonte
1614 2103 1925 2175 procedant
1953 2101 2187 2162 flumina
2209 2101 2574 2176 baptismatis

319 2205 606 2279 dominici,
658 2206 725 2265 ut
779 2206 960 2264 omnis
1004 2204 1104 2279 qui
1155 2204 1282 2263 sitit
1327 2203 1522 2263 ueniat
1567 2207 1628 2264 et
1673 2204 1854 2278 bibat,
1907 2206 2058 2265 sicut
2087 2204 2371 2279 scriptura
2400 2205 2572 2265 dicit:

317 2307 633 2369 flumina
687 2309 766 2369 de
831 2310 1092 2369 uentre
1158 2308 1317 2367 eius
1384 2308 1781 2367 currebant
1840 2324 2061 2382 aquae
2128 2310 2358 2371 uiuae.
2426 2329 2573 2386 quae

315 2412 552 2471 flumina
580 2412 828 2486 primum
855 2413 1244 2486 apparuerunt
1273 2410 1334 2469 in
1362 2410 1590 2471 Domini
1619 2410 1879 2484 passione
1895 2455 1911 2484 ,
1942 2412 2103 2471 cuius
2136 2414 2204 2473 de
2231 2414 2408 2475 latere
2438 2431 2572 2489 per-

314 2515 499 2576 forato
551 2515 747 2577 lancea
797 2514 1040 2576 militari
1090 2514 1326 2589 sanguis
1378 2515 1437 2574 et
1486 2530 1636 2588 aqua
1686 2514 1963 2589 manauit,
2014 2519 2080 2576 ut
2130 2517 2415 2578 emitteret
2462 2519 2570 2581 duo

232 2635 294 2674 ao
311 2619 549 2678 flumina
578 2620 836 2681 diuersae
865 2619 1092 2694 speciei,
1126 2620 1226 2679 sed
1255 2600 1446 2678 tamen
1475 2619 1730 2678 eiusdem
1758 2637 1825 2679 ac
1854 2619 2143 2694 singulare
2174 2621 2346 2695 latus,
2388 2623 2475 2682 ita
2504 2627 2569 2683 ut

311 2722 618 2797 impleatur
667 2723 876 2798 spiritu
927 2725 1124 2783 sancto
1171 2723 1510 2796 quicumque
1555 2723 1791 2782 credens
1834 2723 2045 2792 biberit
2088 2742 2157 2784 ex
2186 2727 2427 2800 utroque
2458 2727 2566 2786 flu-

309 2827 483 2886 mine.
528 2829 670 2887 haec
719 2826 872 2887 enim
930 2826 1000 2885 de
1060 2825 1388 2885 fluminibus
1447 2825 1542 2884 his
1601 2824 1842 2900 loquens
1900 2828 2235 2888 ostendebat
2292 2829 2567 2892 Dominus

309 2929 641 3003 significans
670 2929 935 3003 spiritum
966 2930 1224 2988 sanctum
1255 2945 1422 3002 quem
1453 2928 1741 3002 accepturi
1771 2931 1963 2989 essent
1985 2928 2085 3004 qui
2107 2932 2380 2992 credituri
2402 2937 2567 2994 erant

309 3033 375 3092 in
417 3032 600 3092 illum.
660 3033 968 3092 nondum
1023 3033 1262 3106 autem
1317 3032 1477 3090 erat
1521 3030 1864 3106 spiritus,
1926 3033 2097 3107 quia
2139 3035 2351 3095 Iesus
2396 3054 2563 3097 non·

227 3151 290 3191 25
309 3137 472 3194 dum
529 3138 684 3194 erat
739 3133 1230 3194 clarificatus.
1298 3135 1479 3209 igitur
1530 3134 1727 3193 dicens
1781 3136 2249 3209 quemadmodum
2302 3141 2567 3213 generari

302 3241 496 3313 petest
544 3239 829 3312 baptisma
868 3239 1020 3312 quod
1063 3238 1356 3312 apostolus
1400 3255 1572 3310 unum
1615 3254 1738 3298 esse
1782 3238 2095 3313 praedicat,
2148 3241 2345 3316 utique
2377 3243 2560 3302 mani-

301 3341 519 3400 festum
548 3344 639 3400 est
657 3340 762 3400 illa
784 3340 1022 3413 ratione,
1054 3340 1189 3415 quia
1219 3339 1480 3416 diuersae
1510 3343 1647 3400 sunt
1676 3341 1895 3415 spocies
1925 3342 2093 3402 unius
2117 3345 2289 3418 atque
2312 3345 2564 3406 eiusdem

299 3445 668 3518 baptismatis
711 3461 779 3504 ex
825 3460 935 3503 uno
965 3442 1199 3504 uulnere
1240 3443 1574 3517 profluentis
1605 3443 1669 3502 in
1698 3461 1905 3519 aquam
1936 3447 1995 3505 et
2026 3447 2383 3522 sanguinem,
2432 3467 2563 3510 cum

299 3547 427 3607 illic
458 3547 566 3607 duo
595 3547 714 3606 sint
740 3548 810 3606 de
855 3547 1062 3621 quibus
1103 3546 1282 3607 locuti
1326 3563 1522 3606 sumus
1553 3546 1905 3620 baptismata
1933 3565 2129 3625 aquae,
2176 3550 2237 3610 id
2268 3555 2357 3611 est
2392 3554 2563 3614 unius

211 3669 282 3710 so
297 3653 474 3724 atque
503 3649 753 3711 eiusdem
783 3650 1020 3724 species,
1053 3668 1184 3710 cum
1210 3668 1386 3709 unum
1416 3667 1540 3710 esse
1570 3651 1777 3710 debeat
1808 3652 2094 3726 baptisma
2117 3654 2563 3731 uniuscuiusque

301 3753 540 3828 species,
571 3753 720 3813 sicut
747 3753 976 3827 plenius
1007 3770 1203 3812 sumus
1233 3752 1428 3812 locuti.

385 3857 464 3916 Et
505 3856 770 3931 quoniam
823 3856 1080 3915 uidemur
1132 3872 1295 3917 omne
1337 3856 1626 3930 baptisma
1656 3856 1917 3931 spiritale
1946 3857 2231 3920 trifariam
2261 3861 2550 3936 diuisisse,
2577 3871 2609 3929 1
2622 3870 2663 3930 5

297 3960 595 4021 ueniamus
637 3959 814 4020 etiam
853 3959 926 4018 ad
965 3959 1357 4033 probationem
1394 3959 1747 4020 narrationis
1774 3962 2120 4035 propositae,
2162 3979 2234 4021 ne
2265 3963 2559 4023 uideamur

293 4063 524 4138 proprio
577 4080 748 4122 seusu
788 4066 848 4121 et
899 4065 1110 4122 temere
1163 4062 1272 4122 hoc
1321 4061 1548 4122 fecisse.
1594 4063 1681 4122 ait
1731 4064 1883 4123 enim
1929 4049 2171 4126 Ioannes
2218 4066 2287 4125 de
2318 4067 2556 4129 Domino

201 4190 269 4230 ss
292 4169 494 4226 nostro
525 4165 588 4224 in
616 4166 859 4239 epistola
889 4183 993 4226 sua
1023 4183 1130 4226 nos
1159 4166 1398 4226 docens:
1445 4165 1565 4225 hic
1608 4167 1721 4226 est
1763 4167 1889 4241 qui
1918 4167 2130 4227 uenit
2158 4187 2279 4243 per
2305 4186 2559 4244 aquam

434 4298 499 4352 17
537 4298 613 4352 Io.
652 4299 702 4363 7,
736 4297 822 4351 38.
1027 4297 1098 4352 24
1130 4297 1208 4352 Io.
1246 4298 1295 4362 7,
1331 4297 1415 4352 39.
1527 4381 1530 4386 Ι
1622 4298 1692 4354 35
1726 4299 1755 4352 I
1789 4299 1867 4354 Io.
1902 4300 1951 4365 5,
1988 4301 2039 4358 6.
2075 4302 2129 4356 8.

430 4443 466 4497 3
502 4443 550 4496 si
584 4459 685 4499 om.
721 4445 843 4516 Εἰς.
1018 4443 1052 4497 6
1087 4443 1318 4514 initiari]
1355 4443 1659 4499 ministrari
1693 4445 1816 4516 Riq.
1996 4448 2026 4501 7
2063 4464 2170 4504 non
2203 4451 2415 4519 scripsi,
2452 4451 2558 4506 hoc

279 4529 410 4588 cod.
448 4536 500 4586 et
535 4547 567 4585 v
703 4531 772 4585 21
808 4533 996 4585 utroue
1028 4529 1160 4596 fort.
