3217 5150
783 517 872 571 De
905 515 1254 571 duodecim
1289 517 1606 572 abusiuis
1642 517 1895 571 saeculi
1936 532 1983 571 c.
2018 518 2172 571 6—7.
2474 518 2594 586 163

345 690 634 735 sermones
683 676 1057 748 interdicunt,
1119 677 1324 751 quibus
1375 677 1486 737 ait:
1561 676 1798 737 nolite
1841 676 2159 751 diligere
2230 694 2388 736 mun
2404 676 2593 747 dum,

346 794 576 853 neque
619 793 698 839 ea
740 795 921 853 quae
965 780 1035 840 in
1080 782 1335 840 mundo
1379 782 1598 839 sunt?
1646 779 1841 840 mundi
1886 780 2037 839 enim
2077 796 2233 840 amor
2262 783 2323 838 et
2349 778 2456 838 Dei
2485 795 2588 852 pa·

346 880 492 939 riter
517 881 580 940 in
608 898 718 942 nno
748 884 917 943 corde
947 883 1276 943 cohabitare
1306 901 1419 944 non
1448 884 1692 958 possunt
1710 928 1725 957 ,
1785 884 2255 958 quemadmodum
2284 882 2434 943 oculi
2463 898 2593 942 cae-

343 983 466 1043 lum
494 984 711 1059 pariter
740 986 800 1043 et
841 988 1053 1045 terram
1079 1003 1436 1061 nequaquam
1465 986 1841 1061 conspiciunt.
1906 972 2005 1045 sed
2048 985 2445 1059 requirendum
2484 988 2593 1055 est,

293 1108 326 1147 e
344 1086 398 1145 si
427 1102 562 1147 uere
589 1087 652 1146 in
681 1089 886 1148 mundo
916 1088 1134 1163 aliquid
1162 1088 1242 1149 sit
1272 1090 1420 1163 quod
1449 1088 1630 1149 amari
1661 1086 1871 1149 debeat
1920 1092 1979 1148 et
2007 1088 2139 1163 quis
2190 1089 2268 1148 sit
2296 1088 2395 1147 ille
2424 1105 2591 1147 mun-

343 1189 454 1248 dus
482 1206 650 1264 quem
681 1191 846 1266 diligi
876 1191 1074 1251 diuina
1099 1190 1328 1267 eloquia
1358 1194 1575 1252 uetant.
1622 1195 1781 1251 terra
1808 1208 1945 1265 ergo
1976 1208 2104 1251 cum
2130 1191 2494 1251 nascentibus
2524 1206 2595 1251 ex

341 1307 414 1351 ea
441 1295 502 1353 et
528 1293 780 1353 metallis
811 1297 870 1354 et
897 1294 1282 1356 animantibus
1315 1298 1374 1354 et
1401 1295 1783 1370 pulcritudine
1812 1294 2057 1356 uestium
2099 1297 2159 1354 et
2197 1293 2592 1354 oblectationi-

341 1395 452 1455 bus
480 1396 732 1456 ciborum
763 1400 822 1458 et
850 1397 943 1457 his
973 1415 1118 1472 quae
1149 1398 1224 1457 ad
1251 1398 1394 1457 haec
1421 1398 1715 1472 pertinent
1742 1415 1855 1458 non
1884 1397 2049 1471 diligi
2077 1396 2444 1472 praecipitur,
2491 1398 2593 1457 sed

338 1499 632 1572 proximus
661 1502 896 1576 propter
945 1518 1113 1576 quem
1163 1502 1306 1561 haec
1357 1502 1547 1562 omnia
1596 1500 1752 1561 facta
1780 1502 1915 1560 sunt
1956 1500 2133 1560 amari
2162 1500 2405 1561 iubetur.
2446 1500 2591 1559 haec

266 1620 322 1659 io
339 1602 494 1661 enim
523 1603 712 1662 omnia
736 1604 1030 1678 praedicta
1058 1604 1220 1664 uelut
1265 1621 1379 1665 non
1419 1618 1685 1664 mansura
1727 1605 1802 1664 ad
1842 1604 2148 1664 caelestem
2188 1602 2429 1677 patriam
2459 1618 2589 1676 per-

339 1708 547 1779 gentes
570 1706 830 1766 comitari
858 1691 1166 1782 nequeunt.
1197 1707 1441 1783 proximi
1469 1724 1603 1768 uero
1632 1706 1795 1767 uelut
1823 1707 2075 1767 mansuri
2102 1705 2257 1781 regis
2285 1706 2589 1765 coheredes

342 1810 528 1867 semet
556 1808 713 1881 ipsos
734 1810 973 1869 licenter
1001 1810 1245 1871 inuicem
1267 1809 1536 1885 diligunt.
1569 1810 1719 1885 quod
1748 1827 1882 1885 ergo
1912 1825 2131 1882 semper
2158 1810 2219 1867 in
2246 1810 2450 1869 mundo
2479 1825 2590 1870 non

339 1914 538 1971 manet
565 1914 626 1971 et
655 1930 783 1973 cum
822 1913 1029 1973 mundo
1074 1913 1294 1989 pariter
1338 1913 1558 1974 deficiet
1610 1917 1671 1973 et
1699 1914 1821 1987 ipse
1861 1914 2105 1972 mundus
2133 1930 2246 1972 non
2274 1912 2452 1971 amari
2482 1912 2589 1971 im-

340 2016 610 2088 peratur:
641 2016 930 2089 proximus
960 2019 1149 2078 autem
1180 2018 1280 2090 qui
1309 2020 1397 2076 est
1425 2034 1558 2090 pars
1589 2016 1754 2089 regni
1784 2015 2048 2075 caelestis
2091 2014 2153 2073 in
2181 2018 2335 2075 terra
2362 2014 2589 2074 interim

267 2132 324 2172 ιε»
343 2134 382 2175 a
409 2118 573 2191 regni
597 2119 880 2179 caelorum
927 2120 1340 2195 appetitoribus
1368 2137 1482 2179 non
1501 2120 1811 2194 incongrue
1842 2121 2081 2190 amatur,
2111 2119 2244 2177 dum
2284 2118 2345 2177 in
2373 2136 2589 2177 summa

337 2218 448 2281 ina
488 2222 679 2295 patria
728 2222 788 2280 in
829 2226 1122 2282 aeternum
1175 2224 1402 2283 coheres
1457 2221 1781 2281 habebitur.
1829 2224 2131 2295 propterea
2171 2239 2306 2280 uero
2345 2221 2588 2280 mundus

339 2339 613 2397 praesens
642 2342 756 2384 non
787 2325 952 2400 diligi
981 2325 1295 2401 imperatur
1315 2369 1331 2398 ,
1375 2342 1447 2384 ne
1478 2343 1513 2383 a
1542 2322 1649 2383 Dei
1679 2322 1978 2385 dilectione
2006 2324 2227 2384 alienus
2256 2322 2469 2382 saeculi
2499 2323 2588 2382 di-

335 2426 520 2487 lector
550 2426 799 2503 quisque.
819 2427 1119 2488 efficiatur.
1151 2446 1264 2487 non
1294 2445 1427 2502 ergo
1451 2428 1620 2487 debet
1642 2426 1904 2486 contendi
1926 2427 2075 2501 quod
2104 2444 2214 2485 non
2236 2426 2371 2485 licet
2392 2427 2586 2485 amari.

340 2528 523 2604 igitur
575 2530 935 2592 Christianus
989 2532 1086 2606 qui
1136 2530 1380 2593 nominis
1423 2529 1639 2590 Christi
1690 2527 2123 2590 similitudinem
2172 2531 2330 2588 tenet
2369 2546 2587 2589 morum

257 2649 322 2690 ὀ
340 2650 564 2708 quoque
595 2633 1024 2694 similitudinem
1068 2635 1278 2694 habere
1330 2634 1514 2694 debet.
1561 2633 1921 2692 Christianus
1950 2633 2101 2692 enim
2122 2633 2275 2691 recte
2306 2649 2467 2692 nemo
2500 2633 2587 2692 di-

335 2735 490 2794 citur
506 2781 521 2810 ,
567 2737 680 2796 nisi
709 2737 808 2812 qui
837 2737 1061 2798 Christo
1091 2737 1344 2798 moribus
1385 2741 1745 2811 coaequatur.
1793 2738 1860 2796 de
1903 2735 2127 2795 Christo
2159 2752 2291 2793 uero
2326 2752 2426 2809 per
2454 2753 2587 2809 pro-

335 2840 570 2915 phetam
613 2840 697 2899 ita
745 2839 1122 2901 describitur:
1169 2858 1333 2900 ecce
1357 2857 1532 2915 puer
1575 2855 1766 2898 meus
1811 2856 2015 2913 quem
2047 2837 2269 2913 elegi,
2301 2836 2584 2898 electus

333 2959 562 3018 mene,
608 2943 1051 3021 conplacuit
1106 2943 1256 3003 sibi
1313 2943 1384 3002 in
1430 2944 1560 3003 illo
1605 2945 1855 3003 anima
1895 2960 2070 3003 mea:
2136 2959 2396 3017 ponam
2441 2943 2583 3016 spi-

329 3045 558 3105 ritum
601 3064 820 3107 meum
864 3064 1083 3122 super
1125 3064 1293 3107 eum.
1329 3027 1473 3107 'non
1525 3045 1913 3107 contendet
1964 3063 2188 3120 neque
2235 3045 2585 3105 clamabit

475 3315 504 3368 1
540 3315 568 3368 I
603 3315 679 3369 10.
717 3315 765 3378 2,
804 3315 887 3368 15.
1092 3315 1161 3369 22
1196 3315 1283 3368 Es.
1319 3314 1403 3378 42,
1444 3315 1492 3367 1.
1527 3314 1578 3368 2.

473 3579 504 3632 1
529 3595 695 3634 sermo
723 3579 1003 3636 interdicit
1027 3579 1091 3633 X
1215 3579 1432 3648 quibus]
1456 3594 1561 3648 quo
1589 3579 1665 3644 X,
1690 3579 1786 3648 qui
1807 3597 1840 3635 v
1965 3541 2009 3633 3'
2024 3578 2195 3649 corde]
2218 3595 2433 3648 corpore
2468 3580 2519 3632 V

327 3663 582 3720 habitare
619 3666 742 3720 XV
987 3665 1129 3720 idem
1163 3665 1306 3719 oculi
1343 3665 1434 3719 Xv
1683 3668 1720 3721 4
1754 3665 2027 3734 aspiciunt
2061 3665 2123 3720 X
2370 3666 2405 3718 5
2440 3666 2579 3734 quis]

327 3750 475 3820 quod
516 3751 569 3805 V
733 3751 765 3805 7
801 3767 864 3805 ea
899 3751 973 3821 et]
1013 3767 1076 3805 ea
1118 3751 1172 3806 V
1323 3751 1358 3805 8
1393 3751 1462 3804 iis
1498 3768 1531 3806 v
1691 3751 2090 3820 praecipiuntur
2123 3751 2186 3806 X
2346 3751 2415 3806 10
2439 3751 2583 3805 enim

325 3853 432 3892 om.
469 3837 531 3891 X
732 3839 798 3892 11
836 3839 1180 3892 concomitari
1213 3855 1246 3893 v
1498 3839 1565 3892 13
1598 3841 1782 3898 manet
1814 3838 1889 3908 et]
1926 3840 2109 3892 manet
2144 3837 2207 3892 X
2238 3853 2270 3891 a
2304 3839 2369 3892 in
2400 3854 2509 3892 ras.

327 3924 430 3978 alt.
467 3926 522 3977 et
557 3940 658 3978 om.
703 3927 748 3978 G
885 3925 1200 3994 imperatur]
1237 3924 1566 3994 praecipitur
1607 3924 1689 3979 Vv
1831 3924 1896 3978 14
1930 3924 2165 3995 interim]
2204 3926 2259 3978 et
2293 3924 2435 3978 inter
2468 3925 2581 3978 ima

326 4009 595 4064 elementa
629 4027 664 4066 υ
891 4011 958 4065 15
996 4026 1029 4063 a
1063 4027 1162 4064 om.
1201 4011 1260 4064 X
1485 4010 1863 4080 appetentibus
1901 4010 1963 4064 X
2199 4026 2443 4080 suprema
2476 4029 2509 4066 v

329 4095 398 4148 17
432 4111 648 4164 presens
681 4095 876 4152 idcirco
910 4097 968 4151 X
1123 4111 1156 4149 a
1179 4095 1282 4166 dei]
1322 4095 1390 4150 ad
1423 4095 1539 4150 eius
1581 4097 1633 4151 V
1785 4097 1852 4151 18
1886 4095 2119 4150 efficitur
2159 4096 2213 4150 V
2361 4097 2427 4150 19
2462 4098 2575 4166 qui]

328 4181 506 4236 omnis
548 4181 602 4235 V
799 4183 869 4237 20
904 4199 1108 4252 quoque
1143 4199 1239 4236 om.
1287 4181 1348 4248 V,
1387 4196 1595 4251 quoque
1630 4182 1744 4236 eius
1780 4200 1815 4239 v
2025 4181 2183 4236 debet
2215 4182 2413 4236 habere
2450 4183 2512 4236 X

327 4282 485 4321 nemo
517 4269 662 4322 recte
696 4285 731 4324 υ
935 4269 1003 4323 21
1038 4269 1262 4338 christo]
1299 4267 1350 4321 ei
1383 4268 1445 4322 X
1657 4269 1802 4338 uero]
1839 4269 1983 4323 enim
2020 4269 2082 4323 X
2286 4269 2354 4322 22
2390 4268 2581 4322 scribi-

327 4357 422 4408 tur
455 4371 490 4410 υ
694 4355 848 4425 puer]
883 4355 1031 4409 filius
1066 4372 1098 4410 v
1302 4355 1371 4409 23
1404 4356 1463 4409 in
1498 4355 1596 4409 illo
1636 4354 1741 4409 sibi
1775 4373 1808 4410 v
2026 4355 2236 4409 animae
2270 4370 2417 4409 meae
2460 4354 2514 4408 V

321 4439 403 4495 24
433 4439 706 4495 contendit
748 4440 886 4496 G'X
1087 4441 1343 4495 clamauit
1384 4443 1457 4496 θ’

2025 4535 2099 4592 11
2134 4530 2169 4569 *
