3217 5150
989 519 1078 573 De
1125 519 1642 589 Rebaptismate
1693 537 1734 574 c.
1770 521 1921 577 2—4.
2494 525 2577 591 73

321 680 610 756 baptisma
631 680 816 740 solum
830 679 1096 753 prodesse
1127 679 1222 739 cui
1244 681 1424 753 possit
1447 678 1619 740 etiam
1642 679 1878 754 spiritus
1901 685 2132 742 sanctus
2154 682 2373 741 inesse:
2404 699 2575 756 super

323 785 512 859 ipsum
541 782 694 842 enim
719 780 1020 842 Dominum
1056 799 1182 841 cum
1216 782 1599 855 baptizaretur
1639 782 1903 857 spiritum
1930 786 2187 843 sanctum
2204 785 2579 852 ‚descendisse

323 887 648 961 factumque
694 884 816 944 eius
863 885 1031 956 atque
1075 884 1288 944 dictum
1333 883 1550 958 pariter
1589 901 1899 960 congruere
1938 903 2040 946 nec
2067 887 2183 946 alia
2212 886 2333 946 ulla
2359 888 2579 948 ratione

323 988 657 1064 mysterium
699 987 854 1048 istud
893 1003 1061 1060 posse
1093 986 1423 1048 consistere:
1477 987 1568 1048 cui
1621 1005 1889 1062 responso
1936 1005 2098 1050 nemo
2140 993 2396 1050 nostrum
2440 991 2578 1052 adeo

273 1115 303 1152 s
323 1092 410 1151 ita
435 1091 668 1150 insanus
707 1089 990 1164 reperitur
1036 1092 1136 1148 aut
1183 1092 1480 1150 contumax
1519 1092 1585 1149 ut
1628 1090 1835 1151 audeat
1874 1094 2069 1150 contra
2108 1091 2199 1151 fas
2240 1095 2341 1160 aut
2381 1094 2579 1152 contra

320 1211 520 1254 uerum
569 1192 952 1252 contradicere
967 1236 983 1264 ,
1045 1191 1264 1252 scilicet
1309 1193 1478 1253 rebus
1520 1193 1763 1266 integris
1804 1197 1861 1253 et
1906 1193 2057 1253 omni
2086 1195 2249 1254 modo
2281 1193 2364 1253 ita
2392 1193 2453 1253 in
2484 1209 2577 1254 ec-

321 1296 500 1357 clesia
555 1295 826 1370 gerundis
867 1297 926 1354 et
977 1295 1284 1354 secundum
1339 1295 1675 1369 disciplinae
1730 1296 1984 1356 ordinem
2034 1298 2299 1370 perpetuo
2329 1315 2364 1357 a
2408 1297 2573 1358 nobis
2634 1339 2645 1351 .

322 1398 723 1460 obseruandi&
769 1397 871 1457 sed
909 1397 960 1456 si
991 1398 1050 1456 in
1093 1399 1288 1458 eodem
1331 1415 1475 1458 nouo
1510 1400 1852 1460 testamento
1896 1400 2039 1460 haec
2067 1415 2211 1473 quae
2242 1399 2303 1458 in
2330 1399 2443 1459 isto
2472 1417 2573 1460 ne-

323 1503 478 1578 gotio
509 1502 984 1576 deprehendimus
1013 1504 1265 1562 adunata
1307 1519 1723 1578 nonnumquam
1754 1504 2111 1578 reperiantur
2140 1504 2381 1576 quodam
2409 1504 2571 1563 modo

253 1631 311 1670 ιο
331 1605 519 1665 diuisa
561 1622 628 1664 ac
673 1608 938 1678 separata
975 1607 1034 1666 et
1073 1604 1308 1680 proinde
1350 1605 1629 1680 disposita
1670 1603 1843 1680 atque
1874 1607 1926 1666 si
1968 1608 2083 1666 sint
2112 1607 2357 1680 singula,
2411 1606 2572 1666 uide-

323 1725 486 1768 amus
513 1711 709 1768 utrum
738 1707 958 1782 possint
988 1724 1114 1768 esse
1149 1707 1455 1781 aliquando
1485 1709 1665 1767 etiam
1694 1709 2062 1783 singulariter
2092 1709 2373 1780 solitaria,
2412 1709 2576 1784 quasi

324 1828 439 1872 non
481 1811 600 1871 sint
641 1809 846 1871 mutila
889 1811 988 1870 sed
1030 1812 1322 1884 tamquam
1363 1811 1588 1885 integra
1630 1815 1799 1886 atque
1840 1812 2112 1886 perfecta.
2158 1830 2291 1872 nam
2318 1829 2445 1872 cum
2474 1828 2575 1887 per

322 1933 525 1975 manus
565 1913 982 1988 impositionem
1026 1914 1280 1988 episcopi
1322 1916 1490 1974 datur
1519 1915 1820 1990 unicuique
1866 1916 2117 1976 credenti
2146 1917 2383 1990 spiritus
2414 1933 2575 1976 sanc-

329 2019 444 2091 tus,
495 2017 642 2077 sicut
686 2018 930 2092 apostoli
973 2016 1122 2076 circa
1162 2015 1552 2078 Samaritanos
1597 2021 1728 2091 post
1758 2017 2013 2092 Philippi
2040 2019 2323 2092 baptisma
2352 2035 2579 2078 manum

251 2144 308 2184 ιτ.
330 2121 414 2180 eis
443 2120 774 2194 imponendo
804 2121 1084 2192 fecerunt,
1118 2121 1176 2178 et
1196 2119 1308 2179 hac
1329 2119 1550 2180 ratione
1581 2119 1848 2200 spiritum
1876 2123 2133 2180 sanctum
2160 2121 2223 2179 in
2252 2137 2347 2181 eos
2374 2124 2577 2180 contu-

321 2224 532 2297 lerunt,
592 2227 745 2298 quod
784 2228 848 2286 ut
891 2224 1016 2284 fieri
1063 2226 1260 2299 posset
1304 2223 1411 2298 ipsi
1464 2240 1566 2296 pro
1621 2224 1705 2283 eis
1758 2227 2082 2296 orauerunt,
2129 2224 2376 2284 nondum
2429 2224 2579 2284 enim

323 2346 495 2404 super
524 2345 859 2403 quemquam
890 2344 1082 2387 eorum
1115 2321 1489 2386 descenderat
1517 2326 1775 2400 spiritus,
1829 2329 2054 2386 tantum
2083 2330 2274 2386 autem
2300 2327 2579 2401 baptizati

321 2435 486 2494 erant
529 2433 590 2490 in
629 2431 852 2493 nomine
893 2430 1124 2490 Domini
1164 2430 1334 2490 Iesu:
1395 2429 1671 2490 Dominus
1715 2447 1936 2505 quoque
1979 2433 2172 2490 noster
2214 2434 2344 2505 post
2384 2447 2575 2490 resur-

321 2536 647 2608 rectionem,
676 2551 805 2595 cum
833 2531 1192 2594 insufflasset
1222 2537 1280 2595 et
1312 2534 1550 2595 dixisset
1585 2533 1859 2608 apostolis
1899 2533 2019 2594 suis
2064 2532 2387 2608 accipite
2428 2550 2509 2608 sp
2526 2533 2576 2593 i-

245 2642 540 2704 aoritum
584 2642 936 2711 sanctum,
987 2639 1072 2699 ita
1103 2639 1327 2698 demum
1361 2639 1613 2713 largitus
1646 2639 1731 2697 eis
1760 2637 2021 2711 spiritum
2051 2639 2327 2697 sanctum.

411 2744 550 2803 Cum
579 2745 662 2803 ita
690 2743 1005 2817 inuenitur,
1049 2740 1186 2817 quid
1220 2741 1357 2814 tibi,
1401 2742 1608 2813 frater,
1658 2740 1922 2800 uidetur?
1968 2740 2019 2799 si
2048 2740 2179 2813 quis
2206 2756 2319 2798 non
2346 2738 2421 2797 ab
2450 2736 2571 2811 epi·
2592 2734 2633 2793 4

321 2864 491 2921 scopo
519 2847 860 2920 baptizatae,
908 2846 992 2905 ita
1032 2848 1098 2906 ut
1144 2845 1194 2904 si
1243 2843 1304 2903 in
1345 2843 1661 2905 continenti
1702 2843 1873 2903 etiam
1902 2860 2103 2902 manus
2153 2840 2207 2902 ei
2236 2842 2575 2915 imponatur,

321 2950 652 3026 priusquam
696 2953 887 3009 tamen
927 2949 1172 3023 accipiat
1223 2948 1487 3023 spiritum
1531 2949 1792 3006 sanctum
1822 2946 1997 3005 fuerit
2026 2944 2343 3017 defunctus,
2385 2947 2579 3004 utrum

320 3070 554 3115 censeas
591 3052 860 3115 salutem·
881 3052 1214 3127 percepisse
1250 3067 1378 3111 eum
1419 3066 1625 3110 necne:
1658 3050 1923 3123 quoniam
1950 3049 2177 3123 quidem
2206 3049 2266 3107 et
2294 3047 2407 3122 ipsi
2435 3064 2573 3121 apo-

245 3177 303 3217 25
324 3155 462 3217 stoli
490 3161 550 3217 et
579 3156 862 3229 discipuli,
906 3156 1006 3228 qui
1047 3155 1220 3214 etiam
1265 3152 1410 3213 alios
1457 3152 1847 3226 baptizabant,
1893 3152 2008 3227 [qui
2050 3150 2241 3225 etiam]
2272 3168 2309 3209 a
2337 3150 2575 3211 Domino

317 3259 597 3335 baptizati
639 3276 752 3319 non
793 3257 991 3317 statim
1031 3256 1298 3332 spiritum
1349 3257 1610 3315 sanctum
1642 3254 1981 3329 acceperint,
2027 3253 2124 3328 qui
2156 3255 2403 3314 nondum
2433 3256 2574 3327 erat,

320 3363 460 3438 quia
498 3364 659 3423 Iesus
697 3361 945 3422 nondum
987 3359 1175 3419 fuerat
1221 3358 1590 3429 clarificatus,
1644 3358 1745 3416 sed
1786 3360 1915 3431 post
1956 3356 2425 3416 resurrectionem
2455 3357 2577 3415 eius

315 3482 424 3525 nec
465 3465 746 3525 modicum
789 3461 1154 3523 interuallum
1215 3461 1488 3536 temporis
1529 3478 1639 3534 quo
1682 3460 1742 3520 id
1782 3464 2008 3534 gestum
2048 3462 2137 3519 est
2190 3459 2577 3519 intercesserit

316 3568 488 3629 sicuti
513 3570 572 3629 et
601 3584 728 3627 cum
772 3566 1049 3641 baptizati
1090 3568 1226 3625 sunt
1259 3581 1296 3623 a
1327 3564 1595 3638 Philippo
1640 3562 2004 3635 Samaritani,
2046 3564 2225 3625 donec
2264 3563 2575 3623 Samariam

241 3696 298 3735 so
313 3671 502 3745 rogati
541 3671 614 3730 ab
655 3670 1014 3730 Hierusalem
1056 3667 1306 3743 apostoli
1351 3667 1762 3727 descenderent
1812 3665 1886 3725 ad
1914 3665 2065 3738 illos,
2114 3668 2178 3725 ut
2222 3665 2305 3725 eis
2348 3648 2573 3726 manum

315 3774 668 3848 imponerent
697 3776 755 3833 et
783 3772 1047 3846 spiritum
1087 3772 1346 3831 sanctum
1392 3785 1494 3843 per
1540 3786 1742 3828 manus
1772 3768 2189 3843 impositionem
2215 3768 2277 3825 in
2307 3785 2403 3828 eos
2435 3784 2571 3827 con-

461 3940 526 3995 19
560 3940 636 3995 Io.
674 3939 759 4004 20,
795 3938 879 3993 22.

455 4100 486 4153 7
523 4098 764 4169 gerendis
803 4096 932 4169 Εἰς.
1113 4097 1148 4151 9
1182 4112 1288 4151 non
1324 4110 1423 4151 om.
1461 4094 1583 4165 1329.
1767 4094 1835 4147 14
1868 4092 1943 4146 sic
1977 4095 2033 4146 et
2063 4090 2101 4159 s
2095 4098 2195 4147 ort.
2385 4092 2449 4146 17
2486 4091 2575 4146 de-

315 4185 597 4241 scenderat
631 4184 924 4257 Equitius,
959 4184 1235 4239 deciderat
1269 4182 1540 4239 Baluziue
1788 4178 1854 4233 19
1891 4178 2141 4257 spiritum
2175 4180 2420 4233 sanctum
2455 4194 2575 4233 cum

271 4322 280 4331 .
315 4274 394 4329 ita
423 4272 696 4327 inuenitur
730 4286 848 4327 mm
881 4270 1175 4341 distin-quit
1211 4268 1491 4323 Baluzius
1675 4264 1744 4319 23
1779 4265 2037 4335 acciperet
2069 4264 2190 4335 Εἰς.
2374 4264 2444 4318 25
2479 4263 2573 4333 qui

311 4357 485 4413 efiam
517 4358 724 4413 inclusi
947 4356 1015 4411 26
1049 4355 1164 4410 sint
1197 4353 1464 4425 baptizati
1499 4351 1774 4407 Bazuzius
1996 4350 2135 4419 erat]
2172 4350 2242 4417 cf.
2278 4366 2398 4419 cap.
2435 4354 2506 4405 14.

313 4444 392 4500 29
428 4447 554 4499 sunt
588 4460 686 4498 om.
726 4444 850 4514 Εἰς.
