3217 5150
687 538 766 602 18
1632 537 1997 605 Appendix.

683 695 826 754 itum
871 695 1062 754 carnis
1105 695 1203 767 qui
1251 695 1574 767 proculcato
1624 695 1742 764 iure
1784 696 2094 770 pudicitiae
2126 696 2270 756 uitia
2300 697 2489 756 carnis
2518 699 2760 756 exercet.
2808 697 2950 756 hinc

683 799 882 857 merito
935 815 1170 871 regnum
1219 797 1498 856 caelorum
1550 816 1664 858 non
1715 802 1910 858 tenent
1960 799 2226 870 adulteri,
2279 799 2413 858 hinc
2461 803 2550 858 6611
2598 801 2751 874 quod
2779 817 2949 858 omne

681 903 974 976 peccatum
1019 905 1178 960 extra
1221 919 1422 975 corpus
1465 903 1604 962 dicit
1645 918 1771 962 6666
1785 947 1800 974 ,
1844 904 2026 962 60111111
2072 904 2391 963 adulterum
2422 921 2653 978 peccare
2684 904 2745 962 in
2776 921 2949 962 suum

683 1022 920 1078 corpus:
968 1005 1100 1064 hinc
1145 1009 1365 1064 ceterae
1411 1009 1841 1078 praeceptorum
1889 1004 2261 1064 auctoritates
2310 1023 2453 1080 quas
2499 1023 2648 1065 nunc
2690 1005 2945 1066 recolere
3020 1051 3033 1062 .

684 1126 876 1167 omnes
907 1126 1018 1167 non
1049 1111 1135 1168 est
1165 1125 1397 1168 necesse
1429 1111 1578 1182 apud
1609 1127 1711 1168 uos
1741 1110 2077 1182 praesertim
2109 1109 2208 1182 qui
2238 1110 2369 1168 illas
2402 1109 2583 1168 nostis
2613 1109 2947 1182 frequenter
2968 1125 2995 1166 5

681 1215 740 1272 et
791 1213 1000 1286 facitiS,
1052 1230 1194 1286 quae
1247 1213 1382 1272 licet
1433 1212 1719 1284 descripta
1761 1229 1871 1270 non
1916 1212 2053 1284 sint,
2107 1212 2332 1286 queruli
2360 1215 2549 1273 tamen
2581 1214 2649 1270 de
2680 1211 2799 1270 illis
2829 1229 2947 1270 non

682 1315 923 1388 potestis
953 1332 1094 1376 6666.
1127 1317 1350 1375 adulter
1379 1315 1530 1374 enim
1558 1333 1671 1374 non
1702 1316 1875 1374 habet
1904 1316 2328 1375 excusationem
2358 1320 2457 1375 aut
2486 1317 2698 1375 habere
2728 1315 2944 1388 potuit,

683 1419 817 1491 quia
846 1419 1048 1478 ducere
1079 1419 1292 1479 licebat
1321 1436 1566 1480 uxorem.

624 1518 660 1575 7
767 1523 877 1580 Sed
915 1523 1065 1581 sicut
1111 1506 1386 1581 mat‘ronis
1431 1523 1558 1584 iura
1599 1522 1953 1596 praescripta
1992 1524 2129 1580 sunt
2168 1538 2312 1596 quae
2358 1523 2441 1580 ita
2470 1525 2605 1580 sunt
2634 1539 2830 1597 nexae,
2879 1523 2944 1579 ut

677 1625 876 1685 diuelli
907 1625 1037 1684 inde
1069 1643 1179 1683 non
1208 1625 1451 1699 possint,
1483 1625 1791 1698 uirginitas
1822 1642 1956 1684 uero
1988 1627 2046 1684 et
2076 1625 2429 1684 continentia
2474 1627 2632 1684 extra
2661 1641 2823 1682 omne
2848 1624 2941 1682 1116
2962 1642 3015 1682 10

681 1731 845 1786 sunt:
894 1729 1039 1788 nihil
1071 1729 1146 1786 ad
1173 1728 1562 1802 uirginitatem
1593 1729 1663 1787 de
1691 1729 2177 1788 matrimoniorum
2222 1728 2449 1801 legibus
2490 1728 2758 1800 pertinet,
2805 1727 2943 1785 alti-

680 1830 878 1890 tudine
909 1849 1014 1890 sua
1041 1832 1394 1890 transcendit
1423 1848 1639 1902 omneS,
1678 1863 1709 1894 ,ι
1736 1861 1765 1896 *
1788 1863 1818 1895 ,ι
1850 1832 1901 1890 61
1930 1831 2051 1890 ulla
2078 1849 2256 1904 praua
2296 1831 2585 1890 hominum
2616 1831 2773 1904 leges
2802 1848 2945 1888 ausa

680 1935 1014 2008 supergredi
1065 1937 1360 1994 conantur.
1411 1935 1719 2008 uirginitas
1770 1937 1981 2007 aequat
2040 1950 2100 1994 se
2127 1933 2405 2010 angelis:
2456 1935 2505 1992 si
2557 1951 2690 1993 uero
2744 1934 2944 2008 exqui-

683 2054 896 2109 ramus»,
951 2037 1124 2098 etiam
1171 2039 1412 2109 excedit,
1467 2039 1599 2097 dum
1642 2039 1704 2096 in
1748 2053 1917 2096 carne
1965 2039 2183 2096 luctata
2211 2037 2511 2096 uictoriam
2542 2037 2715 2096 etiam
2745 2040 2945 2096 contra
3026 2093 3039 2105 ,

683 2143 942 2200 naturam
993 2142 1170 2200 refert
1221 2159 1392 2214 quam
1444 2159 1562 2200 non
1609 2142 1826 2200 habent
1877 2141 2086 2214 angeli.
2134 2140 2439 2214 uirginitas
2482 2142 2619 2212 quid
2664 2139 2821 2198 aliud
2851 2143 2942 2198 est
2965 2157 3013 2194 15

687 2259 854 2316 quam
897 2245 1124 2303 futurae
1167 2244 1320 2302 uitae
1362 2245 1611 2317 gloriosa
1652 2244 1984 2303 meditatio?
2033 2244 2339 2316 uirginitas
2383 2244 2574 2303 neutri
2619 2245 2709 2301 est
2750 2260 2941 2316 saxna,

687 2347 990 2420 uirginitas
1035 2351 1126 2406 est
1165 2364 1536 2420 perseuerans
1579 2347 1843 2419 infantia,
1891 2347 2196 2421 uirginitas
2228 2351 2319 2406 est
2347 2347 2703 2421 uoluptatum
2736 2346 2943 2404 trium-

682 2451 850 2523 phus,
883 2449 1190 2523 uirginitas
1221 2451 1370 2510 filios
1401 2469 1512 2510 non
1542 2452 1734 2523 habet,
1768 2453 1867 2510 sed
1898 2454 2049 2524 quod
2078 2452 2207 2524 plus
2240 2453 2327 2509 est
2358 2451 2601 2510 filiorum
2645 2447 2943 2523 contemp-

681 2558 804 2614 tum
844 2555 1036 2628 habet,
1079 2572 1192 2615 non
1237 2555 1412 2615 habet
1463 2555 1877 2615 fecunditatem
1921 2556 2021 2615 sed
2066 2571 2179 2615 non
2221 2554 2395 2613 habet
2437 2554 2760 2626 orbitatem,
2804 2553 2948 2613 felix

683 2659 832 2731 quod
863 2661 951 2717 est
981 2662 1142 2717 extra
1171 2663 1372 2732 partus
1414 2659 1663 2719 dolorem
1702 2659 1923 2719 felicior
1953 2662 2043 2717 est
2086 2660 2273 2717 autem
2306 2660 2467 2716 extra
2496 2658 2761 2717 funerum
2788 2656 2944 2716 filio-
2968 2674 3020 2715 20

681 2780 806 2820 rum
859 2762 1262 2821 calamitatem.
1317 2762 1625 2835 uirginitas
1678 2763 1814 2836 quid
1864 2762 2023 2821 aliud
2074 2765 2166 2821 est
2206 2779 2375 2836 quam
2418 2762 2607 2821 soluta
2656 2760 2944 2819 libertas?

823 3001 852 3053 1
888 2999 1069 3067 procul
1108 3000 1382 3053 conculcat
1417 3016 1506 3052 eos
1545 3000 1595 3052 Z
1819 2999 2037 3067 exercet]
2074 2998 2247 3051 nescit
2284 2998 2334 3050 Z
2556 2998 2590 3049 2
2628 3013 2792 3065 regna
2828 2998 2883 3050 Z

683 3084 824 3151 quod
859 3102 958 3137 om.
997 3103 1028 3139 v
1189 3086 1223 3139 3
1258 3086 1392 3139 dicit
1426 3103 1527 3141 om.
1565 3086 1657 3140 Kv
1814 3084 2138 3139 adulterium
2176 3085 2239 3137 K
2386 3084 2422 3137 4
2456 3083 2810 3152 praeceptoris
2846 3099 2878 3136 v

683 3171 1056 3223 auctoritatem
1094 3173 1146 3224 Z
1374 3187 1506 3239 quas
1543 3188 1642 3225 om.
1682 3168 1737 3224 Ζ
1962 3172 2128 3224 colere
2164 3172 2213 3223 Z
2431 3172 2467 3227 5
2503 3168 2815 3237 praesertim
2855 3169 2951 3235 qui

683 3255 828 3325 illas]
865 3258 1278 3325 praeferuntque
1314 3259 1439 3312 illas
1478 3276 1577 3327 que
1614 3260 1781 3312 nescis
1818 3258 1905 3311 uel
1942 3274 2072 3327 quas
2110 3258 2161 3310 Z
2400 3260 2456 3309 et
2492 3258 2792 3323 frequenter
2828 3254 2881 3307 Z

683 3342 718 3395 6
753 3343 1037 3413 descripta]
1076 3344 1318 3398 districte
1356 3346 1408 3398 Z
1626 3362 1733 3398 non
1769 3361 1867 3398 om.
1906 3345 2019 3397 KZ
2221 3346 2349 3397 sunt
2384 3344 2437 3396 Z
2653 3342 2954 3409 quaerellae

682 3430 723 3481 t.
763 3430 839 3493 K,
874 3431 1046 3484 relata
1081 3433 1258 3484 mente
1292 3431 1348 3485 Z
1565 3432 1596 3483 7
1634 3431 1865 3504 adulteri
1900 3432 1952 3484 Z
2172 3431 2314 3485 enim
2350 3446 2449 3483 om.
2492 3432 2541 3485 Z
2761 3428 2949 3497 habet]

685 3513 866 3568 obesse
902 3517 956 3569 Z
1124 3516 1244 3585 quis
1281 3521 1378 3570 aut
1413 3517 1635 3571 haberet
1670 3519 1736 3582 Z,
1772 3522 1869 3571 aut
1904 3518 2065 3571 habet
2102 3521 2198 3571 aut
2232 3518 2425 3571 habere
2462 3517 2524 3571 K
2692 3518 2725 3569 8
2761 3516 2952 3569 ducere

685 3617 787 3655 om.
825 3604 890 3665 Z,
924 3603 1053 3656 add.
1089 3603 1152 3655 in
1184 3620 1359 3672 marq.
1397 3604 1463 3657 K
1658 3606 1691 3658 9
1728 3606 1819 3659 sed
1855 3620 1953 3659 om.
1994 3605 2047 3657 Z
2224 3604 2589 3657 matrimoniis
2624 3604 2674 3657 Z
2869 3601 2955 3655 ita

685 3690 812 3741 sunt
845 3704 941 3742 nec
978 3704 1034 3770 66
1068 3688 1142 3753 Κ,
1180 3690 1255 3742 616
1289 3706 1396 3743 11011
1432 3692 1558 3743 sunt
1592 3690 1699 3744 fixa
1734 3692 1785 3745 Z
2026 3692 2094 3743 10
2127 3690 2253 3743 inde
2288 3708 2386 3743 om.
2426 3690 2478 3743 Z
2703 3688 2805 3741 ,Sit
2839 3688 2952 3742 uir-

685 3775 892 3844 ginitas
929 3776 980 3827 Z
1205 3792 1328 3829 uero
1364 3793 1463 3830 om.
1503 3778 1551 3830 Z
1784 3778 1847 3831 11
1876 3777 2149 3845 pertinent
2174 3778 2229 3829 Z
2455 3777 2520 3829 12
2556 3775 2755 3843 omnes]
2796 3790 2955 3841 super

686 3862 957 3915 hominem
994 3863 1048 3915 Z
1250 3863 1298 3915 61
1333 3864 1465 3933 ulla]
1503 3865 1621 3918 alta
1656 3866 1709 3918 Z
1924 3880 2092 3933 praua
2127 3864 2181 3917 h.
2218 3864 2364 3931 leges
2400 3878 2501 3915 om.
2539 3863 2591 3915 Z
2800 3859 2952 3929 ausa]

685 3962 816 4000 uasa
851 3948 906 3999 Z
1073 3948 1139 4005 13
1175 3950 1483 4018 supergredi
1517 3951 1579 4002 K
1589 3968 1633 4005 8.
1654 3950 1687 4003 l.
1711 3968 1777 4004 m.
1797 3954 1848 4017 2,
1884 3966 1984 4004 om.
2022 3951 2075 4003 Z
2245 3949 2519 4018 conantur]
2558 3948 2799 4001 coronari
2834 3947 2887 3999 Z

687 4041 880 4100 aequat
913 4034 986 4103 se]
1027 4051 1247 4102 equasse
1282 4037 1334 4089 Z
1514 4038 1849 4105 requiramus
1874 4038 1926 4093 Z
2098 4037 2165 4090 14
2198 4034 2395 4090 excidit
2419 4035 2485 4089 K
2494 4036 2522 4099 ¹,
2558 4032 2799 4087 extendit
2834 4034 2889 4086 Z

689 4118 756 4171 15
791 4119 984 4173 referto
1019 4122 1072 4173 Z
1409 4126 1495 4176 est
1529 4124 1680 4177 aliud
1716 4125 1768 4177 Z
2099 4123 2166 4177 16
2200 4124 2387 4176 neuter
2420 4124 2505 4175 est
2539 4136 2690 4175 sexus
2715 4119 2791 4183 K,
2825 4134 2953 4173 uen-

686 4205 800 4257 tere
835 4222 989 4260 61111111
1026 4223 1213 4261 semus
1249 4210 1315 4273 Z,
1349 4211 1530 4263 neutri
1567 4226 1719 4264 sexus
1754 4214 1837 4263 est
1870 4226 1903 4264 v
2156 4208 2220 4261 17
2258 4210 2341 4261 6611
2376 4207 2667 4276 uirginitas
2702 4192 2955 4260 uolutum

687 4291 979 4361 triumplus
1017 4296 1069 4347 Z
1225 4297 1292 4349 18
1325 4297 1410 4349 est
1444 4295 1734 4365 uirginitas
1771 4296 1873 4349 61161
1906 4296 1957 4349 Ζ
2012 4358 2015 4361 ,
2097 4296 2179 4347 est
2217 4310 2320 4347 om.
2356 4296 2408 4347 Z
2543 4294 2800 4345 contentu
2836 4292 2888 4344 Z

690 4378 756 4431 19
791 4378 884 4433 sed
917 4381 1041 4449 non]
1079 4380 1170 4435 sed
1205 4382 1260 4435 Z
1392 4382 1463 4435 20
1498 4385 1580 4436 est
1616 4384 1797 4436 autem
1832 4398 1933 4437 om.
1974 4381 2037 4447 Z,
2075 4384 2255 4435 autem
2292 4380 2435 4450 quod
2470 4382 2553 4433 6611
2586 4394 2619 4431 v
2767 4378 2834 4431 21
2872 4378 2959 4430 est

690 4464 840 4519 aliud
873 4484 908 4521 v
1113 4468 1310 4537 soluta]
1351 4469 1464 4522 sola
1500 4470 1552 4522 Z
