3217 5150
752 587 1027 633 LXXVIII

743 721 1096 806 yularitate
1140 720 1519 798 clericorum,
1560 719 1660 785 De
1701 719 2142 785 cardinalibus
2181 719 2465 801 operibus
2507 719 2780 796 Christi,
2833 723 2884 800 †
2931 721 3039 784 Aa

758 833 1021 914 Moysen
1059 836 1116 896 et
1159 831 1525 896 Maximum
1564 836 1622 895 et
1663 836 1883 895 ceteros
1933 833 2301 914 confessores
2341 831 2416 895 cle
2461 831 2649 898 laude
2689 835 3030 914 'nar-tyrii,

754 943 854 1012 Dc
893 945 1244 1026 disciplina
1284 948 1338 1008 ct
1378 944 1529 1008 bono
1572 943 1939 1024 pudicitiae,
1986 943 2096 1008 Aa
2139 943 2584 1008 Nouatianum
2633 931 3028 1011 haeretic-nm

752 1057 917 1140 quod
959 1055 1162 1138 lapsis
1205 1076 1342 1138 spes
1386 1056 1608 1120 ucuiac
1653 1075 1782 1120 non
1821 1059 1910 1120 est
1949 1055 2342 1138 ᾶεηεραηᾱα,
2395 1053 2733 1120 Orationes
2765 1055 2819 1120 I
2837 1061 2902 1119 et
2935 1057 3034 1120 II.

758 1169 971 1236 Sermo
994 1169 1346 1253 Augustini
1367 1168 1441 1232 dc
1464 1167 1526 1234 S.
1556 1167 1882 1250 Cypriam
1911 1171 2201 1249 martyre.
2233 1187 2304 1232 ea
2332 1187 2488 1250 quae
2518 1168 2697 1252 signo
2729 1169 2779 1250 †
2809 1169 3032 1233 notaui

756 1281 821 1346 in
866 1281 982 1346 hac
1034 1281 1305 1345 editione
1356 1298 1515 1344 noua
1565 1279 1730 1345 sunt.
1785 1279 2085 1363 epistulas
2133 1278 2233 1344 73.
2280 1277 2380 1344 74.
2415 1279 2494 1344 71
2545 1280 2609 1344 et
2657 1277 3034 1345 sententias

754 1392 1179 1473 episcoporum
1208 1393 1501 1456 Erasmus
1534 1411 1603 1456 ex
1650 1391 1856 1456 codice
1886 1389 2233 1456 Corbeiensi
2267 1388 2368 1476 (C)
2402 1389 2649 1474 adiecit,
2697 1391 2768 1455 in
2803 1403 2936 1473 quo
2967 1411 3036 1456 ea

758 1503 1277 1585 deprauatissima
1306 1505 1451 1568 sunt
1480 1505 1543 1568 et
1574 1502 1794 1568 multis
1823 1502 2064 1568 lacunis
2094 1501 2341 1586 referta,
2385 1503 2476 1566 ita
2505 1504 2579 1567 ut
2609 1503 2685 1566 de
2715 1503 2824 1568 his
2857 1503 3032 1568 idem

760 1617 971 1681 ualeat
1023 1615 1183 1698 quod
1238 1616 1313 1680 de
1365 1614 1632 1679 editione
1687 1613 1960 1678 Romana
2009 1615 2306 1679 Erasmus
2359 1613 2518 1678 dixit
2571 1632 2636 1678 se
2689 1613 2812 1678 illa
2867 1615 3036 1680 nihil

758 1729 994 1793 uidisse
1028 1725 1441 1810 deprauatius.
1472 1725 1758 1792 libellum
1790 1725 1863 1789 dc
1887 1724 2073 1790 laude
2103 1725 2400 1807 onartyrii
2425 1745 2497 1790 ex
2522 1726 2731 1790 codice
2763 1727 3038 1792 alterius

762 1838 1042 1904 familiae
1084 1837 1482 1922 deprompsit,
1528 1838 1732 1920 quiin
1763 1837 2140 1902 bibliotheca
2169 1835 2604 1902 Gemblacensi
2653 1841 3038 1904 assemaba—

761 1953 887 2016 tur.
934 1951 1135 2016 eidem
1180 1951 1435 2015 fortasse
1481 1950 1716 2014 librum
1758 1949 2016 2014 tertium
2047 1948 2156 2012 Ad
2191 1947 2534 2024 Quirinum
2582 1949 2798 2014 deberi
2845 1969 3040 2034 supra

762 2063 921 2128 dixi:
964 2064 1207 2146 poterat
1249 2064 1311 2127 et
1344 2063 1547 2144 ipsum
1591 2080 1663 2126 ex
1691 2061 1958 2126 editione
1989 2061 2423 2126 Dauentriensi
2473 2061 2743 2140 haurire,
2799 2083 2874 2128 ex
2911 2083 3034 2146 quo

765 2173 1003 2257 reliqua
1044 2193 1223 2256 opera
1253 2175 1463 2258 spuria
1492 2193 1648 2256 quae
1679 2173 1867 2238 editio
1898 2173 2174 2238 Romana
2205 2191 2322 2237 non
2351 2173 2618 2238 habebat
2649 2175 3034 2258 deprompta

764 2288 927 2351 sunt.
975 2286 1199 2369 quibus
1244 2285 1554 2351 codicibus
1595 2284 1662 2351 in
1703 2283 2081 2350 emendando
2125 2286 2302 2350 textu
2350 2304 2498 2350 usus
2549 2284 2655 2364 sit,
2712 2305 3034 2370 nusquam

764 2399 937 2463 dicit.
991 2398 1143 2480 quin
1195 2416 1338 2463 uero
1383 2398 1655 2463 codicem
1697 2395 2121 2462 Corbeiensem
2155 2397 2258 2482 (C)
2306 2397 2371 2462 in
2411 2397 2834 2481 epistularum
2885 2403 3032 2465 crisi

766 2510 1119 2577 adhibuerit
1160 2509 1433 2576 dubitari
1474 2509 1708 2591 nequit.
1754 2507 1940 2573 huius
1982 2526 2094 2592 ope
2138 2509 2450 2592 permulta
2478 2509 2704 2574 menda
2733 2512 3028 2580 sustulit,

765 2625 1019 2689 lacunas
1072 2622 1404 2706 suppleuit,
1460 2622 1650 2685 etiam
1702 2620 2206 2703 interpolationes
2261 2621 2647 2704 exstirpauit.
2711 2622 2824 2687 sed
2879 2642 3026 2688 cum

767 2736 1027 2801 alteram
1076 2734 1207 2799 eius
1254 2752 1509 2798 manum
1556 2733 1735 2798 anxie
1780 2736 2082 2815 premeret
2128 2752 2316 2815 quam
2365 2732 2848 2799 audacissimam
2895 2756 3028 2801 esse

766 2847 965 2925 docui,
1012 2846 1144 2912 fieri
1190 2864 1309 2911 non
1354 2846 1558 2929 potuit
1606 2845 1755 2927 quin
1797 2844 1898 2909 hic
1943 2844 2074 2909 illic
2113 2845 2309 2930 'uerba
2349 2844 2554 2929 magis
2598 2853 3026 2930 corrumperet

766 2978 951 3042 quam
994 2959 1366 3023 emendaret.
1420 2978 1563 3022 eum
1606 2958 1814 3022 autem
1859 2957 1924 3020 in
1967 2956 2249 3037 epistulis
2289 2956 2454 3019 hunc
2496 2956 2770 3021 codicem
2815 2960 3023 3022 solum

686 3082 711 3127 θ
766 3070 1119 3135 adhibuisse
1151 3071 1448 3152 probatur
1472 3089 1538 3134 eo
1565 3069 1725 3151 quod
1757 3068 2057 3151 epistulas
2089 3087 2244 3150 quae
2267 3068 2512 3147 nonnisi
2539 3068 2804 3133 alterius
2831 3068 3026 3134 fami-

766 3182 889 3247 liae
931 3182 1109 3247 libris
1151 3182 1539 3246 continentur
1580 3181 1708 3245 fere
1748 3181 2014 3246 intactas
2045 3182 2316 3263 reliquit.
2367 3181 2698 3245 meliorum
2729 3183 3024 3247 codicum

766 3292 1190 3358 adhibitorum
1242 3292 1469 3357 indicia
1523 3312 1634 3357 nec
1685 3293 1750 3356 in
1799 3292 2082 3373 epistulis
2105 3359 2109 3363 ,
2135 3310 2245 3356 nec
2298 3292 2362 3356 in
2405 3291 2642 3357 libellis
2695 3304 3026 3375 apparent.

764 3406 1157 3470 Erasmianas
1188 3404 1486 3469 editiones
1516 3404 1874 3486 saepissime
1898 3404 2191 3486 repetitas
2215 3423 2572 3469 enumerare
2595 3423 2716 3469 non
2741 3424 3028 3487 possum.

766 3538 877 3584 nec
919 3518 973 3583 si
1015 3519 1243 3601 possim
1285 3517 1494 3582 uelim.
1544 3517 1816 3581 multum
1860 3516 2065 3582 hercle
2107 3517 2271 3581 inter
2311 3536 2374 3581 se
2403 3535 2525 3581 non
2567 3516 2869 3583 differunt
2917 3540 3030 3583 nec

765 3649 1065 3695 nouorum
1096 3631 1375 3695 codicum
1408 3627 1686 3693 subsidia
1716 3628 2193 3710 conspiciuntur,
2227 3629 2511 3710 quamuis
2540 3645 2769 3693 nouam
2795 3649 3028 3711 quam-

766 3762 883 3825 que
940 3742 1307 3825 bibliopolae
1356 3740 1692 3805 maioribus
1745 3740 2034 3805 laudibus
2087 3740 2342 3807 efferant
2393 3741 2457 3803 et
2508 3734 2600 3804 ‘ex
2651 3742 3027 3807 uetustissi-

522 3873 668 3915 aaaio
766 3872 1009 3919 morum
1053 3854 1331 3919 codicum
1375 3852 1702 3918 collatione
1745 3840 2252 3936 repurgatiorem'
2297 3850 2526 3916 dicant.
2573 3851 2728 3915 duae
2763 3854 3029 3918 tantum

470 3943 723 4057 ²{”1¹}},2¹³⁸
768 3966 991 4051 dignae
1035 3967 1178 4031 sunt
1220 3985 1373 4048 quae
1402 3965 1813 4047 nominentur,
1859 3963 1994 4028 dico
2026 3982 2158 4027 eam
2191 3982 2344 4055 quae
2374 3982 2426 4027 a.
2465 3964 2632 4029 1530
2660 3983 2732 4028 ex
2763 3964 3028 4031 officina

766 4078 1149 4144 Frobeniana
1207 4078 1454 4160 prodiit,
1517 4078 1582 4141 in
1643 4094 1763 4159 qua
1821 4076 1898 4141 ad
1953 4074 2244 4161 Cypriani
2305 4093 2484 4159 opera
2543 4076 2803 4141 accessit
2866 4077 3034 4143 liber

766 4191 1056 4272 apprime
1073 4190 1231 4270 pius
1259 4188 1345 4253 acl
1370 4188 1792 4253 Damnatum
1823 4186 1896 4249 dc
1925 4186 2168 4267 duplici
2203 4186 2524 4268 Martyrio
2553 4188 2820 4252 anoehac
2853 4211 3033 4253 mm-

467 4310 724 4421 1:233„
768 4324 957 4385 quam
1000 4320 1274 4367 excusus
1325 4301 1521 4366 altera
1566 4300 1662 4363 est
1705 4298 2080 4365 Coloniensis
2127 4298 2192 4363 in
2241 4298 2488 4364 officina
2529 4298 2702 4363 Petri
2745 4298 3030 4380 Quentel

508 4459 550 4491 ⁸,
572 4449 691 4492 1544,
769 4435 823 4481 a.
872 4415 1037 4481 1544
1088 4414 1418 4495 impressa:
1470 4410 1552 4476 D.
1590 4410 1656 4476 C.
1705 4410 2020 4492 Cypriani
2071 4411 2374 4474 uniuersa
2419 4430 2578 4491 quac
2621 4410 2872 4491 quidem
2923 4436 3032 4479 ca·-

768 4531 934 4591 stare
963 4527 1252 4592 sciuntur
1282 4544 1469 4607 opera
1495 4524 1627 4588 iam
1657 4523 1994 4587 nouissime
2023 4542 2097 4588 ex
2129 4522 2537 4605 castiqatiouc
2565 4518 2714 4587 Des,
2746 4520 3036 4589 Erasini
