3217 5150
823 526 914 589 De
955 533 1469 604 singularitate
1501 532 1905 587 clericorum
1953 548 1995 586 o.
2035 531 2256 586 11—13.
2542 536 2661 601 187
2745 544 2751 549 '

409 695 770 755 sustinentes
799 692 1143 768 procellosos
1171 693 1464 765 incursus,
1507 694 1701 753 tamen
1729 693 1781 751 si
1822 691 1996 753 alicui
2036 694 2201 755 tanta
2229 689 2437 751 fiducia
2464 694 2555 751 est
2584 690 2653 751 de

406 796 810 857 immobilitate
837 795 1100 870 propriae
1129 794 1422 855 firmitatis
1439 840 1454 867 ,
1487 793 1684 855 saltim
1714 793 1999 855 sollicitus
2028 793 2357 854 reformidet
2371 837 2388 866 ,
2432 810 2505 854 ne
2533 794 2657 869 ipse

407 902 490 959 sit
515 900 852 961 scandalum
879 899 1102 959 nisibus
1152 898 1356 960 alienis
1393 900 1458 959 et
1484 900 1769 959 terreatur
1797 912 1935 957 uoce
1964 896 2193 957 Domini
2220 896 2651 957 comminantis:

397 1020 562 1078 uae,
605 1004 830 1079 inquit,
875 1004 1048 1064 huic
1090 986 1350 1064 m'undo
1393 1004 1480 1063 ab
1523 1002 1937 1064 scandalis:
1982 1003 2481 1063 uerumtamen
2522 1018 2653 1063 uae

353 1106 678 1168 shomini
740 1106 868 1167 illi
931 1122 1062 1180 per
1125 1123 1334 1181 quem
1377 1106 1815 1167 scandalum
1858 1106 2081 1167 uenit.
2149 1105 2201 1165 si
2257 1106 2365 1165 has
2420 1105 2651 1165 Domini

393 1210 862 1272 comminationes
913 1209 1183 1285 religioso
1233 1212 1400 1271 corde
1426 1211 1737 1271 metuimus
1766 1212 1827 1269 et
1852 1225 2176 1269 teneremur
2190 1252 2207 1281 ,
2250 1208 2381 1283 plus
2416 1208 2489 1269 do
2517 1208 2651 1269 aliis

393 1328 568 1387 quam
593 1314 662 1375 de
693 1314 862 1375 nobis
891 1314 1326 1375 extimescamus
1353 1314 1669 1389 periculum
1696 1315 1958 1375 nostrum
1974 1356 1991 1388 ‚
2031 1311 2137 1386 qui
2164 1311 2381 1373 mutuis
2406 1313 2485 1373 ab
2506 1330 2648 1387 apo-

389 1416 542 1477 stolo
572 1416 752 1477 Paulo
779 1417 1134 1477 utilitatibus
1162 1416 1502 1492 obligamur.
1563 1434 1701 1477 non
1757 1432 1937 1492 quae
1996 1432 2125 1475 sua
2164 1418 2371 1488 sunt,
2412 1414 2649 1490 inquit,

395 1520 685 1594 singuli
729 1521 1197 1595 cogitantes,
1241 1520 1366 1581 sed
1407 1520 1751 1582 aliorum.
1816 1524 1876 1581 et
1918 1520 2159 1583 iterum:
2218 1535 2420 1581 nemo
2462 1520 2655 1593 quod

315 1640 600 1685 1osuum
645 1622 764 1685 est
805 1627 1118 1701 quaerat
1159 1625 1287 1685 sed
1329 1623 1514 1699 quod
1555 1624 1903 1685 alterius.

487 1728 598 1787 Sed
626 1728 838 1802 aliquis
865 1728 1148 1803 arripiens
1177 1729 1248 1787 de
1275 1728 1401 1803 ipso
1431 1726 1613 1787 Paulo
1644 1728 1794 1801 quod
1822 1730 2088 1802 opponat,
2124 1726 2648 1801 unusquisque,
2674 1726 2753 1784 12

395 1830 615 1905 inquit,
677 1833 1023 1892 nostrum
1079 1848 1204 1907 pro
1247 1848 1322 1891 se
1363 1830 1735 1892 rationem
1802 1832 2058 1893 reddet
2114 1831 2261 1891 Deo
2318 1833 2389 1891 et
2430 1846 2648 1891 unus-

391 1933 714 2009 quisque
759 1951 955 1995 suam
998 1934 1364 1995 sarcinam
1417 1936 1777 2009 portabit.
1850 1935 1953 2009 qui
2009 1952 2123 1995 non
2176 1934 2305 1995 uult
2361 1951 2496 2009 ergo
2548 1950 2651 2009 pro

399 2037 584 2099 altero
625 2038 863 2099 reddere
892 2037 1204 2111 rationem,
1248 2054 1354 2099 nec
1382 2038 1572 2099 causis
1601 2038 1727 2099 eius
1756 2042 1857 2099 aut
1896 2037 2143 2113 negotiis
2170 2038 2339 2099 debet
2364 2037 2651 2113 particeps

317 2158 372 2198 ιε
391 2139 654 2200 inlicitus
697 2141 1005 2215 interesse,
1068 2143 1128 2201 et
1181 2140 1281 2215 qui
1329 2142 1478 2201 liber
1529 2141 1623 2202 uel
1664 2141 1915 2201 inmunis
1954 2142 2107 2203 cirea
2148 2141 2401 2203 sarcinas
2430 2140 2645 2201 alienas

390 2244 624 2304 conatur
651 2243 891 2304 existere
907 2288 922 2317 ,
984 2243 1132 2303 nihil
1161 2245 1410 2305 alienum
1439 2246 1725 2305 contraria
1764 2244 2091 2305 condicione
2130 2246 2327 2305 teneat
2366 2243 2521 2303 infra
2560 2259 2641 2303 se.

387 2362 524 2405 nam
550 2362 782 2408 necesse
811 2349 906 2407 est
931 2347 1144 2407 rationi
1169 2348 1410 2409 alterius
1467 2348 1785 2409 subiciatur
1834 2348 1935 2423 qui
1962 2348 2253 2421 negotium
2304 2344 2643 2407 tractauerit

387 2449 658 2511 alienum.
719 2453 946 2526 oportet
995 2467 1125 2511 eum
1175 2453 1380 2513 damno
1433 2452 1749 2527 perstringi
1798 2452 1895 2512 uel
1944 2451 2241 2526 dispendio
2270 2450 2637 2521 sarcinarum,

389 2554 538 2628 apud
571 2570 740 2629 quem
771 2554 878 2615 sub
907 2554 1100 2616 intuta
1128 2554 1386 2616 custodia
1429 2555 1629 2616 fratris
1660 2556 1919 2616 sarcinae
1946 2554 2239 2630 perierunt
2253 2599 2269 2627 ,
2315 2554 2451 2630 quis
2476 2553 2639 2628 quic-

307 2673 366 2715 20
385 2657 522 2732 quid
553 2657 616 2717 in
658 2659 822 2720 domo
850 2661 1048 2718 nostra
1078 2660 1187 2720 sub
1213 2660 1404 2720 minus
1435 2659 1641 2720 idonea
1664 2659 1853 2720 tutela
1872 2659 2049 2719 fuerit
2070 2661 2171 2718 aut
2190 2659 2443 2718 latrones
2470 2658 2639 2718 offre-

379 2760 574 2835 gerint
588 2805 604 2833 ,
631 2763 892 2822 nostrum
919 2764 1014 2821 est
1043 2764 1102 2823 et
1129 2779 1166 2821 a
1193 2760 1358 2821 nobis
1387 2760 1640 2837 exigitur
1660 2762 1931 2837 quicquid
1958 2777 2062 2836 per
2090 2761 2352 2822 inertiam
2374 2765 2631 2822 nostram

379 2863 530 2923 male
558 2865 922 2924 commissum
959 2867 1070 2924 est.
1093 2861 1256 2924 ‘tunc
1303 2881 1438 2924 uero
1493 2866 1566 2924 ab
1595 2865 1837 2925 inuicem
1888 2864 2057 2924 liberi
2106 2882 2303 2924 snmus
2321 2910 2336 2937 ‚
2382 2865 2430 2923 si
2484 2864 2637 2926 nihil

376 2967 532 3041 apud
557 2983 662 3026 nos
693 2968 764 3026 de
793 2983 856 3027 re
885 2966 1126 3027 alterius
1155 2970 1498 3028 reseruetur.

467 3068 738 3130 Forsitan
765 3060 976 3144 aliquis
1003 3071 1190 3130 dicat:
1235 3057 1394 3145 ‘ergo
1425 3087 1528 3131 nec
1555 3072 1631 3130 ad
1670 3071 1899 3132 domum
1924 3071 2199 3132 orationis
2237 3071 2505 3132 debemus
2533 3088 2636 3145 pa-
2659 3074 2738 3134 13

299 3191 356 3233 2⁵
375 3169 522 3232 riter
551 3172 868 3245 conuenire,
899 3190 970 3233 ne
999 3173 1210 3247 aliquis
1237 3173 1487 3248 aliquem
1519 3173 1869 3234 scandalizet
1879 3159 1930 3234 θ’
1976 3175 2297 3236 haereticae
2324 3173 2633 3249 professio-

371 3274 500 3335 onis
529 3279 622 3336 est
647 3274 766 3336 ista
793 3276 1166 3338 contradictio
1209 3277 1562 3338 calumniosa
1589 3295 1735 3351 quae
1764 3277 1834 3337 de
1865 3278 2027 3339 bonis
2067 3278 2405 3354 praescribit
2432 3282 2499 3340 ut
2526 3279 2630 3338 ad-
2752 3277 2759 3285 '

508 3526 545 3581 4
577 3525 777 3581 Matth.
816 3527 898 3592 18,
936 3526 985 3580 7.
1369 3531 1404 3584 8
1437 3530 1584 3585 Phil.
1622 3532 1673 3597 2,
1708 3532 1757 3586 4.
2138 3533 2171 3587 9
2206 3532 2235 3587 Ι
2270 3532 2385 3588 Cor.
2425 3533 2506 3598 10,
2541 3533 2629 3588 24.

373 3611 442 3666 11
477 3609 628 3666 Rom.
669 3611 752 3677 14,
788 3611 871 3666 12.

508 3853 544 3908 3
576 3853 786 3909 nisibus
823 3871 892 3910 ex
926 3855 1111 3910 usibus
1155 3857 1201 3913 0
1437 3860 1492 3912 et
1525 3860 1740 3928 scn’puf,
1778 3861 1826 3914 si
1862 3861 1949 3925 0¹,
1985 3861 2077 3916 sed
2120 3861 2223 3920 Οὐ
2426 3865 2627 3917 terrea-

367 3943 462 3995 tur
498 3939 546 3995 0
575 3956 639 3995 ea
673 3957 814 3997 corr.
1076 3958 1258 3997 uocem
1295 3942 1365 3998 0¹
1585 3951 1621 4001 6
1657 3961 1900 4001 ueremur
1935 3947 2217 4003 Pamelius
2420 3951 2454 4005 9
2491 3966 2626 4019 quae

368 4025 599 4098 aliorum
633 4044 668 4083 v
895 4028 962 4082 11
999 4027 1170 4098 aliqui
1214 4029 1280 4084 Ο*
1511 4033 1774 4102 arripiens
1818 4033 1865 4089 Ο
1896 4049 1989 4088 ens
2022 4036 2087 4088 im
2120 4050 2230 4090 rae.
2462 4052 2622 4106 oppo-

365 4126 492 4166 nere
534 4112 602 4168 0¹
766 4112 846 4170 ,12
877 4115 1120 4168 nostrum
1157 4115 1217 4181 0,
1252 4117 1492 4171 uestrum
1527 4133 1560 4172 o
1722 4118 1820 4173 deo
1866 4119 1912 4175 G
1940 4135 1981 4174 s.
2018 4121 2053 4174 1.
2089 4137 2157 4176 m.
2192 4125 2229 4173 2
2404 4123 2469 4178 13
2504 4139 2622 4192 por-

335 4199 454 4252 ·tat
495 4197 564 4254 0⁸
768 4199 837 4255 14
869 4199 986 4254 eius
1030 4201 1077 4256 G
1106 4200 1204 4256 sed
1237 4217 1302 4256 us
1334 4217 1377 4257 s.
1413 4203 1450 4256 ἰ.
1485 4221 1554 4258 m.
1590 4207 1633 4258 2
1837 4207 1935 4259 aut
1969 4205 2029 4273 0,
2064 4221 2161 4262 nec
2194 4223 2229 4263 v
2434 4210 2499 4264 17
2538 4214 2621 4264 eet

371 4283 436 4350 0,
467 4286 552 4338 est
585 4287 650 4339 ut
682 4303 717 4340 v
938 4285 1009 4340 20
1041 4285 1206 4346 fuerit
1247 4287 1306 4354 0,
1343 4287 1613 4357 perditum
1648 4290 1817 4345 fuerit
1848 4309 1885 4347 v
2102 4293 2439 4364 effringerint
2482 4295 2551 4352 0¹

363 4369 434 4424 21
469 4371 712 4440 exigetur
745 4387 780 4426 v
923 4371 995 4426 22
1028 4376 1114 4426 est
1148 4372 1206 4438 0,
1245 4373 1542 4430 custoditur
1575 4393 1610 4433 v
1757 4377 1827 4432 28
1860 4379 2005 4448 apud
2036 4395 2135 4435 nos
2180 4381 2227 4436 G
2255 4397 2298 4436 s.
2333 4381 2369 4436 L
2404 4399 2473 4437 m.
2510 4387 2551 4439 2

364 4459 700 4512 retenentur
741 4459 788 4514 G
