3217 5150
2317 517 2491 564 LXXI

236 657 391 722 dnm
424 701 739 720 ........
780 655 1077 722 Connerti
1118 674 1213 718 me
1257 655 1453 738 iqitur
1485 653 1772 735 plurimo
1813 655 2112 718 incitatus
2153 654 2376 720 ardore
2406 655 2494 718 ad

238 768 610 881 sublimis&
564 772 619 832 et
648 768 855 832 animi
890 772 945 832 et
972 753 1225 850 facicdie
1267 766 1484 831 uirum
1514 765 1765 831 Diuum
1797 766 2195 847 Cypriannm
2227 765 2494 832 Cartha-

237 881 451 963 qinon.
482 901 622 961 epm
652 885 707 944 et
735 881 869 944 eins
907 877 1255 960 epistolas
1234 899 1303 942 in
1332 878 1631 943 manibus
1669 879 1930 958 sumpsi.
1969 877 2296 959 fidentiore
2325 879 2394 944 ob
2423 879 2495 943 id

238 991 619 1058 conscientia
647 991 803 1072 qnia
825 990 975 1054 olim
996 990 1351 1055 adolescens
1369 990 1868 1072 famatissimis
1847 1009 1917 1054 in
1936 989 2159 1054 scholis
2170 991 2497 1071 parisien-

238 1103 411 1168 sibus
440 1123 667 1186 ayens:
696 1122 815 1184 quo
834 1107 1093 1184 propter
1114 1102 1287 1166 urbis
1310 1100 1718 1168 celebritatem
1739 1106 1796 1166 et
1818 1102 2168 1166 studiorum
2186 1103 2497 1184 feruorem

243 1219 367 1296 atq,
410 1215 621 1280 animi
660 1214 897 1278 cultum
937 1200 1317 1295 capessendi]
1358 1233 1792 1294 concesseram.
1823 1234 1898 1278 ea·
1926 1215 2258 1278 uetustiore
2298 1235 2498 1278 exem-

237 1327 418 1408 plari
446 1346 553 1392 eas
581 1347 781 1391 mann
809 1345 947 1390 mea
976 1325 1443 1408 descripseram.
1475 1331 1658 1391 rat-as
1687 1325 1848 1408 quod
1878 1325 1972 1390 ita
2001 1327 2241 1391 euenit:
2280 1326 2500 1390 minus

241 1457 337 1502 me
366 1438 441 1502 in
469 1457 536 1502 eo
562 1437 763 1512 codice
802 1437 1205 1520 difficultatis
1234 1443 1289 1502 et
1318 1441 1529 1502 tamen
1573 1437 1750 1518 apud
1791 1436 1970 1519 taam
2001 1437 2412 1503 Sanctitatem
2440 1441 2498 1501 et

244 1549 741 1614 doctissimorum
790 1549 1115 1614 hominum
1160 1561 1391 1614 mentes
1434 1570 1564 1614 non
1608 1550 1826 1614 minus
1865 1550 2071 1632 gratie
2113 1549 2496 1613 habitur-um.

247 1659 531 1727 Ceterum
558 1681 857 1742 percurso
896 1661 1101 1744 mayis
1138 1682 1331 1742 quam
1370 1661 1784 1726 deambulato
1804 1662 1962 1726 libro
2006 1661 2206 1728 Cuius
2249 1645 2501 1741 quidem

246 1738 531 1838 ordinem
562 1773 699 1836 ideo
728 1793 855 1837 non
884 1774 1168 1838 mutaui:
1201 1772 1315 1838 etsi
1344 1773 1637 1838 uidebam
1667 1793 1762 1837 me
1789 1774 2151 1855 aliquorum
2179 1774 2389 1854 exeplo
2418 1759 2502 1838 no

246 1885 409 1966 iepto
450 1905 605 1949 sane
646 1885 713 1948 id
742 1904 926 1966 posse
965 1886 1189 1967 facere.
1239 1885 1393 1966 qnia
1432 1889 1489 1949 et
1520 1885 1696 1950 urbis
1739 1886 1906 1950 unde
1950 1886 2114 1952 illud
2159 1871 2503 1951 habueram

250 1981 602 2060 maiestati:
646 1999 701 2060 et
730 1995 1077 2060 uoluminis
1121 1996 1417 2061 uetustati
1461 1995 1751 2062 honorem
1794 1999 1991 2062 statui
2031 2018 2218 2062 saum
2259 1998 2499 2064 habere.
2571 2082 2576 2092 ἢ

254 2107 440 2173 codex
490 2107 601 2173 ille
654 2109 959 2180 uetustior
1011 2111 1107 2173 est
1151 2110 1515 2176 Parisiensis
1572 2111 1738 2177 1659
1789 2109 1875 2197 (ρ)
1923 2129 2079 2176 saec.
2126 2110 2502 2178 XII--XIII

256 2238 441 2301 quem
471 2237 542 2283 ex
573 2218 1085 2300 interpolatorum
1128 2239 1382 2286 numero
1426 2241 1557 2288 esse
1602 2241 1790 2306 supra
1831 2223 1978 2288 dixi.
2025 2222 2304 2288 continet
2335 2223 2498 2288 enim

252 2330 547 2428 epistulas
590 2349 661 2394 ex
692 2331 1003 2396 codicibus
1054 2332 1287 2414 partim
1340 2334 1600 2402 alterius
1653 2333 1889 2415 partim
1943 2334 2169 2400 tertiae
2224 2333 2506 2399 familiae

253 2444 649 2527 depromptas
709 2442 1037 2525 scripturis
1097 2443 1479 2510 familiarum
1537 2445 1772 2528 passim
1831 2444 2098 2510 confusis
2151 2445 2504 2528 ineptisque

254 2535 623 2622 coniecturis
675 2556 989 2622 admixtis,
1042 2555 1205 2622 hunc
1257 2557 1531 2624 codicem
1583 2557 1906 2623 emendare
1957 2557 2188 2640 absque
2240 2557 2502 2623 alterius

258 2668 487 2733 auxilio
519 2668 824 2741 subitaria
854 2686 1035 2751 opera
1065 2687 1184 2734 non
1214 2670 1421 2751 potuit
1452 2670 1551 2735 uir
1579 2668 1827 2754 ingenio
1860 2670 2156 2735 mediocri
2186 2670 2249 2735 et
2280 2669 2508 2753 exigua

260 2780 559 2858 doctrina,
592 2781 697 2845 sed
721 2799 797 2845 ne
822 2781 1093 2846 uoluisse
1124 2782 1375 2863 quidem
1407 2782 1742 2848 censendus
1766 2772 1878 2849 est.
1911 2802 2057 2848 nam
2079 2782 2179 2847 uel
2203 2781 2508 2848 facillima

259 2891 503 2959 librarii
543 2893 787 2972 menda,
830 2894 1311 2977 subscriptiones
1348 2895 1900 2978 inscriptionesque
1929 2890 2338 2977 epistularum
2367 2912 2506 2975 per-

256 3004 485 3083 uersas‚
507 3024 767 3087 quarum
784 3006 1061 3087 exempla
1078 3025 1261 3090 supra
1273 3024 1332 3089 p.
1350 3006 1528 3071 LVII
1545 3007 1812 3085 enotaui‚
1837 3006 2210 3087 scriptorum
2228 3004 2508 3070 ordinem

256 3115 365 3197 qui
382 3116 606 3181 nullus
637 3118 731 3182 est
760 3116 999 3183 intacta
1028 3118 1301 3201 reliquit.
1334 3113 1760 3183 desiderantur
1788 3137 1935 3183 uero
1959 3118 2025 3182 in
2050 3117 2323 3183 editione
2348 3135 2506 3198 quae

262 3226 330 3292 in
359 3225 695 3293 Parisiensi
727 3228 889 3293 libro
921 3230 1172 3293 deerant
1202 3230 1428 3308 omnia,
1476 3230 1782 3310 epistulae
1813 3230 2052 3295 scilicet
2080 3230 2140 3294 5.
2175 3229 2234 3294 8.
2267 3230 2367 3293 21.
2401 3228 2504 3293 22.

256 3339 363 3405 23.
395 3340 498 3404 24.
531 3340 634 3404 27.
669 3341 771 3405 31.
804 3342 907 3406 33.
941 3341 1044 3407 34.
1077 3342 1179 3407 35.
1212 3342 1313 3406 36.
1344 3341 1447 3406 41.
1477 3342 1582 3406 42.
1615 3342 1719 3407 62.
1756 3342 1854 3406 71.
1891 3341 1990 3406 73.
2020 3341 2118 3405 74.
2149 3340 2248 3406 75.
2276 3341 2374 3403 77.
2405 3340 2505 3405 79.

258 3450 364 3515 80.
396 3451 500 3528 81,
546 3451 749 3516 libelli
780 3452 891 3516 Ad
926 3450 1277 3527 Quirinum
1305 3452 1465 3518 liber
1496 3454 1740 3519 tertius.
1775 3472 1845 3517 ex
1876 3453 2056 3517 libris
2087 3451 2510 3535 suppositiciis

258 3563 506 3647 praeter
544 3562 685 3627 illos
716 3560 817 3629 De
848 3562 1298 3645 sinqularitate
1325 3562 1690 3629 clericorum
1720 3565 1783 3629 et
1812 3563 1912 3629 De
1938 3564 2173 3629 duobus
2201 3563 2512 3627 montibus

259 3674 423 3739 inest
444 3675 687 3753 nullus;
720 3674 785 3739 in
801 3676 964 3741 calce
982 3694 1125 3741 uero
1145 3676 1412 3742 adicitur
1431 3676 1758 3741 Reudatio
1773 3676 2004 3757 capit-is
2018 3675 2180 3741 beati
2196 3674 2512 3739 Iohannis

266 3783 576 3865 baptistae
624 3788 699 3851 ut
743 3785 1031 3871 Cypriani
1082 3804 1234 3869 opus
1288 3787 1648 3872 genuinum,
1700 3788 1862 3869 quod
1915 3788 2102 3853 codex
2142 3786 2510 3851 Parisiensis

264 3900 327 3965 et
357 3899 707 3965 Victoricus
750 3899 829 3984 (i)
870 3900 975 3965 uel
1026 3917 1237 3965 eorum
1289 3900 1475 3965 codex
1524 3918 1744 3983 parens
1797 3900 1997 3982 spatio
2035 3899 2102 3963 in
2143 3898 2285 3963 fine·
2313 3916 2509 3963 uacuo

261 4011 617 4093 receperant
639 4009 932 4095 Cypriani
954 4011 1201 4078 nomine
1223 4029 1343 4077 non
1366 4012 1634 4088 adiect03
1659 4011 1804 4077 inde
1827 4012 2218 4092 ineptissima
2239 4010 2512 4076 narratio

266 4124 555 4205 quamuis
578 4141 629 4189 c.
645 4124 687 4189 5
707 4122 1125 4189 Vandalorum
1142 4125 1205 4187 et
1219 4123 1429 4205 Pipini
1446 4124 1614 4209 regis
1631 4122 1864 4189 mentio
1883 4120 1992 4187 fiat
2008 4122 2072 4187 in
2089 4122 2356 4205 reliquas
2377 4123 2510 4188 edi-

266 4236 464 4301 tiones
496 4235 751 4301 transiit
780 4236 1047 4317 exceptis
1076 4234 1511 4301 Dauentriensi
1544 4238 1607 4301 et
1628 4234 2109 4318 Memmingensi
2139 4251 2370 4299 omnes.
2403 4235 2510 4299 sed

262 4367 342 4413 ne
362 4347 509 4429 quid
526 4348 731 4413 laudis
750 4348 1031 4431 episcopo
1050 4345 1393 4425 detraham,
1420 4345 1722 4430 epistulae
1745 4345 1844 4410 illi
1861 4346 1938 4411 ad
1954 4344 2226 4410 Paulum
2246 4346 2513 4410 inseruit

262 4459 755 4541 explanationem
788 4458 1133 4524 multorum
1162 4458 1626 4537 uocabulorum,
1670 4476 1825 4539 quae
1847 4476 2116 4537 propere
2135 4456 2512 4540 perleyenclo
