3217 5150
585 513 713 581 306
1512 510 1881 580 Appendix.

956 670 1151 731 Tertia
1177 671 1277 730 lux
1304 671 1513 732 iterum
1524 675 1728 766 ,terrae
1757 670 2092 746 superisque
2119 671 2474 731 tremendum

958 773 1261 835 Extulerat
1287 792 1505 836 ramum
1531 774 1700 834 uitali
1725 773 1894 848 fruge
1921 773 2170 835 beatum.

833 869 931 939 15'
956 877 1067 938 Sed
1093 876 1185 938 bis
1214 877 1431 936 nicenis
1462 895 1567 938 con
1594 876 1834 936 firmiter
1863 877 1964 936 ille
1992 876 2192 936 diebus
2635 945 2667 960 .-

953 981 1149 1042 Oreuit
1178 982 1239 1040 in
1267 981 1607 1040 immensum
1636 980 1968 1056 caelumque
1997 979 2287 1041 cacumine
2314 996 2534 1040 summo
2568 961 2580 973 ⁴

957 1085 1212 1160 Contigit
1242 1087 1301 1144 et
1328 1085 1559 1144 tandem
1588 1086 1852 1144 sanctum
1881 1086 2056 1158 caput
2083 1083 2305 1143 abdidit
2332 1082 2468 1157 alte,

952 1190 1101 1249 Dum
1130 1191 1323 1248 tamen
1352 1187 1576 1261 ingenti
1604 1186 1696 1246 bis
1725 1203 1890 1246 senos
1919 1189 2166 1262 pondere
2194 1203 2380 1246 ramos

950 1291 1150 1352 Edidit
1176 1293 1235 1350 et
1263 1291 1449 1351 totum
1476 1307 1756 1364 spargens
1783 1291 2042 1364 porrexit
2069 1291 2130 1350 in
2153 1290 2368 1363 orbem,

752 1479 755 1484 Ι
834 1398 917 1456 20
962 1394 1243 1455 Gentibus
1272 1397 1337 1452 ut
1366 1394 1589 1453 cunctis
1621 1395 1836 1454 uictum
1857 1393 2150 1468 uitamque
2177 1409 2481 1468 perennem

956 1499 1309 1558 Praebereut
1335 1495 1992 1576 mortemque·mornqui
2007 1512 2184 1572 posse
2213 1497 2497 1558 docerent.
2527 1561 2540 1583 Ι,
2606 1519 2652 1601 3*
2691 1497 2714 1556 ἴ
2754 1515 2776 1528 -
2801 1493 2830 1551 Γ

947 1602 1253 1677 Explicitis
1280 1603 1452 1662 etiam
1482 1618 1610 1662 mox
1641 1589 2059 1676 quinquaginta
2088 1599 2316 1676 diebus,

950 1706 1180 1766 Vertice
1209 1706 1279 1764 de
1308 1721 1527 1765 summo
1558 1704 1742 1764 diuini
1771 1703 2021 1764 nectaris
2050 1703 2324 1763 haustum

947 1807 1175 1869 Detulit
1201 1809 1263 1869 in
1291 1825 1479 1868 ramos
1510 1807 1776 1867 caelestis
1805 1807 2044 1880 spiritus
2074 1823 2244 1866 aura:

827 1914 908 1972 25
950 1911 1121 1972 Dulci
1160 1927 1287 1970 rore
1332 1927 1536 1984 graues
1564 1911 1874 1970 manabant
1901 1910 2152 1984 undique
2179 1908 2430 1969 frondes.

1030 2013 1175 2073 Ecce
1206 2015 1313 2074 sub
1342 2012 1563 2087 ingenti
1592 2027 1878 2074 ramorum
1907 2011 2180 2087 tegminis
2209 2013 2410 2073 umbra

945 2117 1101 2178 Fons
1130 2119 1284 2177 erat:
1329 2116 1425 2175 hic
1466 2116 1626 2176 nullo
1657 2133 1794 2176 casu
1821 2117 2099 2181 turbante
2121 2132 2382 2176 serenum
2393 2169 2414 2202 ‚

950 2219 1277 2294 Perspicuis
1300 2218 1515 2278 inlimis
1543 2219 1728 2294 aquis,
1761 2223 1821 2279 et
1851 2219 2112 2293 gramina
2141 2218 2352 2279 circum

948 2323 1286 2383 Fundebant
1313 2323 1497 2383 laetos
1526 2323 1686 2382 uario
1717 2323 1786 2384 de
1813 2322 1952 2383 flore
1981 2321 2218 2382 colores.

826 2430 909 2490 30
950 2428 1122 2488 Hunc
1150 2426 1362 2486 circum
1388 2425 1716 2486 innumerae
1745 2430 1948 2501 gentes
1976 2425 2282 2499 populique
2309 2423 2558 2497 coibant,

944 2532 1125 2604 Quam
1154 2529 1302 2590 uarii
1330 2531 1558 2604 generis
1580 2546 1748 2619 sexus
1777 2530 1984 2590 aetatis
2015 2528 2265 2603 honoris,

947 2634 1231 2708 Innuptae
1260 2635 1583 2708 nuptaeque
1613 2633 1782 2693 simul
1813 2633 2128 2713 uiduaeque
2155 2646 2464 2705 nurusque,

948 2738 1209 2797 Infantes
1230 2737 1504 2813 puerique
1532 2737 1646 2796 uiri
1672 2737 2018 2811 iuuenesque
2047 2752 2353 2809 senesque:

946 2841 1059 2901 Hic
1086 2842 1187 2900 ubi
1217 2840 1551 2914 multigenis
1580 2840 1756 2900 flexos
1786 2840 2110 2900 incumbere
2137 2838 2321 2912 pomis

822 2946 905 3006 35
950 2943 1269 3004 cernebant
1296 2960 1501 3015 ramos,
1534 2943 1722 3003 auidis
1753 2944 2035 3017 attingere
2065 2942 2278 3001 dextris

947 3047 1281 3107 Gaudebant
1308 3046 1567 3107 madidos
1594 3047 1830 3105 caelesti
1860 3050 2088 3106 nectare
2117 3046 2356 3105 fructus,

946 3150 1067 3209 Nec
1094 3150 1253 3224 prius
1282 3151 1387 3211 hos
1414 3152 1678 3223 poterant
1707 3150 1928 3223 cupidis
1952 3150 2250 3223 decerpere
2277 3146 2506 3223 palmia,

944 3254 1121 3323 Quam
1149 3254 1438 3313 lutulenta
1466 3254 1595 3319 uiae
1627 3253 1876 3327 uestigia
1904 3252 2070 3312 foeda
2097 3251 2304 3326 prioris

948 3357 1285 3418 Detererent
1316 3373 1630 3431 corpusque
1660 3356 1756 3431 pio
1786 3358 1856 3415 de
1883 3356 2040 3416 fonte
2073 3356 2353 3415 lauarent.
2467 3347 2474 3362 “

812 3463 897 3521 40
938 3460 1090 3535 Ergo
1122 3460 1219 3520 diu
1249 3460 1776 3533 circumspatiantes
1807 3460 2064 3534 gramine
2093 3458 2252 3518 molli

946 3564 1274 3639 suspiciunt
1304 3565 1425 3624 alta
1451 3565 1767 3639 pendentes
1789 3566 1990 3624 arbore
2019 3563 2272 3623 fructus:

703 3848 770 3901 13
802 3848 963 3901 terris
986 3847 1169 3903 Aldus
1303 3848 1371 3902 15
1406 3864 1505 3902 con
1540 3848 1766 3902 firmiter
1787 3848 1998 3915 scripsi,
2023 3848 2364 3902 confirmator
2386 3846 2530 3913 EM,
2563 3847 2812 3902 firmatus

566 3936 623 3987 et
656 3934 853 4003 Aldus,
890 3934 1235 3989 conformiter
1269 3952 1332 4002 v;
1368 3934 1439 3999 cf.
1477 3952 1533 4004 p.
1568 3937 1688 3999 315,
1723 3952 1780 3988 u.
1817 3938 1925 3988 167
2087 3935 2152 3988 17
2190 3934 2401 3988 addidit
2436 3934 2569 3989 EM
2699 3934 2813 3989 alto

566 4020 748 4075 Aldus
930 4022 997 4075 18
1030 4022 1267 4091 ingentis
1302 4022 1432 4075 EM
1613 4022 1680 4075 19
1713 4020 1909 4089 totum]
1947 4022 2134 4089 potum
2170 4020 2304 4075 EM
2483 4022 2554 4075 22
2589 4021 2814 4091 expletis

565 4107 747 4162 Aldus
881 4108 949 4161 23
971 4108 1171 4162 haustu
1196 4109 1329 4163 EM
1456 4108 1527 4162 24
1547 4124 1706 4161 aurae
1728 4108 1907 4162 Aldus
2037 4108 2106 4161 25
2129 4106 2418 4162 manebant
2442 4108 2518 4162 M
2639 4108 2710 4161 2⁷
2731 4122 2814 4161 se-

565 4210 691 4248 reno
728 4194 869 4259 EM,
908 4210 1124 4248 serenus
1160 4194 1341 4249 Aldus
1543 4194 1614 4248 28
1645 4195 1952 4263 perspicuus
1988 4194 2120 4249 EM
2318 4194 2528 4249 illimus
2561 4194 2746 4249 Aldus

564 4280 735 4335 laetos
771 4279 1090 4333 Fundebant
1124 4280 1325 4335 circum
1347 4280 1632 4334 Pamelius
1768 4280 1839 4334 34
1872 4281 2248 4351 multigeneris
2274 4280 2406 4335 EM
2539 4280 2610 4334 25
2633 4296 2812 4334 cerne-

442 4388 455 4415 ι
561 4366 697 4420 bant
729 4364 1041 4431 Fabricius,
1076 4366 1355 4421 certabant
1388 4366 1519 4420 EM
1548 4373 1599 4421 et
1633 4367 1813 4422 Aldus
2051 4366 2120 4421 39
2155 4368 2426 4423 deterrent
2461 4369 2546 4433 M,
2583 4367 2814 4422 dete-210-

561 4453 684 4506 rent
717 4454 771 4506 E
984 4453 1166 4507 lauare
1200 4453 1276 4507 M
1482 4452 1554 4506 40
1585 4453 1833 4523 gramina
1864 4454 1937 4509 M
1941 4457 1956 4485 ¹
2175 4455 2246 4509 41
2279 4452 2584 4523 suscipiunt
2617 4454 2752 4509 EM
