3217 5150
962 515 1052 569 De
1087 514 1342 569 Pascha
1375 515 1729 584 computus
1765 529 1809 568 c.
1847 511 1897 567 1.
2425 510 2555 575 249

306 676 440 737 dere
489 692 798 750 numquam
849 690 1016 749 posse
1046 673 1401 734 Christianos
1456 689 1493 733 a
1520 673 1619 733 uia
1661 672 1927 733 ueritatis
1957 688 2149 732 errare
2176 674 2237 731 et
2266 672 2557 742 tamquam

305 777 638 853 ignorantes
688 794 832 854 quae
885 777 964 836 sit
1016 776 1138 835 dies
1203 777 1486 855 Paschae,
1509 778 1643 852 post
1696 776 1935 835 Iudaeos
1981 790 2176 835 caecos
2222 775 2282 833 et
2324 770 2559 833 hebetes

309 880 623 955 ambulare,
676 898 912 956 cumque
942 898 978 939 a
1006 880 1123 940 Deo
1151 896 1256 939 nos
1294 878 1590 939 euidenter
1629 878 1988 953 incipiamus,
2042 895 2155 938 non
2184 879 2409 937 tantum
2438 875 2557 949 pri-

312 1002 468 1045 mum
497 984 668 1057 diem,
700 1001 810 1060 quo
840 984 902 1043 in
931 983 1198 1059 Aegypto
1227 999 1412 1058 agnus
1441 983 1660 1043 occisus
1692 984 1782 1064 est
1814 982 2132 1054 ostendere,
2173 979 2275 1041 sed
2303 982 2361 1039 et
2390 994 2559 1054 prae·

267 1110 292 1149 s
309 1090 468 1148 terea
523 1088 706 1149 futuri
763 1086 1038 1163 temporis
1098 1088 1222 1148 dies
1278 1086 1536 1148 Paschae
1595 1086 1935 1147 Iudaeorum
1992 1087 2051 1146 et
2106 1083 2558 1145 Christianorum

307 1191 712 1253 demonstrare.
759 1190 1098 1267 incipiamus
1145 1191 1340 1266 itaque
1355 1234 1372 1263 ,
1425 1188 1787 1249 dilectissimi
1817 1189 2049 1261 fratres,
2079 1188 2152 1248 ab
2180 1188 2363 1248 Exodi
2392 1188 2559 1247 lecti·

309 1311 446 1355 one:
493 1294 554 1355 in
603 1312 718 1370 qua
766 1293 1013 1355 lectione
1060 1292 1514 1369 recognoscimus
1565 1293 1753 1367 ipsum
1806 1292 1990 1352 Deum
2042 1294 2101 1352 et
2143 1290 2445 1351 Dominum
2488 1288 2563 1350 ad

309 1400 546 1475 Moysen
595 1401 657 1458 et
695 1398 890 1459 Aaron
943 1397 1182 1459 fratrem
1234 1396 1358 1457 eius
1396 1397 1457 1455 in
1509 1398 1665 1456 terra
1694 1392 1946 1471 Aegypti
1998 1394 2241 1455 dixisse:
2290 1410 2441 1453 men
2455 1410 2484 1453 s
2497 1391 2517 1449 i
2532 1410 2561 1451 s

311 1503 429 1562 hic
492 1500 790 1561 initium
853 1500 1223 1585 mensiums
1271 1499 1546 1575 primus
1613 1500 1762 1560 erit
1827 1498 2038 1559 uobis
2081 1498 2151 1557 in
2196 1496 2561 1557 mensibus

245 1604 500 1669 ioanni.
569 1605 724 1665 fare
777 1604 864 1665 ad
929 1620 1195 1665 omnem
1261 1619 1707 1680 synagogam
1770 1602 2109 1663 filiorum
2164 1602 2415 1661 Israel
2462 1601 2563 1660 di-

309 1726 510 1770 cens:
567 1707 848 1769 decimo
908 1707 1026 1767 die
1070 1706 1340 1768 mensis
1400 1706 1617 1766 huius
1662 1704 2043 1780 accipiant
2086 1705 2233 1765 sibi
2282 1703 2567 1779 singuli

309 1828 438 1888 per
502 1812 744 1871 domos
809 1810 1132 1873 tribuum
1195 1826 1400 1871 ouem
1463 1826 1588 1885 per
1653 1812 1968 1871 domume
2046 1810 2117 1867 et
2182 1807 2246 1867 si
2310 1807 2565 1883 exigui

215 1902 220 1909 ’
309 1918 526 1977 erunt
568 1914 642 1974 in
683 1915 882 1975 domo
926 1916 1002 1974 ut
1044 1932 1183 1975 non
1227 1913 1383 1974 sint
1427 1912 1917 1974 sufficientes
1962 1912 2047 1972 ad
2090 1928 2309 1983 ouem,
2356 1912 2565 1971 adsu—

311 2021 453 2079 met
525 2035 762 2080 secum
833 2018 1160 2079 uicinum
1229 2016 1629 2094 proximum
1702 2032 1935 2077 suum:
2011 2032 2137 2091 per
2202 2030 2569 2075 numerum

243 2121 717 2188 isanimarum
781 2121 1068 2197 singuli
1135 2122 1322 2196 quod
1389 2120 1737 2183 sufficiet
1801 2120 1949 2180 sibi
2033 2119 2570 2194 computabunt

313 2226 388 2286 in
465 2242 681 2287 ouem.
774 2224 1324 2285 immaculatum
1394 2224 1812 2300 perfectum
1893 2223 2299 2285 masculum
2364 2223 2568 2283 anni·

314 2329 552 2390 culum
594 2328 745 2389 erit
787 2327 1034 2389 uobisz·
1064 2329 1151 2387 ab
1194 2328 1410 2403 agnis
1453 2330 1526 2388 et
1569 2330 1656 2388 ab
1700 2328 1961 2389 haedis
2016 2325 2441 2401 accipietis.
2502 2328 2572 2400 et

317 2434 464 2493 erit
530 2431 743 2493 uobis
815 2433 1294 2493 obseruatum
1364 2443 1596 2507 usque
1662 2431 1747 2491 ad
1820 2433 2152 2506 quartum
2224 2428 2572 2489 decimum

319 2535 509 2597 diem
551 2534 830 2597 mensis
873 2534 1116 2609 huius,
1161 2536 1231 2596 et
1274 2512 1560 2596 occidet
1601 2551 1753 2595 eum
1797 2533 2028 2594 omnis
2070 2534 2338 2610 uulgus
2367 2549 2573 2610 syna-

247 2657 554 2716 nogogae
619 2639 954 2701 filiorum
1021 2637 1266 2699 Israel
1324 2640 1412 2699 ad
1475 2655 1897 2714 uesperam:
1963 2641 2035 2698 et
2076 2636 2449 2710 accipient
2493 2639 2574 2696 de

319 2745 717 2820 sanguine,
780 2747 854 2804 et
893 2745 1170 2820 ponent
1214 2761 1437 2820 super
1475 2745 1651 2804 duos
1706 2745 1961 2818 postes
2002 2744 2075 2802 et
2118 2757 2339 2816 super
2381 2740 2575 2800 limi-

318 2849 528 2909 naria
582 2848 656 2908 in
713 2847 1078 2922 domibus,
1160 2848 1232 2908 in
1285 2847 1552 2923 quibus
1610 2865 1767 2908 eum
1821 2847 2041 2906 edent
2096 2843 2168 2904 in
2223 2844 2445 2919 ipsis:
2506 2845 2577 2902 et

321 2952 544 3013 edent
611 2969 868 3013 carnes
933 2952 1123 3012 istas
1187 2955 1400 3013 nocte
1475 2955 1773 3012 assatas
1844 2949 2039 3026 igni,
2112 2966 2356 3025 azyma
2429 2966 2578 3009 cum

320 3056 816 3117 amaritudine
883 3056 1121 3116 edent.
1187 3072 1327 3115 non
1393 3054 1635 3116 edetis
1692 3056 1775 3115 de
1818 3053 1927 3116 eis
1991 3055 2285 3114 crudam
2348 3067 2603 3127 neque,
2686 3132 2693 3144 Ι

458 3242 494 3297 8
527 3241 624 3296 Ex.
663 3241 745 3306 12,
779 3241 970 3296 2—11.

461 3413 496 3468 2
530 3412 682 3482 quae]
720 3413 864 3482 quod
898 3414 930 3469 b
1172 3411 1314 3481 post]
1353 3410 1533 3480 posuit
1566 3411 1598 3466 b
1848 3409 1883 3464 3
1919 3423 2145 3476 cumque
2180 3424 2213 3462 a
2248 3407 2345 3462 deo
2380 3422 2475 3460 nos
2515 3406 2580 3470 G,

323 3515 447 3556 oum
482 3500 694 3569 quando
727 3515 824 3554 nos
858 3501 936 3564 bc,
973 3515 1107 3554 onus
1153 3499 1207 3554 U
1416 3513 1521 3552 non
1556 3495 1791 3565 tantum]
1831 3493 2127 3549 notandum
2163 3509 2193 3549 c
2407 3493 2444 3547 4
2479 3507 2582 3561 quo

325 3587 403 3657 in]
440 3587 500 3642 in
535 3602 639 3656 quo
674 3587 733 3640 in
768 3603 797 3642 c
818 3603 868 3650 υ,
906 3602 1011 3655 quo
1048 3587 1080 3640 b
1288 3586 1344 3639 et
1375 3585 1649 3654 praeterea
1684 3582 1733 3646 b,
1770 3581 2051 3650 praeteriti
2086 3582 2143 3634 et
2177 3595 2238 3635 cv
2433 3579 2467 3633 6
2502 3578 2585 3631 in·

323 3673 525 3742 cipiam
559 3673 592 3729 b
810 3688 936 3742 ergo
973 3673 1158 3740 itaque
1191 3687 1222 3726 c
1442 3668 1787 3724 dilectissimi
1823 3684 1925 3722 om.
1962 3683 1993 3722 c
2214 3665 2379 3720 exodo
2415 3664 2585 3718 delec-

323 3761 474 3814 tione
508 3761 539 3816 b
697 3761 729 3815 7
765 3759 1132 3828 cognoscimus
1169 3775 1198 3813 c
1352 3759 1531 3826 ipsum
1565 3753 1842 3808 dominum
1878 3755 2125 3807 nostrum
2161 3754 2193 3807 b
2351 3753 2386 3806 8
2424 3751 2480 3804 in
2516 3749 2583 3819 t.]

325 3847 388 3902 hi
423 3849 622 3902 terram
657 3847 689 3900 b
894 3845 963 3899 10
996 3844 1107 3898 fare
1143 3845 1192 3909 b,
1229 3843 1402 3898 faeere
1438 3859 1482 3911 c,
1519 3842 1737 3910 loquere
1776 3841 1825 3894 G
2016 3839 2216 3894 israhel
2253 3840 2285 3893 b
2318 3838 2517 3905 ubique

327 3935 393 3988 11
431 3932 638 3989 decima
660 3948 692 3994 c
894 3931 962 3985 12
996 3947 1090 4000 per
1122 3929 1312 3984 domus
1336 3946 1365 3984 c
1571 3929 1639 3982 13
1675 3927 1730 3981 in
1767 3927 1987 3992 domum
2009 3942 2039 3981 c
2244 3925 2311 3980 14
2346 3924 2585 3979 uicinum

323 4024 383 4076 et
416 4036 447 4076 c
678 4017 746 4073 15
779 4018 1081 4072 animarum
1116 4033 1334 4070 suarum
1369 4032 1432 4072 cv
1660 4015 1937 4083 computet
1972 4029 2001 4068 c
2228 4012 2296 4066 16
2331 4011 2390 4065 in
2425 4027 2585 4080 quem

328 4123 484 4163 ouem
519 4107 552 4162 b
836 4103 1148 4159 anniculum
1182 4103 1478 4173 perfectum
1513 4101 1809 4156 masculum
1847 4117 1909 4156 cv
2186 4099 2251 4152 17
2288 4099 2393 4154 erit
2427 4096 2585 4152 uobis

327 4211 432 4252 om·
469 4211 504 4248 v
787 4195 845 4247 et
879 4192 948 4246 ab
983 4192 1030 4256 b,
1067 4191 1136 4244 ab
1172 4207 1234 4246 cv
1405 4193 1414 4202 ‘
1519 4189 1587 4243 19
1624 4187 1867 4242 occident
1909 4187 1987 4241 W
2268 4201 2423 4240 omne
2459 4200 2521 4239 cv

325 4283 402 4338 20
434 4281 704 4352 accipiant
729 4296 758 4335 c
962 4277 1029 4332 21
1065 4276 1341 4331 liminaria
1370 4275 1418 4343 b,
1454 4275 1621 4330 limen
1646 4290 1708 4330 cv
1913 4273 1982 4326 22
2018 4271 2205 4326 domus
2230 4288 2259 4326 c
2464 4285 2587 4324 eum

330 4367 514 4437 edent]
552 4365 832 4422 comeditis
867 4381 897 4421 c
1101 4363 1172 4416 24
1205 4361 1564 4416 amaritudine
1597 4361 1647 4425 b,
1683 4359 1914 4430 pigridis
1951 4374 2016 4415 ου
2219 4356 2581 4412 crudum-eoc—

330 4455 722 4510 tum-assatum
757 4469 822 4509 cv
