3217 5150
2365 559 2459 605 ΙΝ

197 693 455 770 possent
496 694 552 754 et
596 688 972 768 laborarent,
1026 692 1105 756 67
1109 691 1261 773 520
1304 690 1376 754 id
1416 691 1722 756 enitimur
1763 696 1818 756 et
1863 691 2237 758 laboramus,
2290 692 2462 779 (nam

213 802 311 867 his
364 800 515 866 locis
568 802 794 884 reliqui
846 803 1081 868 codices
1126 804 1190 867 et
1232 801 1545 867 similibus
1593 799 1878 882 415‚13;·
1920 805 2184 882 680‚15;
2239 807 2426 884 699‚7
2443 829 2460 883 3

212 916 251 980 7
255 915 434 994 25,6;
467 914 703 993 52722
733 932 942 978 omnes
966 913 1309 997 composita
1332 915 1636 1001 tuentur),
1669 917 1904 994 693‚24
1932 917 2235 982 crudescit
2259 919 2462 1002 (prae-

210 1028 379 1094 cedit
426 1025 686 1111 crescit).
742 1027 1081 1108 scripturae
1128 1044 1335 1090 sacrae
1378 1026 1545 1092 locos
1590 1028 1861 1112 497,16;
1915 1029 2179 1107 640‚14;
2235 1030 2460 1110 671‚4;

212 1140 405 1219 679‚3
434 1139 713 1204 consulto
745 1139 950 1217 omisi,
983 1138 1091 1204 ubi
1123 1140 1186 1203 et
1208 1139 1361 1204 haec
1383 1139 1445 1203 et
1469 1139 1674 1205 multo
1707 1141 1994 1224 grauiora
2017 1160 2088 1206 ex
2113 1141 2238 1206 alia
2267 1142 2462 1208 inter-

210 1252 580 1336 pretationis
626 1253 853 1316 ueteris
901 1253 1249 1316 recensione
1296 1251 1547 1317 inuecta
1592 1251 1902 1317 uidentur.
1951 1253 2224 1335 apertius
2271 1254 2462 1318 etiam

210 1363 671 1445 interpolatoris
741 1381 962 1428 manus
1028 1364 1403 1446 perspicitur
1460 1365 1529 1428 in
1589 1365 2057 1429 additamentis.
2131 1383 2254 1430 non
2324 1364 2461 1430 dico

218 1475 473 1559 exiguas
504 1495 685 1540 uoces
710 1477 781 1540 ut
804 1475 1284 1558 praepositiones
1310 1477 1372 1540 et
1395 1476 1737 1559 particulas
1767 1477 2002 1557 passim
2033 1476 2464 1560 explicationis

214 1587 419 1672 gratia
461 1588 732 1652 adiectos
778 1587 871 1673 (id
910 1589 1113 1652 multo
1156 1587 1540 1669 frequentius
1585 1587 1653 1652 in
1683 1587 1808 1668 MQ
1848 1587 2162 1672 occurrit),
2211 1589 2318 1653 sed
2351 1590 2464 1654 ad-

216 1700 451 1765 duntur
492 1699 795 1783 ampliora
834 1699 1011 1765 uelut
1050 1699 1247 1778 4802
1285 1699 1553 1778 iuniori,
1593 1700 1828 1778 481,19
1867 1699 2196 1782 fulqebunt
2224 1701 2380 1772 iusti
2410 1705 2466 1764 et

215 1816 542 1892 tamquam
600 1811 917 1876 scintillae
976 1812 1049 1875 in
1100 1811 1526 1876 harundineto
1582 1812 1960 1890 discurrent,
2016 1814 2210 1892 493‚8
2261 1814 2467 1877 omn-is

214 1928 423 1988 autem
474 1924 585 2003 qui
635 1923 1016 2005 aqonizatur
1058 1923 1135 1987 in
1178 1925 1465 1988 omnibus
1515 1925 1842 1990 continens
1891 1929 1999 2004 est,
2049 1925 2288 2004 51520
2335 1943 2468 1989 non

212 2035 407 2118 facile
445 2035 812 2100 tribuantur
853 2035 1103 2119 (quibus
1142 2035 1363 2100 lacuna
1391 2055 1513 2117 qua
1542 2038 1818 2119 proxima
1843 2037 2024 2102 hiant
2053 2035 2461 2122 suppleatur),

212 2147 451 2227 584‚24
497 2149 924 2230 fraternitate,
978 2147 1171 2227 625‚4
1220 2149 1557 2227 robustam,
1610 2149 1842 2226 632,st
1896 2169 1941 2236 a
1983 2148 2180 2226 nobis,
2231 2148 2467 2226 64620

214 2259 470 2324 nullam
507 2259 903 2324 uindemiam
928 2281 1196 2340 premeS,
1238 2260 1471 2340 668,23
1502 2266 1558 2325 et
1585 2265 1835 2326 moneat
1862 2261 2184 2342 scriptu-ra
2213 2260 2467 2337 diuina,

218 2371 453 2457 714,23
502 2373 1040 2453 quotienscumque
1090 2373 1263 2436 enim
1313 2373 1566 2437 ederitis
1606 2411 1684 2420 —
1733 2372 2174 2453 quodadusque
2225 2373 2466 2449 ueniat,

232 2484 464 2564 71320
506 2485 672 2566 (cum
704 2483 1045 2566 Cyprianus
1087 2485 1465 2567 scripsisset:
1510 2484 1644 2548 nisi
1683 2485 1742 2547 si
1769 2484 1846 2548 in
1886 2484 2221 2566 sacrificiis
2260 2488 2465 2548 matu-

218 2598 377 2660 tinis
416 2596 523 2661 hoc
563 2597 706 2677 quis
746 2601 1015 2674 ueretur,
1056 2617 1135 2660 ne
1154 2618 1277 2677 per
1304 2615 1587 2677 saporem
1615 2598 1763 2661 uini
1793 2595 2060 2661 redoleat
2089 2596 2466 2679 sanquinem

216 2708 489 2792 Christi)
527 2759 540 2773 .
567 2758 582 2772 .
613 2754 627 2768 .
660 2712 914 2774 ueretur
970 2728 1049 2772 ne
1098 2710 1328 2772 uinum
1383 2710 1624 2790 offerat,
1653 2690 1762 2772 ¹ue
1801 2729 1922 2790 per
1978 2726 2263 2789 saporem
2320 2708 2467 2772 uini

217 2820 399 2885 odore
440 2822 781 2903 fraqrante
826 2821 1217 2904 (fraqlantia
1256 2821 1333 2899 R,
1378 2821 1762 2904 flaqrantem
1793 2819 1867 2906 C)
1913 2820 1991 2885 ab
2037 2820 2284 2903 infideli
2329 2840 2468 2885 con-

212 2933 481 2997 scientia
542 2932 645 3016 (ab
703 2932 953 3015 infideli
1010 2933 1389 2997 conscientia
1447 2932 1690 2998 omittit
1739 2930 1826 3017 R)
1885 2931 2035 2995 odor
2092 2932 2240 2996 uini
2297 2931 2468 2996 horis

217 3043 487 3131 (umbris
517 3043 589 3129 C)
630 3044 968 3109 matutinis
993 3044 1195 3127 fuerit
1224 3044 1480 3127 aqnitus
1510 3048 1565 3108 et
1595 3048 1996 3127 coqnoscatur
2023 3062 2148 3107 esse
2177 3042 2468 3109 christia-

215 3175 362 3233 nus,
405 3155 561 3221 dum
588 3174 701 3219 nos
728 3157 1107 3239 sanquinem
1137 3157 1476 3241 (sanquine
1504 3154 1577 3241 C)
1613 3154 1857 3221 Christi
1891 3156 1961 3220 in
1986 3156 2135 3220 uini
2163 3156 2468 3221 oblatione

216 3267 319 3352 (in
347 3268 495 3331 uini
536 3268 841 3332 oblatione
882 3269 1123 3334 omittit
1152 3266 1227 3354 C)
1260 3267 1732 3350 confundimur.
1777 3287 1848 3332 ex
1877 3268 1976 3333 his
2008 3287 2162 3350 quae
2193 3269 2268 3333 dc
2299 3269 2466 3333 codi-

226 3398 369 3445 cum
401 3378 504 3445 GR
545 3380 897 3445 condicione
942 3380 1190 3462 exposui
1231 3399 1419 3462 quam
1463 3380 1643 3445 caute
1681 3382 1747 3445 in
1780 3381 1923 3446 crisi
1967 3380 2298 3446 adhibendi
2339 3380 2468 3446 sint

222 3492 506 3575 apparet3
569 3491 852 3574 equidem
911 3512 1135 3576 paucas
1188 3512 1399 3558 eorum
1448 3492 1786 3574 scripturas
1831 3492 2032 3574 recepi
2085 3490 2190 3576 (cf.
2243 3492 2465 3571 507‚3;

222 3602 493 3681 582‚10;
527 3604 763 3683 585‚15
794 3622 906 3686 sq.,
940 3606 1162 3683 599‚6;
1196 3605 1417 3683 678‚7;
1450 3605 1691 3689 683,7),
1737 3606 1980 3688 saepius
2009 3603 2166 3669 meis
2195 3604 2467 3668 inuentis

234 3735 421 3800 quam
453 3734 665 3781 eorum
694 3716 1273 3800 interpolationibus
1304 3719 1684 3799 acquiescere
1713 3718 1928 3783 malui.

318 3828 439 3895 His
484 3828 795 3893 codicibus
838 3828 1001 3892 inter
1042 3830 1169 3893 tres
1212 3826 1487 3893 familias
1526 3829 1745 3895 diuisis
1776 3828 2112 3914 adiungam
2141 3828 2469 3893 nonnullos
2570 3850 2584 3867 ’

225 3959 377 4024 quos
399 3959 735 4022 paucarum
760 3940 1169 4022 epistularum
1188 3940 1253 4006 in
1269 3941 1413 4007 crisi
1436 3940 1713 4019 adhibui,
1734 3941 2003 4007 mixtum
2027 3958 2220 4025 genus
2245 3939 2470 4004 utrim-
2516 3919 2562 3960 ³¹²

233 4070 370 4135 que,
414 4053 481 4117 in
512 4052 735 4133 quibus
767 4052 831 4116 et
860 4052 1091 4135 scripta
1134 4053 1379 4137 singula
1408 4072 1479 4117 ex
1507 4052 1822 4118 codicibus
1863 4051 2045 4117 modo
2073 4052 2258 4117 huius
2287 4051 2469 4117 modo

224 4164 402 4229 ilh‘us
453 4163 733 4228 familiae
785 4162 1150 4248 deprompta
1201 4164 1330 4227 sint
1381 4165 1443 4228 et
1495 4165 1836 4247 scripturae
1889 4162 2155 4248 singulis
2208 4162 2469 4227 familiis

225 4276 511 4361 propriae
540 4275 711 4341 uarie
741 4274 1195 4341 confundantur
1225 4276 1547 4341 accedente
1577 4275 1771 4340 etiam
1799 4275 1960 4340 mira
1989 4274 2467 4358 interpolatione

225 4388 839 4469 conjecturarumque
880 4387 1207 4472 farragine.
1253 4368 1455 4469 primo
1493 4388 1908 4453 nominandus
1939 4389 2034 4453 est
2064 4387 2251 4451 codex
2277 4386 2468 4451 Bam-
