3217 5150
638 516 766 582 402

637 668 872 723 Roboam
906 685 996 723 rex
1031 672 1080 723 A
1113 668 1229 733 258,
1267 668 1334 723 14

635 736 970 805 Rogatianus
1005 737 1251 792 (11800888
1286 736 1356 790 ad
1378 736 1755 791 Firmiliznum

705 805 918 874 legatus
976 806 1168 860 missus
1227 806 1346 871 810,
1403 806 1462 871 3,
1521 805 1640 868 819,
1692 805 1755 867 2,

701 874 1033 943 Rogatianus
1091 891 1120 928 e
1159 874 1366 943 iscopus
1419 873 1754 928 contumeliis

704 945 761 996 et
812 943 1027 997 iniuriis
1061 959 1094 997 a
1167 944 1178 955 “
1219 958 1344 997 cono
1399 958 1494 997 suo
1545 958 1752 996 exacer-

703 1011 862 1066 batus
896 1012 1016 1077 469,
1056 1012 1148 1077 10,
1183 1004 1303 1075 471,
1337 1014 1434 1077 21,
1468 1011 1592 1076 472,
1619 1013 1665 1065 1.
1691 1012 1750 1076 9,

700 1078 780 1133 Ro
850 1080 1030 1135 tianus
1059 1096 1088 1133 e
1123 1080 1331 1149 iecopus
1378 1079 1496 1144 650,
1521 1080 1585 1140 8,
1633 1079 1750 1141 735,

699 1150 758 1213 6,
781 1096 912 1212 εῗὸὂ,
947 1149 997 1203 9.
1035 1096 1126 1212 141),
1161 1148 1494 1229 ,1103888888
1529 1164 1562 1200 8
1595 1147 1753 1203 Noua

695 1218 816 1281 455,
854 1218 946 1283 13,
980 1217 1312 1287 Rogatianus
1333 1216 1609 1285 presbyter
1630 1216 1750 1279 480,

699 1286 758 1346 2;
791 1286 910 1349 485,
949 1288 1042 1351 11,
1095 1286 1212 1348 504,
1255 1284 1344 1349 12,
1382 1285 1500 1349 587,
1537 1284 1596 1347 2,
1633 1285 1747 1349 590,

697 1354 746 1408 3.
787 1355 880 1419 12,
913 1354 1246 1423 Rogatianus
1281 1354 1559 1422 presbyter
1582 1353 1749 1421 glori-

697 1438 818 1476 osus
855 1438 1010 1476 senex
1040 1423 1158 1487 484,
1195 1422 1230 1476 6

629 1490 871 1561 Rogatus
906 1490 1180 1560 episcopus
1221 1490 1339 1555 650,
1378 1488 1446 1544 14

629 1558 798 1613 Roma
831 1575 926 1629 pro
978 1558 1350 1629 magnitudine
1385 1574 1482 1613 888
1537 1572 1748 1627 praece·

695 1628 818 1682 dere
870 1627 1030 1683 debet
1080 1628 1462 1697 Carthaginem
1498 1626 1615 1689 618,
1655 1627 1746 1688 17,

693 1697 931 1751 Romana
965 1696 1184 1750 ecclesia
1211 1695 1361 1749 Petri
1403 1693 1659 1749 cathedra
1694 1696 1751 1748 et

689 1764 910 1819 ecclesia
919 1763 1228 1834 principalis
1238 1763 1376 1818 unde
1387 1764 1567 1817 unitas
1579 1778 1747 1817 sacer-

693 1832 890 1888 dotalis
925 1836 1106 1887 exorta
1140 1835 1224 1888 eet
1258 1832 1382 1901 683,
1422 1833 1489 1888 10
1511 1848 1536 1885 s
1575 1871 1587 1885 .
1628 1832 1744 1896 630,

694 1904 752 1967 1,
788 1900 912 1955 inde
947 1902 1098 1971 origo
1121 1902 1348 1955 unitatis
1373 1902 1490 1965 683,
1519 1903 1544 1954 1
1605 1900 1743 1969 (uid.

690 1970 882 2023 Petrus
938 1976 990 2025 et
1036 1970 1301 2039 ecclesia);
1358 1970 1627 2023 Romanae
1664 1985 1745 2023 ec-

693 2038 884 2092 clesiae
937 2037 1066 2092 fides
1119 2038 1188 2091 ab
1246 2038 1501 2107 apostolis
1536 2037 1745 2106 praedi·

694 2108 845 2161 catur
879 2108 997 2172 683,
1023 2107 1116 2173 12,
1150 2106 1267 2170 692,
1295 2108 1354 2172 8,
1391 2106 1617 2160 Romani
1640 2122 1744 2160 non

695 2174 754 2227 in
789 2174 1032 2230 omnibus
1066 2190 1249 2229 ueram
1283 2174 1629 2229 traditionem
1664 2178 1744 2229 te-

693 2244 826 2297 nent
870 2246 926 2296 et
972 2244 1174 2298 frustra
1221 2244 1575 2313 apostolorum
1624 2258 1743 2298 auc-

691 2311 970 2365 toritatem
1037 2312 1393 2382 praetendunt
1461 2313 1578 2376 813,
1648 2313 1741 2379 20,

689 2380 918 2435 Romani
954 2381 1080 2434 cleri
1115 2381 1332 2436 litterae
1363 2380 1480 2445 528,
1507 2382 1598 2449 16;
1624 2382 1743 2448 549,

691 2449 749 2515 2,
785 2450 903 2514 572,
940 2451 1002 2511 9,
1038 2450 1095 2503 18
1131 2448 1372 2504 Siciliam
1407 2450 1600 2506 missae
1624 2452 1742 2514 553,

689 2518 751 2584 3,
809 2518 1104 2572 Romanum
1162 2518 1446 2572 concilium
1480 2519 1544 2573 de
1577 2520 1633 2576 18
1670 2520 1743 2573 818

690 2587 806 2652 627,
846 2591 904 2650 1,
961 2589 1079 2652 628,
1129 2590 1194 2650 4,
1253 2587 1546 2657 Cyprianus
1604 2605 1743 2643 cero

688 2656 923 2712 Romano
959 2656 1150 2710 scribit
1175 2659 1290 2710 tum
1351 2657 1464 2710 sine
1499 2673 1527 2710 e
1566 2659 1675 2712 1800

789 2725 872 2779 nti
928 2725 1048 2788 488,
1102 2725 1196 2791 20,
1255 2725 1371 2788 527,
1411 2727 1468 2791 1,
1528 2675 1647 2791 540,
1676 2674 1743 2790 g:

793 2834 806 2856 ,
841 2793 902 2856 3,
938 2793 1057 2858 571,
1096 2793 1152 2859 7,
1189 2794 1304 2858 626,
1345 2794 1436 2860 18,
1490 2795 1743 2849 ecclesiae

687 2861 952 2984 {lgmggge
969 2863 1162 2983 2uigor
1213 2866 1270 2916 et
1322 2861 1585 2916 fortitudo
1622 2863 1738 2928 551,

767 2969 780 2996 Ί
921 2971 934 2994 Ι

615 2998 969 3053 Romanorum
1005 2998 1156 3068 origo
1180 2997 1263 3062 22,
1295 2998 1351 3064 7,
1387 2997 1741 3054 Romanorum

687 3081 855 3120 88888
891 3065 938 3120 A
975 3065 1093 3130 253,
1129 3067 1163 3120 8

616 3133 871 3188 Romulus
905 3134 990 3198 21,
1025 3136 1072 3189 6.
1110 3134 1168 3201 8,
1204 3135 1289 3199 22,
1327 3137 1418 3201 11,
1457 3135 1504 3188 A
1541 3137 1588 3200 6,
1631 3137 1693 3192 17

614 3201 878 3256 Rucuma:
917 3203 1182 3257 Lucienus
1213 3221 1246 3258 8
1269 3203 1508 3258 Rucuma
1529 3205 1649 3270 451,
1676 3206 1742 3261 18

1678 514 1889 569 Index

1880 668 2029 723 dotes
2064 668 2151 724 dei
2174 667 2243 722 ab
2266 684 2326 721 eo
2386 668 2445 721 ui
2470 668 2765 723 sacerdotes
2799 668 2953 723 facit

1880 736 2221 793 uindicantm·
2291 736 2359 792 47
2395 777 2408 802 ,
2480 736 2544 803 9,
2632 737 2941 791 sacerdotes

1880 807 2153 860 antistites
2211 805 2530 873 templorum
2587 804 2625 859 i.
2663 821 2707 861 e.
2768 821 2943 859 mem-

1879 875 2088 930 brorum
2139 873 2415 929 hominum
2491 874 2603 938 188,
2677 875 2767 940 16,
2826 873 2945 927 dis-

1914 947 2177 999 ensatores
2246 942 2332 997 dei
2403 943 2505 996 672
2518 985 2531 1008 ,
2604 944 2693 1009 16,
2764 957 2943 996 sacer-

1911 1012 2085 1066 otium
2141 1013 2295 1066 uetus
2356 1011 2587 1065 cessauit
2620 1014 2677 1065 et
2735 1026 2943 1065 nouum

1876 1080 2077 1149 incepit
2134 1080 2217 1143 50,
2256 1080 2347 1145 13,
2406 1079 2752 1134 sacerdotalis
2808 1095 2943 1133 auc-

1875 1149 2071 1203 toritas
2143 1152 2307 1203 nanta
2342 1149 2417 1202 sit
2450 1149 2568 1213 226,
2607 1148 2673 1203 12
2696 1164 2773 1217 sq.
2808 1148 2939 1213 470,

1876 1220 1907 1273 1
1943 1234 2021 1287 sq.
2079 1218 2111 1271 6
2144 1216 2195 1283 0,
2237 1217 2332 1284 16,
2382 1217 2497 1281 728,
2535 1218 2627 1283 15,
2682 1216 2797 1281 729,
2838 1216 2935 1281 16,

1875 1286 2105 1341 interfici
2161 1285 2288 1339 deus
2348 1286 2512 1339 iussit
2568 1284 2939 1339 sacerdotibus

1876 1355 1989 1408 suis
2048 1370 2151 1409 non
2210 1353 2635 1433 obtemperantes
2671 1354 2794 1417 476,
2836 1354 2903 1407 18
2917 1374 2939 1419 ,

1876 1438 1980 1477 non
2015 1426 2096 1477 est
2130 1439 2248 1477 cum
2284 1422 2500 1477 Christo
2546 1422 2641 1491 qui
2676 1421 2937 1475 aduersus

1876 1491 2169 1545 sacerdotes
2239 1490 2445 1547 Christi
2502 1490 2636 1545 facit
2693 1490 2809 1553 226,
2872 1490 2907 1543 2
2918 1510 2944 1553 ;

1876 1560 2058 1629 quales
2094 1576 2206 1613 esse
2242 1558 2469 1613 debeant
2492 1558 2785 1613 sacerdotes
2811 1558 2935 1623 736,

1877 1631 1906 1683 1
1934 1643 2009 1698 sq.
2043 1629 2159 1692 777,
2186 1629 2241 1693 1,
2279 1627 2397 1691 247,
2424 1628 2515 1693 16,
2552 1628 2938 1699 uituperantur

1873 1698 1967 1819 quii
2020 1696 2529 1819 881ἒ8872ἓωὲ810888
2563 1699 2621 1751 et
2653 1696 2935 1818 18018038-

1874 1782 1921 1819 81
1958 1782 2081 1819 eran
2266 1805 2279 1828 ,
2362 1786 2375 1797 ·
2466 1781 2609 1819 acem
2681 1780 2801 1819 nom
2872 1780 2933 1818 o-

1872 1848 2093 1903 cumque
2127 1850 2158 1887 8
2194 1782 2464 1887 8808τᾶοέ
2515 1833 2599 1887 (101
2636 1780 2799 1886 gimel
2835 1832 2937 1887 da-

1870 1906 1987 1955 tam
2022 1919 2128 1956 non
2152 1902 2491 1957 auferendam
2511 1918 2623 1956 esse
2642 1902 2931 1955 concilium

1871 1970 2107 2025 decreuit
2144 1972 2259 2036 717,
2287 1972 2378 2034 18,
2416 1970 2709 2025 sacerdotes
2746 1970 2827 2023 uel
2869 1970 2931 2024 18

1870 2040 2073 2094 minore
2108 2040 2331 2094 crimine
2355 2039 2637 2094 constituti
2662 2038 2727 2092 ad
2754 2038 2931 2093 altare

1868 2108 2111 2163 accedere
2168 2124 2269 2163 non
2329 2106 2521 2161 debent
2580 2108 2695 2171 723,
2762 2109 2791 2161 7
2847 2123 2931 2177 sq.

1868 2175 2107 2231 sacerdos
2143 2177 2325 2247 lapsus
2370 2192 2575 2246 precem
2613 2176 2799 2230 offerre
2832 2191 2931 2229 ne-

1867 2245 1989 2314 quit
2026 2245 2139 2309 723,
2180 2249 2237 2311 1,
2276 2246 2391 2310 725,
2430 2248 2487 2312 1,

1904 2330 1994 2367 888
2048 2313 2399 2367 sacerdotium
2450 2314 2680 2367 retinere
2734 2313 2933 2381 nequit

1900 2383 1985 2463 22,
2014 2384 2110 2450 13,
2147 2382 2293 2437 ultra
2327 2381 2505 2451 lapsos
2538 2381 2703 2437 laicos
2737 2381 2929 2435 ruinae

1866 2450 2927 2602 fflffifflffi‘zssffiffssmffizffss

1867 2591 1951 2642 est
1986 2605 2019 2642 8
2052 2592 2209 2643 conta
2252 2590 2301 2643 ‘o
2354 2588 2541 2643 delicti
2594 2605 2714 2643 cum
2748 2604 2925 2644 sacer-

2535 2246 2807 2314 episcopus
2845 2244 2929 2298 la-

1866 2657 1990 2711 dote
2046 2673 2206 2726 pecca
2263 2673 2319 2710 re
2377 2659 2767 2712 communicans
2805 2656 2925 2722 737,

1864 2727 1911 2780 5.
1954 2726 2043 2790 10,
2080 2727 2174 2795 qui
2209 2743 2329 2780 cum
2398 2726 2601 2780 rofanis
2636 2725 2928 2780 sacerdoti·

1864 2793 1964 2848 bus
2000 2795 2359 2850 communicen
2424 2797 2593 2849 morte
2618 2799 2745 2848 sunt
2766 2793 2927 2863 digni

1866 2863 1988 2929 743,
2025 2864 2116 2928 12,
2175 2862 2325 2933 plebs
2378 2863 2545 2918 habet
2598 2866 2925 2932 potestatem

1864 2931 2163 2986 sacerdotes
2198 2931 2449 3001 indignos
2488 2932 2767 2986 recusandi
2802 2931 2923 2996 738,

1867 3001 1928 3066 1,
1964 2999 2203 3054 sacerdos
2239 3000 2325 3054 dei
2362 3001 2701 3070 euangelium
2734 3004 2923 3054 tenens

1864 3068 2029 3122 occidi
2063 3071 2257 3138 potest,
2293 3069 2437 3124 uinci
2471 3086 2575 3124 non
2600 3071 2779 3138 potest
2800 3067 2921 3132 687,

1862 3137 1923 3204 3,
1961 3137 2201 3191 sacerdos
2236 3140 2386 3192 tutor
2408 3137 2673 3192 nominari
2696 3153 2799 3191 non
2823 3137 2920 3191 de-

1862 3203 1955 3259 bet
1986 3207 2105 3269 465,
2142 3207 2204 3269 9,
2236 3206 2356 3270 466,
2394 3207 2460 3262 19

613 3269 836 3324 Rufinus
895 3271 1143 3326 diaconus
1201 3271 1318 3336 565,
1355 3273 1416 3340 5,
1476 3274 1741 3328 confessor
1796 3273 2083 3328 sacrificati
2118 3275 2209 3343 qui
2245 3273 2473 3329 inlicitis
2510 3273 2782 3329 sacrificiis
2804 3289 2923 3328 ma-

613 3339 929 3462 Effigc’age:
955 3408 1181 3463 Ver-ulus
1206 3426 1239 3464 a
1255 3409 1545 3465 Rusiccade
1565 3412 1684 3476 457,
1706 3413 1741 3466 4

613 3474 864 3531 Rusticus
899 3477 1175 3547 presbyter
1207 3478 1325 3542 817,
1367 3481 1434 3534 18
1543 3561 1551 3576 '

614 3735 817 3805 Sabina
851 3755 1055 3822 martyr
1087 3753 1206 3816 535,
1243 3753 1309 3807 13

609 3818 926 3874 Sabinarum
959 3823 1144 3891 raptus
1177 3821 1261 3884 21,
1297 3821 1357 3887 9,
1398 3824 1447 3875 A
1481 3823 1529 3888 6,
1569 3823 1637 3878 18

609 3887 837 3942 Sabinus
895 3890 1165 3959 episcopus
1203 3891 1317 3954 735,
1357 3891 1452 3952 13,
1489 3891 1605 3956 739,
1648 3891 1735 3958 14,

611 3956 944 4080 8111381218
978 4026 1260 4096 Pompeius
1293 4027 1414 4092 460,
1454 4027 1520 4080 13

610 4093 906 4148 sacerdotes
965 4094 1212 4149 Christus
1264 4095 1322 4149 in
1378 4095 1602 4150 80018818
1638 4112 1735 4151 888

1862 3359 1964 3396 888
2056 3343 2294 3398 lluerunt
2316 3343 2433 3408 238,
2461 3345 2521 3410 5,
2557 3343 2677 3408 243,
2701 3344 2763 3410 3,
2796 3341 2921 3408 528,

1864 3413 1923 3476 1,
2054 3415 2099 3476 1,
2150 3413 2241 3478 12,
2300 3412 2417 3476 624,
2452 3412 2546 3478 20,
2604 3415 2653 3466 A
2692 3411 2776 3476 57,
2822 3413 2920 3479 11,

1860 3481 2031 3549 episco
2070 3480 2089 3533 i
2143 3481 2433 3534 sacrificati
2484 3481 2603 3546 678,
2640 3482 2736 3542 13,
2790 3479 2920 3534 Ete-

1860 3564 1987 3673 {33⁸
2016 3565 2161 3671 13¹¹*-
2180 3548 2921 3672 ”ssmffsscuifflssffiffimffioffi

1964 3657 1977 3682 ,
2095 3637 2107 3678 ;
2144 3635 2202 3672 111
2260 3635 2289 3671 1·
2412 3634 2458 3671 1·1
2678 3634 2772 3672 con

1860 3685 2160 3754 frequenter
2217 3689 2272 3740 et
2328 3702 2489 3740 08888
2546 3686 2757 3740 diuersa
2795 3685 2917 3750 633,

1858 3753 1920 3815 2,
1954 3755 2161 3834 placuit
2194 3754 2503 3808 sacrificatis
2540 3755 2597 3808 in
2620 3755 2765 3808 en‘tu
2790 3754 2919 3807 sub—

1858 3823 2033 3876 ueniri
2067 3823 2184 3888 636,
2222 3824 2253 3877 7
2274 3843 2287 3886 ,
2320 3823 2643 3876 sacrificatos
2670 3823 2919 3877 Nouatus

1858 3889 2135 3945 damnauit
2169 3893 2286 3956 619,
2323 3891 2385 3952 6,
2432 3891 2613 3945 subita
2648 3907 2747 3960 sup
2784 3891 2919 3945 licia

1858 3959 2273 4014 sacrificatorum
2330 3960 2448 4024 254,
2510 3961 2603 4021 16,
2670 3977 2735 4014 88
2846 3975 2917 4014 88

1855 4043 1988 4150 gunt
2028 4029 2441 4152 ”Zrssgssnffium
2520 4029 2699 4097 capita
2767 4028 2915 4082 uela-

1894 4112 1960 4151 88
1991 4113 2052 4151 ur
2198 4139 2213 4162 ,

677 4161 750 4216 eli
793 4162 837 4216 ‘t
893 4163 1012 4228 608,
1047 4164 1107 4229 8,
1165 4165 1284 4227 672,
1330 4165 1421 4231 10,
1483 4165 1599 4229 726,
1638 4166 1702 4220 17
1718 4185 1733 4232 ,
1786 4165 2046 4220 sacrificia
2098 4165 2359 4220 malorum
2410 4181 2515 4220 non
2574 4165 2916 4235 accipiuntur

677 4231 794 4296 73,
858 4233 948 4298 123
1010 4232 1126 4296 738,
1183 4234 1220 4286 4
1277 4248 1352 4301 sq.
1423 4233 1559 4302 (uia.
1621 4233 1731 4303 epi-

675 4303 910 4370 scopus)3
947 4301 1212 4355 ordinatio
1236 4301 1564 4357 sacerdotum
1587 4301 1732 4356 iusta
1852 4319 2049 4357 nouum
2084 4303 2283 4372 incepit
2316 4305 2399 4366 49,
2442 4302 2506 4357 18

1854 4234 1970 4298 181,
1997 4234 2088 4296 12,
2123 4235 2435 4289 sacrificium
2456 4237 2629 4294 ‚uetus
2660 4234 2913 4298 cessauit,

2541 4319 2617 4372 sq.
2656 4301 2913 4356 sacrifiei-

674 4383 810 4438 quae
866 4369 1102 4424 omnium
1155 4369 1409 4492 suffffaggio
1445 4373 1502 4424 et
1519 4368 1731 4424 iudicio
1851 4388 1943 4425 um
1979 4373 2070 4453 ζεῖ
2090 4371 2271 4426 hostia
2305 4371 2609 4446 dominica),
2663 4371 2780 4425 uid.
2816 4388 2915 4426 eu-

1413 4439 1505 4506 15;
1561 4455 1729 4494 sacer-

1688 4537 1697 4548 l

673 4437 839 4491 fuerit
893 4438 1194 4492 examinata

1850 4440 2109 4499 charistia
