3217 5150
688 513 773 580 >78
1629 508 1991 579 Appendix.

689 687 762 729 an
805 687 936 730 uero
978 669 1038 728 iu
1079 669 1267 743 aliquo
1309 668 1588 730 claudicet
1632 685 1761 728 cum
1803 666 2130 742 baptizatur
2172 667 2519 740 baptismate
2548 682 2745 740 aquae,
2777 665 2931 739 quod

687 773 872 832 minus
913 775 1020 844 est,
1073 773 1370 832 dummodo
1415 775 1615 846 postea
1654 774 1876 831 constet
1917 771 1976 830 iu
2005 769 2248 830 ueritate
2277 770 2497 830 sincera
2525 767 2665 828 fides
2694 769 2754 828 iu
2783 769 2929 843 bap-

687 873 916 934 tismate
948 874 1202 948 spiritus,
1235 877 1383 949 quod
1411 893 1523 936 non
1553 875 1721 935 dubie
1750 875 1931 934 maius
1961 877 2067 934 est.

630 974 665 1030 7
771 975 892 1036 Nec
935 977 1204 1038 aestimes
1251 978 1384 1038 huic
1421 979 1696 1038 tractatui
1740 978 2083 1037 contrarium
2112 993 2235 1038 esse
2266 977 2415 1052 quod
2444 975 2589 1036 dixit
2617 975 2924 1035 Dominus:

687 1078 819 1152 ite,
879 1081 1132 1141 docete
1190 1084 1484 1156 gentes,
1527 1082 1867 1155 tinguite
1924 1099 2043 1142 eos
2100 1080 2173 1139 in
2232 1080 2513 1141 nomine
2574 1079 2811 1153 patris
2853 1079 2971 1137 ets

685 1179 840 1242 filii
883 1188 954 1246 et
1011 1184 1332 1259 spiritus
1391 1185 1651 1246 sancti.
1720 1185 1857 1259 quia
1907 1203 2035 1245 cum
2087 1185 2195 1246 hoo
2244 1201 2441 1245 uerum
2491 1185 2553 1244 et
2600 1184 2819 1243 rectum
2866 1183 2927 1242 et

683 1285 942 1346 omnibus
981 1287 1162 1347 modis
1207 1289 1268 1346 in
1309 1288 1548 1348 ecclesia
1575 1288 1989 1348 obseruandum
2020 1288 2099 1348 sit
2128 1290 2185 1348 et
2213 1287 2507 1348 obseruari
2534 1301 2757 1361 quoque
2784 1284 2925 1346 soli-

681 1389 806 1448 tum
847 1388 948 1462 sit,
983 1393 1170 1450 tamen
1213 1391 1569 1451 considerare
1614 1393 1841 1465 oportet
1885 1392 2036 1465 quod
2064 1390 2347 1452 inuocatio
2378 1389 2623 1451 nominis
2650 1389 2784 1449 Iesu
2812 1405 2926 1448 non

680 1491 849 1552 debet
888 1510 924 1553 a
955 1494 1120 1554 nobis
1163 1493 1350 1554 futilis
1397 1495 1580 1554 uideri
1628 1497 1860 1569 propter
1900 1497 2323 1554 uenerationem
2350 1496 2415 1554 et
2438 1493 2713 1554 uirtutem
2740 1491 2925 1566 ipsius

679 1595 940 1668 nominis,
984 1597 1044 1656 in
1085 1613 1196 1670 quo
1235 1597 1459 1658 nomine
1503 1597 1748 1658 uirtutes
1790 1613 1985 1658 omnes
2027 1597 2213 1658 solent
2253 1596 2379 1658 fieri
2414 1599 2477 1658 et
2503 1611 2923 1670 nonnumquam
2944 1615 2997 1652 ιο

676 1689 901 1771 aliquae
953 1700 1126 1759 etiam
1177 1700 1250 1763 ab
1299 1700 1623 1760 hominibus
1673 1701 1973 1762 extraneis
2036 1703 2287 1761 ceterum
2338 1716 2448 1774 quo
2488 1697 2778 1772 portinent
2816 1697 2925 1759 illa

677 1801 852 1860 uerba
889 1801 1122 1875 Christi,
1165 1803 1261 1877 qui
1301 1806 1639 1877 negaturum
1682 1820 1744 1864 se
1784 1820 1909 1864 esse
1952 1804 2096 1862 dixit
2140 1819 2246 1862 nec
2272 1819 2438 1866 nosse
2466 1817 2564 1861 eos
2592 1799 2691 1876 qui
2718 1798 2835 1860 sibi
2862 1801 2924 1860 in

679 1902 769 1964 die
797 1904 994 1964 iudicii
1024 1905 1234 1966 dicturi
1273 1909 1496 1967 essent:
1542 1899 1855 1978 Domine,
1899 1907 2211 1978 Domine,
2256 1921 2484 1966 nonne
2528 1903 2763 1966 intuo
2805 1920 2922 1962 no-

675 2007 862 2068 mine
925 2009 1532 2083 prophetanimus
1591 2014 1662 2070 et
1705 2010 1777 2068 in
1835 2009 2112 2070 nomine
2174 2013 2295 2070 tuo
2344 2007 2739 2068 daemonia
2778 2006 2919 2066 eie-

675 2111 903 2172 cimus
945 2115 1015 2172 et
1057 2114 1126 2174 in
1182 2113 1462 2174 nomine
1521 2117 1641 2175 tuo
1702 2113 2031 2174 uirtutes
2090 2128 2381 2188 magnas
2426 2111 2764 2182 fecimuS,
2826 2127 2918 2170 re·
2942 2127 2993 2166 η

675 2216 1001 2290 spondendo
1044 2217 1128 2276 eis
1165 2217 1338 2278 etiam
1381 2235 1506 2277 cum
1549 2217 1908 2278 iureiurando
1966 2217 2135 2292 quia
2186 2229 2559 2290 numquam
2612 2213 2923 2288 c-ognoui

679 2422 1073 2484 ostenderetur
1112 2423 1277 2484 nobis
1322 2441 1739 2498 nonnumquam
1766 2425 1937 2485 etiam
1966 2425 2039 2484 ab
2068 2424 2159 2483 his
2188 2424 2286 2498 qui
2314 2424 2683 2496 operarentur
2712 2421 2921 2494 iniqui·

671 2527 852 2587 tatem
879 2543 1048 2602 posse
1077 2543 1178 2603 per
1205 2527 1438 2590 nimiam
1467 2528 1741 2589 uirtutem
1770 2527 2013 2589 nominis
2042 2528 2173 2589 Iesu
2200 2526 2376 2587 etiam
2404 2528 2546 2587 haec
2569 2526 2709 2588 fieri.
2743 2524 2919 2586 idcir-

669 2646 847 2705 coque
890 2633 1060 2691 debet
1099 2631 1380 2693 inuocatio
1423 2633 1564 2693 haec
1599 2632 1842 2695 nominis
1871 2633 2003 2691 Iesu
2032 2631 2195 2705 quasi
2224 2622 2453 2690 initium
2478 2630 2763 2704 quoddam
2791 2648 2917 2705 my·
2936 2644 2993 2686 πο

669 2732 836 2793 sterii
879 2735 1144 2795 dominici
1174 2751 1464 2795 commune
1491 2735 1658 2796 nobis
1688 2738 1747 2794 et
1776 2734 1983 2795 ceteris
2006 2733 2267 2795 omnibus
2296 2734 2509 2809 accipi,
2554 2733 2705 2808 quod
2730 2732 2919 2806 possit

669 2837 1026 2910 postmodum
1053 2838 1300 2899 residuis
1340 2838 1509 2897 rebus
1537 2838 1784 2911 impleri,
1828 2837 1971 2897 alias
1998 2855 2111 2897 non
2140 2836 2437 2911 profutura
2465 2835 2601 2895 talis
2631 2835 2915 2896 inuocatio

669 2957 798 2998 cum
825 2941 947 2999 sola
978 2941 1368 3014 permanserit,
1414 2942 1546 3015 quia
1573 2944 1705 3017 post
1733 2944 1969 3001 mortem
1994 2940 2273 3001 eiusmodi
2310 2939 2555 3001 hominis
2584 2956 2697 2999 non
2725 2942 2935 3013 potest»

668 3030 722 3101 ei
761 3043 1062 3117 quicquam
1103 3044 1326 3104 omnino
1367 3044 1515 3104 adici
1555 3044 1653 3104 uel
1694 3044 1947 3119 suppleri
1988 3048 2088 3104 aut
2128 3045 2189 3103 in
2218 3043 2410 3117 aliquo
2436 3044 2703 3116 prodesse
2732 3042 2793 3101 in
2818 3042 2915 3102 die

667 3143 866 3203 iudicii
879 3188 894 3218 ,
938 3162 1062 3204 cum
1090 3145 1180 3205 illi
1209 3163 1246 3205 a
1271 3146 1508 3206 Domino
1553 3150 1746 3207 nostro
1777 3164 1921 3220 quae
1952 3164 2123 3221 supra
2150 3146 2581 3209 memorauimus
2622 3145 2913 3219 coeperint
2931 3159 2985 3201 πε

667 3247 1025 3321 exprobrari:
1079 3248 1178 3323 qui
1229 3251 1420 3309 tamen
1470 3250 1724 3311 uniuersi
1764 3249 1931 3311 hodie
1972 3251 2037 3310 ut
2076 3249 2187 3309 sibi
2228 3249 2321 3309 his
2360 3250 2543 3310 modis
2571 3248 2913 3319 subueniant

665 3350 872 3424 quibus
901 3368 1074 3426 supra
1101 3352 1470 3426 ostendimus,
1499 3370 1613 3415 non
1634 3355 1873 3427 possunt
1893 3354 1965 3415 ab
1994 3352 2114 3415 ulle
2135 3352 2426 3413 hominum
2446 3356 2565 3411 tam
2594 3352 2731 3411 dure
2756 3354 2909 3411 tam·

666 3469 776 3527 que
807 3453 1112 3515 crudeliter
1139 3454 1448 3529 prohiberi.
2056 3465 2061 3469 ’

607 3555 646 3614 8
751 3556 862 3617 Sed
889 3559 962 3617 ad
991 3558 1148 3631 haec,
1181 3561 1246 3617 ut
1273 3558 1440 3632 soles,
1473 3559 1847 3633 contradices,
1877 3561 2207 3634 opponendo
2228 3559 2392 3619 nobis
2415 3562 2549 3619 tunc
2572 3575 2699 3619 cum
2717 3558 2911 3631 bapti·

665 3662 931 3719 zarentur
981 3660 1202 3735 integre
1249 3678 1314 3721 ao
1365 3664 1518 3725 recte
1559 3662 1865 3737 discipulos
1907 3680 1975 3724 ac
2014 3680 2129 3723 nou
2172 3666 2239 3723 ut
2290 3663 2394 3723 hos
2436 3663 2751 3723 haereticos
2779 3678 2909 3721 esse
2928 3674 2989 3715 ³⁰

664 3762 1002 3836 baptizatos.
1049 3767 1198 3840 quod
1220 3782 1290 3825 ex
1316 3782 1558 3840 persona
1587 3765 1839 3841 ipsorum
1868 3769 1929 3827 et
1956 3768 2077 3827 eius
2099 3766 2197 3840 qui
2218 3766 2535 3841 baptizauit
2562 3765 2693 3825 illos
2716 3782 2909 3825 sumas

663 3881 893 3926 necesse
932 3870 1040 3927 est.
1087 3871 1147 3928 et
1191 3868 1317 3929 ideo
1359 3886 1462 3929 nos
1505 3871 1576 3929 ad
1605 3869 2047 3943 propositionem
2076 3871 2223 3929 hanc
2250 3872 2409 3929 tuam
2437 3886 2555 3929 non
2579 3872 2645 3927 ut
2673 3884 2909 3929 accusa-

665 3970 818 4029 tores
847 3969 1253 4045 discipulorum
1283 3971 1510 4033 Domini
1538 3972 1961 4046 respondemus,
1992 3974 2094 4033 sed
2122 3972 2295 4033 sicuti
2323 3970 2731 4046 compellimur,
2775 3971 2909 4045 quia

799 4170 834 4224 5
866 4168 1066 4224 Matth.
1101 4172 1186 4237 28,
1224 4172 1306 4227 19.
1512 4172 1580 4227 13
1615 4172 1817 4247 Matth.
1855 4172 1905 4237 7,
1939 4171 2023 4225 22.
2061 4172 2143 4226 23.
2191 4230 2199 4235 ,

801 4351 831 4404 1
866 4349 1190 4420 baptimate
1223 4368 1284 4407 ea
1319 4368 1454 4422 qnae
1483 4353 1602 4408 cod.
1776 4352 1811 4407 3
1845 4367 1953 4407 nou
1986 4322 2147 4407 dubie
2178 4367 2279 4407 mn.
2302 4352 2439 4423 Εἰς.
2612 4352 2678 4407 19
2712 4350 2913 4407 idcirco

665 4450 798 4504 quae
833 4436 960 4507 Riy.
1163 4440 1231 4492 21
1270 4439 1446 4509 quod]·
1465 4439 1591 4509 quia
1628 4439 1746 4511 Εἰς.
1952 4439 2022 4494 25
2055 4439 2155 4493 illa
2190 4437 2310 4509 Riq.
