3217 5150
604 525 729 590 278
1537 522 1899 593 Appendix.

602 684 695 742 bio
726 682 1063 756 fragilitatis
1092 683 1368 742 humanae
1384 728 1399 756 ,
1451 700 1595 757 quae
1624 682 1973 758 patrocinari
2023 700 2138 743 non
2167 685 2361 758 potest
2388 679 2760 744 diffidentiae.
2793 683 2846 743 si

604 785 756 845 enim
786 785 1191 845 desolationem
1219 785 1367 846 ferre
1395 785 1654 848 homines
1695 803 1811 846 non
1853 787 2134 858 ualerent,
2187 802 2493 860 numquam
2521 801 2756 858 prorsus
2807 804 2846 846 a

602 906 661 948 se
686 906 790 948 sua
809 889 1047 963 pignera
1073 889 1440 948 dimisissent.
1472 889 1777 949 destitutos
1799 907 1859 950 se
1877 907 1913 950 a
1939 889 2313 949 morientibus
2337 890 2758 962 conqueruntur
2779 892 2844 950 et

604 994 764 1052 uiuos
776 991 925 1052 filios
936 995 1036 1051 ant
1050 994 1281 1067 propter
1294 993 1518 1053 litteras
1530 995 1631 1053 ant
1640 996 1876 1068 propter
1889 995 2130 1054 honores
2144 996 2244 1052 ant
2255 996 2487 1068 propter
2498 993 2727 1067 negotia
2737 1009 2842 1068 pe-

602 1096 847 1170 regrinis
868 1096 1191 1170 regionibus
1206 1098 1459 1170 credunt,
1483 1099 1542 1157 et
1558 1097 1811 1171 gandent
1827 1099 2006 1158 totam
2027 1097 2208 1157 uitam
2224 1095 2347 1156 sine
2365 1096 2664 1157 affectibus
2687 1112 2843 1155 com-
2861 1119 2886 1158 ι

602 1199 830 1273 morari,
853 1197 1151 1260 dummodo
1181 1200 1411 1274 capiant
1440 1201 1591 1274 qnod
1621 1201 1856 1274 cupiunt
1883 1202 1954 1260 de
1984 1201 2105 1260 suis
2131 1199 2466 1275 pigneribus
2489 1199 2750 1273 adipisci.
2787 1201 2848 1260 et

602 1302 979 1377 utadpalatia
991 1305 1234 1378 pergant
1244 1303 1698 1379 peregrinantur,
1726 1304 1798 1363 ad
1809 1303 2001 1364 studia
2014 1303 2316 1378 dignitatis
2339 1303 2618 1378 nauigant
2641 1303 2844 1378 acqui-

605 1407 781 1466 renda
830 1408 925 1467 uel
974 1408 1050 1468 ad
1096 1423 1298 1466 causas
1350 1407 1682 1481 patrimonii
1734 1408 1956 1482 aliquas
2002 1406 2370 1482 explicandas
2400 1425 2502 1482 per
2531 1407 2756 1468 labores
2783 1411 2846 1468 et

602 1509 854 1583 pericula
894 1510 1317 1585 proficiscentes
1348 1526 1543 1569 omnes
1573 1510 1897 1585 impellunt,
1951 1527 2054 1570 nec
2083 1528 2273 1571 secum
2302 1527 2506 1571 uacare
2537 1527 2676 1586 quos
2705 1511 2841 1570 dili-

602 1617 746 1688 gunt
785 1613 1099 1688 patiuntur.
1134 1616 1192 1673 et
1221 1616 1288 1673 ut
1316 1615 1389 1673 ad
1419 1613 1638 1687 palatia
1667 1613 1828 1687 caeli,
1861 1615 1935 1674 ad
1979 1614 2170 1674 studia
2201 1613 2435 1686 Christi,
2466 1615 2540 1674 ad
2570 1615 2840 1674 honorem
2861 1632 2916 1671 ιο

506 1715 519 1738 ”
602 1717 754 1777 uitae
783 1721 1106 1792 perpetuae,
1136 1716 1212 1776 ad
1240 1716 1646 1791 patrimonium
1667 1717 2045 1792 possessionis
2075 1720 2340 1777 aeternae
2377 1735 2505 1778 cum
2537 1717 2844 1778 securitate

602 1821 833 1881 ualeant
860 1821 1177 1896 peruenire,
1207 1837 1371 1881 nemo
1400 1821 1548 1880 filios
1578 1838 1712 1881 suos
1742 1820 1988 1881 libenter
2011 1839 2046 1880 a
2067 1837 2128 1880 se
2158 1820 2485 1895 gratulatur
2513 1822 2839 1881 abscedere.

606 1927 838 1998 propter
866 1925 1085 1984 incerta
1112 1941 1213 1999 per
1242 1924 1460 1983 incerta
1513 1925 1696 1984 filium
1734 1923 1828 1984 nel
1871 1924 2109 1984 fratrem
2140 1924 2236 1984 uel
2265 1927 2559 1998 parentem
2586 1925 2843 1999 peregri-

604 2027 730 2086 nari
761 2027 1143 2101 unnsquisque
1173 2027 1483 2100 compellit,
1516 2029 1577 2087 et
1604 2029 1839 2102 propter
1866 2030 2024 2087 certa
2043 2045 2145 2103 per
2168 2029 2325 2087 certa
2347 2044 2576 2086 suorum
2597 2027 2846 2101 aliquem

606 2129 887 2203 proficisci
916 2130 1111 2190 nullus
1154 2130 1429 2192 admittit.
1480 2132 1553 2190 ad
1602 2133 1984 2205 comparanda
2030 2134 2267 2206 peccata
2309 2132 2560 2206 gaudent
2588 2133 2706 2190 tam
2735 2147 2841 2205 pa·
2863 2147 2918 2188 ιε

606 2235 795 2292 rentes
826 2250 861 2293 a
889 2233 1027 2292 filiis
1058 2250 1227 2307 quam
1256 2233 1363 2293 filii
1396 2252 1447 2307 a,
1458 2215 1792 2309 parentibus
1823 2237 2164 2309 prouocante
2194 2232 2418 2294 diabolo
2449 2233 2723 2308 separari,
2769 2235 2844 2294 ad

607 2336 1021 2411 indulgentiam
1047 2337 1467 2412 percipiendam
1496 2336 1702 2398 nolunt
1745 2339 1817 2398 ab
1859 2337 2103 2398 inuicem
2133 2337 2250 2398 Deo
2297 2339 2532 2397 uocante
2578 2337 2846 2409 discerni,

608 2441 672 2498 nt
700 2443 975 2514 appareat
1001 2457 1115 2500 non
1143 2457 1244 2514 pro
1273 2440 1493 2500 ratione
1524 2443 1721 2504 nostra
1762 2457 1866 2501 nos
1901 2441 2092 2501 dolere
2136 2457 2542 2515 quemcumque
2589 2441 2852 2500 uidemur

608 2543 889 2617 amittere,
915 2544 1015 2604 sed
1037 2543 1307 2604 indicium
1328 2543 1515 2620 magis
1534 2543 1832 2604 ostendere
1853 2542 2223 2618 diffidentiae,
2247 2543 2346 2619 qui
2367 2560 2480 2604 non
2503 2542 2850 2603 sustinemus

608 2650 932 2710 nostrorum
960 2649 1338 2724 profectiones
1368 2648 1443 2709 ad
1469 2648 1792 2720 Dominum,
1824 2664 2064 2722 quorum
2091 2647 2580 2723 peregrinationes
2621 2646 2682 2705 in
2713 2662 2844 2705 sae-
2863 2664 2920 2706 ao

608 2752 733 2811 culo
772 2751 1147 2827 gratulamur.
1191 2752 1325 2826 quia
1354 2752 1638 2811 credimus
1665 2752 1864 2811 mundi
1888 2751 2084 2829 lucris,
2113 2752 2424 2811 toleramus
2455 2750 2640 2809 diuisa
2665 2749 2852 2808 nostri

606 2855 857 2929 corporis
880 2856 1147 2915 membra.
1179 2855 1231 2915 si
1253 2854 1535 2915 credimus
1557 2855 1664 2914 Dei
1685 2854 2000 2929 promissis,
2025 2856 2154 2929 post
2183 2853 2595 2915 abscessionem
2623 2854 2848 2912 nostro-

608 2975 734 3018 rum
786 2958 933 3017 nihil
992 2958 1151 3017 alind
1194 2974 1363 3033 quam
1413 2957 1634 3031 gratias
1686 2958 1984 3018 debuerint
2032 2974 2298 3018 resonare
2368 2956 2550 3018 nostri
2605 2954 2855 3031 pectoris

751 3324 779 3377 1
817 3338 942 3376 snae
977 3337 1113 3392 qnae
1148 3344 1187 3395 μ
1451 3325 1486 3379 2
1520 3324 1876 3379 desolationes
1909 3324 1948 3379 h
2217 3323 2463 3377 homines
2497 3323 2636 3377 ferre
2671 3322 2787 3378 Dm

611 3394 924 3478 numqnairs
938 3424 1037 3463 om.
1075 3409 1130 3464 Z
1330 3426 1363 3465 a
1397 3412 1471 3481 se}
1505 3414 1754 3481 parentes
1789 3427 1823 3465 a
1859 3428 1915 3465 se
1947 3412 1985 3466 h
2184 3411 2221 3464 4
2256 3412 2354 3465 aut
2384 3412 2602 3480 propter
2638 3409 2856 3463 litteras

610 3511 710 3547 om.
745 3496 782 3549 h
1009 3495 1044 3549 5
1076 3498 1195 3551 tota
1230 3495 1349 3550 uita
1381 3498 1492 3568 ὴμυ
1720 3498 2053 3567 commorari]
2091 3498 2406 3552 commoneri
2439 3496 2493 3550 Z
2722 3496 2757 3550 6
2790 3494 2856 3549 de

612 3581 721 3633 suis
757 3582 979 3650 cupiunt
1014 3584 1097 3637 Zv
1327 3583 1358 3636 7
1394 3584 1626 3655 palatia]
1660 3571 1834 3654 p'tiam
1869 3584 1924 3638 Z
2224 3583 2316 3637 uel
2350 3582 2702 3653 adquirendae
2736 3584 2790 3637 Z

610 3669 643 3719 8
679 3666 748 3720 ad
780 3684 883 3721 om.
919 3668 1001 3722 Ζυ
1194 3668 1403 3738 aliquas
1438 3686 1539 3728 om.
1576 3670 1660 3725 Zv
1851 3686 1946 3740 per
1979 3670 2018 3725 1.
2055 3686 2099 3723 e.
2133 3670 2388 3741 pericula]
2423 3686 2544 3725 cum
2579 3670 2764 3724 labore
2797 3671 2855 3724 et

610 3753 841 3821 periculo
877 3754 914 3809 h
1160 3756 1195 3811 9
1230 3772 1408 3811 omnes
1444 3772 1541 3812 om.
1579 3773 1686 3827 νμυ
1929 3758 1999 3812 10
2029 3756 2292 3827 palatium
2328 3756 2412 3811 Zv
2661 3756 2726 3809 11
2763 3754 2854 3824 ad]

610 3844 667 3897 et
702 3842 788 3897 ΖῙι
1014 3844 1085 3898 12
1118 3860 1150 3897 a
1182 3861 1241 3899 se
1273 3845 1511 3901 libenter
1540 3847 1578 3900 h
1805 3844 2122 3900 abscondere
2155 3844 2210 3899 Z
2428 3844 2494 3898 13
2528 3844 2774 3913 propter.
2797 3882 2810 3895 .
2831 3878 2846 3894 .

610 3929 643 3982 Ζ.
682 3931 750 3983 15
788 3928 1033 3983 admittit
1068 3946 1167 3985 om.
1191 3932 1229 3986 h
1362 3932 1568 3986 incerta
1600 3948 1694 4001 per
1729 3932 1952 4002 incerta]
1988 3947 2104 3985 rem
2139 3932 2400 3985 incertam
2423 3930 2479 3984 Ζ
2609 3929 2678 3983 14
2711 3931 2860 3984 certa

609 4030 704 4089 per
738 4016 904 4086 certa]
940 4019 1141 4071 certam
1178 4018 1230 4071 Z
1413 4019 1479 4072 16
1514 4020 1751 4086 separari
1787 4020 2108 4087 prouocante
2141 4015 2354 4071 diabolo
2394 4016 2477 4073 Ζυ
2662 4015 2730 4070 18
2759 4030 2858 4085 pa-

608 4100 727 4153 reat
760 4100 827 4169 1⁸¹
1008 4118 1106 4172 pro
1139 4105 1323 4157 nostra
1358 4105 1565 4157 ratione
1600 4119 1697 4157 nos
1731 4120 1783 4169 υ,
1817 4102 2184 4172 probationem
2220 4104 2460 4156 nostram
2497 4102 2548 4156 Z
2729 4116 2858 4170 qne-

608 4202 831 4255 cumque
864 4204 897 4241 ν
1034 4190 1102 4243 19
1135 4190 1193 4243 in
1228 4189 1481 4244 indicium
1518 4190 1646 4258 Ζμ“,
1682 4188 1943 4244 iudicium
1978 4190 2044 4259 μ’
2194 4190 2289 4258 qni
2309 4228 2320 4241 .
2343 4228 2354 4241 .
2376 4227 2389 4242 .
2399 4203 2463 4257 p.
2497 4190 2622 4251 279,
2657 4192 2688 4241 1
2725 4201 2858 4257 gau-

608 4272 699 4326 dia
732 4290 832 4329 om.
867 4276 905 4329 h
1132 4275 1204 4329 20
1235 4274 1588 4343 professiones
1624 4276 1679 4329 Z
1912 4275 2198 4345 peregrina
2231 4274 2286 4328 Z
2518 4274 2590 4328 22
2625 4274 2704 4327 sic
2736 4272 2857 4327 red—

608 4359 783 4413 dimus
818 4363 902 4430 μ’,
938 4360 985 4415 si
1022 4358 1348 4415 crederemus
1383 4362 1469 4416 Ζυ
1662 4363 1718 4415 et
1754 4360 1839 4415 dei
1872 4361 2193 4431 promissum
2217 4362 2270 4413 Ζ
2435 4359 2715 4415 absesione
2749 4380 2788 4429 μ

608 4446 677 4499 23
713 4448 936 4515 gratias]
974 4447 1029 4500 in
1066 4433 1165 4515 gr}
1200 4449 1253 4500 Z
1456 4445 1746 4501 debuerant
1780 4464 1814 4501 v
2019 4450 2288 4515 pectorum
2327 4446 2381 4499 Z
