3217 5150
920 519 1010 573 De
1043 517 1242 574 laude
1275 519 1604 588 martyrii
1647 535 1693 574 c.
1732 519 1951 574 13-15.
2482 523 2563 588 37

294 681 556 739 nostram
623 677 896 738 Dominus
967 677 1186 738 sciebat
1253 679 1462 737 armari
1477 723 1492 751 ,
1565 695 1677 752 quo
1746 678 1925 739 fortes
1983 681 2057 739 ad
2129 696 2350 739 omnem
2416 678 2563 739 tole-

295 783 546 842 rantiam
584 781 821 842 faceret.
872 781 1034 856 fili,
1095 782 1313 858 inquit,
1361 782 1718 843 accedens
1760 783 2117 843 seruituti
2160 783 2292 842 Dei
2335 784 2451 843 sta
2494 783 2565 842 in

299 886 603 945 iustitia
645 888 715 946 et
759 887 1019 946 timore
1064 887 1134 944 et
1191 903 1551 960 praepara
1606 886 1912 946 animam
1970 889 2163 946 tuam
2216 888 2299 946 ad
2344 889 2565 960 temp-

297 989 678 1048 tationem.
725 989 828 1048 sed
865 990 927 1048 et
969 988 1334 1048 beatissimus
1363 989 1577 1048 Paulus
1609 988 1903 1063 apostolus
1932 989 2275 1049 exclamauit
2303 990 2362 1049 et
2390 988 2562 1048 dicit:

250 1092 480 1152 zmihi
521 1093 774 1153 uiuere
819 1092 1158 1153 Christus
1203 1097 1316 1153 est
1357 1095 1431 1152 et
1473 1093 1655 1153 mori
1697 1094 1991 1153 lucrum.

387 1196 568 1266 Quam
609 1197 682 1256 ob
735 1213 854 1256 rem
871 1242 887 1270 ‚
935 1195 1212 1256 carissimi
1278 1196 1484 1256 fratres
1507 1242 1522 1270 ,
1566 1195 1679 1257 fide
1750 1195 1915 1256 firma
1974 1197 2271 1258 deuotione
2329 1195 2563 1255 robusta
2586 1191 2666 1251 15

296 1301 499 1359 contra
541 1317 736 1360 omnes
777 1299 991 1360 saeculi
1019 1303 1242 1359 atroces
1290 1301 1348 1360 et
1394 1315 1625 1374 asperos
1676 1299 2095 1375 insequentium
2147 1298 2409 1359 fremitus
2458 1299 2560 1357 ad-

295 1419 466 1462 uersa
509 1403 720 1462 uirtute
763 1403 1145 1463 resistendum
1189 1419 1296 1462 nec
1347 1402 1680 1476 timendum,
1742 1419 1979 1478 quorum
2022 1419 2154 1478 spes
2204 1401 2563 1462 aeternitatis

295 1506 359 1563 et
385 1505 510 1564 uita
538 1505 802 1565 caelestis
839 1508 926 1566 est
957 1521 1304 1579 quorumque
1346 1507 1513 1565 ardor
1541 1505 1601 1564 in
1649 1505 1911 1580 cupidine
1939 1505 2086 1566 lucis
2115 1506 2476 1566 succenditur
2504 1507 2563 1564 et

213 1626 280 1666 10
297 1609 453 1668 salus
484 1609 552 1669 de
581 1608 860 1683 promissa
888 1608 1299 1669 inmortalitate
1328 1609 1598 1668 laetatur.
1645 1609 1753 1668 hoc
1780 1626 1913 1669 uero
1937 1610 2088 1683 quod
2116 1609 2336 1668 catenis
2365 1611 2560 1668 artan-

293 1711 452 1770 tibus
491 1729 692 1771 manus
732 1710 1041 1772 adstrictae
1088 1713 1147 1772 et
1188 1712 1511 1772 circumacti
1549 1729 1757 1787 graues
1804 1711 2120 1773 ceruicibus
2160 1727 2339 1772 nexus
2380 1710 2559 1772 solido

300 1812 626 1887 deprimunt
653 1815 900 1889 pondere
929 1813 1023 1874 uel
1055 1814 1205 1888 quod
1234 1814 1426 1875 eculeo
1456 1831 1661 1890 corpus
1692 1817 1987 1876 extensum
2016 1816 2324 1876 candentes
2354 1813 2561 1875 stridet

296 1918 370 1975 ad
397 1917 661 1992 laminae,
689 1935 803 1978 non
832 1918 1136 1993 expetendi
1165 1917 1462 1994 sanguinis
1495 1921 1596 1979 sed
1626 1919 2017 1994 temptationis
2048 1921 2141 1979 est
2178 1935 2365 1982 causa.
2426 1935 2561 1978 nam

295 2022 356 2080 et
395 2019 578 2095 ipsam
615 2021 875 2096 martyrii
915 2021 1257 2096 dignitatem
1287 2022 1759 2095 quemadmodum
1789 2037 2083 2097 possemus
2114 2037 2420 2097 agnoscere
2445 2021 2561 2081 nisi

219 2141 274 2180 ιι,
294 2123 457 2183 illam
483 2125 657 2185 etiam
687 2143 814 2184 cum
843 2125 1046 2185 damno
1077 2124 1327 2199 corporis
1356 2124 1540 2185 nostri
1570 2142 1898 2200 cogeremur
1928 2127 2123 2200 optare
2139 2127 2167 2184 ἱ)
2214 2125 2369 2185 sensi
2397 2123 2559 2198 equi-

293 2228 441 2301 dem,
483 2245 586 2289 nec
623 2245 716 2288 me
745 2229 962 2290 ueritas
989 2227 1164 2302 fallit,
1210 2247 1336 2288 cum
1365 2244 1571 2289 saeuae
1601 2229 2048 2290 incumbentium
2074 2245 2276 2288 manus
2305 2227 2561 2288 membra

295 2331 636 2392 diuellerent
675 2334 946 2406 artusque
988 2332 1232 2392 laniatos
1277 2333 1459 2394 tortor
1487 2332 1749 2394 saeuiens
1780 2335 2042 2393 exararet
2070 2348 2176 2392 nec
2204 2335 2399 2392 tamen
2427 2330 2557 2391 uin-

293 2436 466 2509 ceret,
507 2435 993 2496 circumstantium
1019 2436 1215 2497 uerbis
1257 2425 1550 2512 ‘magnum
1577 2437 1735 2496 istud
1763 2421 1871 2496 est'
1916 2435 2028 2496 dici
2062 2426 2341 2510 ‘profecto
2369 2433 2557 2494 nescio

293 2538 448 2613 quid,
491 2555 605 2599 non
645 2538 935 2600 doloribus
964 2539 1176 2615 subigi,
1219 2555 1332 2601 non
1369 2539 1568 2616 poenis
1611 2538 1956 2615 angentibus
1987 2522 2217 2613 frangi’.
2264 2537 2365 2598 sed
2394 2537 2557 2598 erant

203 2658 274 2699 ao
293 2642 442 2702 aliae
471 2642 780 2703 dicentium
820 2660 1017 2705 uoces:
1061 2630 1146 2703 ‘et
1173 2645 1310 2717 puto
1339 2644 1549 2703 liberos
1589 2644 1783 2703 habet.
1828 2660 1961 2702 nam
1988 2643 2079 2701 est
2107 2641 2196 2699 illi
2224 2640 2465 2700 societas
2494 2640 2557 2698 in

292 2746 596 2821 penatibus
636 2747 858 2820 coniux,
901 2749 964 2807 et
1000 2748 1192 2808 tamen
1231 2764 1336 2807 nec
1375 2747 1602 2807 uinculo
1633 2746 1935 2821 pignerum
1964 2742 2118 2806 cedit
2146 2760 2253 2805 nec
2283 2728 2551 2817 obsequio

495 2948 532 3001 2
567 2946 665 3001 Sir.
701 2947 751 3013 2,
789 2946 836 3000 1.
870 2947 924 3004 2.
1064 2946 1099 3001 5
1133 2944 1274 3001 Phil.
1316 2947 1362 3012 1,
1397 2946 1484 3000 21.

427 3145 464 3199 2
497 3146 677 3214 inquit
712 3160 811 3201 om.
852 3144 1142 3216 P¹TQM¹,
1177 3144 1256 3198 ait
1291 3144 1389 3199 M²
1549 3143 1621 3197 ad
1656 3144 1970 3199 seruitutem
2004 3143 2092 3199 Pv
2250 3143 2286 3198 4
2318 3141 2555 3197 beatusi-

289 3246 412 3285 mus
448 3230 501 3284 T
721 3230 981 3285 exclamat
1019 3230 1091 3302 ρ’
1127 3231 1465 3301 (exclamauit
1499 3228 1666 3302 ΜΨ)
1882 3228 2018 3285 dixit
2055 3229 2143 3285 Pv
2348 3230 2383 3285 5
2418 3228 2554 3284 mihi

291 3330 394 3370 om.
429 3314 486 3371 Ρ
686 3319 720 3372 c
754 3304 832 3371 fr}
866 3301 986 3372 kffi‘
1019 3317 1065 3388 ρ
1271 3316 1309 3375 7
1345 3317 1518 3371 omnis
1557 3316 1620 3381 T,
1658 3317 1831 3371 minas
1857 3316 2081 3387 Μ’ρύ,
2116 3316 2277 3370 minis
2313 3314 2487 3387 M·Q¹

290 3404 486 3457 atrocis
521 3402 681 3474 LQT
898 3404 1072 3472 asperi
1110 3403 1158 3475 Q
1387 3403 1421 3457 8
1455 3402 1747 3457 resistendo
1786 3403 1849 3469 Τ,
1885 3402 2177 3458 resistendo
2217 3402 2279 3473 Q,
2318 3402 2553 3458 resistite

293 3490 370 3545 M
400 3491 475 3543 ite
506 3491 570 3543 in
604 3506 734 3556 raa,
767 3488 1120 3545 resistendum
1154 3493 1237 3545 est
1270 3508 1304 3545 v
1591 3506 1684 3559 spe
1719 3491 1776 3545 P
2071 3490 2105 3544 9
2140 3490 2241 3561 est]
2279 3492 2334 3544 et
2372 3488 2420 3544 Τ

287 3574 470 3631 ardori
501 3576 578 3631 L¹
741 3576 1040 3646 cupidinem
1081 3594 1110 3633 v
1266 3576 1571 3631 accenditur
1602 3593 1639 3633 v
1779 3577 1846 3631 10
1880 3574 2165 3631 inmortale
2199 3575 2425 3648 M²Q¹T

289 3666 512 3734 eatenis]
548 3664 694 3719 canis
734 3664 786 3718 T
1029 3661 1344 3733 aptantibus
1384 3663 1431 3734 Q
1686 3664 1753 3717 11
1790 3664 1964 3717 manis
2001 3663 2081 3717 P¹
2335 3664 2555 3717 strictae

289 3752 354 3807 N
352 3751 450 3819 Tv,
486 3752 678 3806 stricta
716 3751 763 3823 ρ
931 3748 998 3804 12
1033 3749 1293 3804 stridente
1329 3748 1391 3814 Τ,
1429 3749 1709 3805 stride-ntis
1748 3750 1795 3822 Q
1983 3750 2052 3805 13
2086 3748 2155 3803 ad
2189 3749 2417 3805 laminas
2452 3765 2553 3805 om.

293 3839 357 3910 Q,
393 3838 504 3892 iam
536 3838 710 3892 minas
747 3838 802 3892 Τ
1084 3852 1190 3892 non
1224 3826 1502 3905 expetendi
1537 3852 1641 3892 om.
1686 3836 1732 3907 Q
2016 3836 2330 3905 temptionis
2369 3835 2421 3889 Τ

291 3924 360 3978 14
394 3926 510 3995 ipsa
545 3924 597 3978 Τ
727 3938 1008 3994 possumus
1046 3922 1110 3994 Q,
1145 3923 1410 3992 possimus
1447 3922 1498 3977 Τ
1634 3920 2017 3993 adcognoscere
2048 3922 2105 3977 L
2256 3922 2323 3976 15
2356 3920 2555 3977 damna

287 4010 505 4082 LPQT
636 4012 806 4066 sensic
829 4010 1044 4080 quidem
1079 4009 1136 4064 P
1296 4011 1362 4066 16
1396 4009 1558 4065 fallet
1595 4008 1699 4080 ΩΤ
1854 4024 1975 4063 seue
2015 4010 2078 4080 Q,
2112 4024 2270 4079 saepe
2305 4008 2417 4064 LP

289 4097 356 4151 17
393 4096 704 4153 diuellerint
736 4098 792 4153 P
1053 4098 1302 4166 artesque
1337 4097 1478 4152 12¹1>
1731 4096 1967 4151 laniatus
2007 4095 2109 4167 QT
2360 4096 2553 4165 tortor]

285 4186 380 4239 tor
415 4182 468 4238 Τ
703 4187 972 4239 exarearet
1007 4184 1060 4239 Τ
1307 4183 1376 4239 18
1409 4183 1576 4252 istud]
1617 4184 1771 4237 ustus
1810 4182 1914 4254 QT
2186 4180 2293 4237 dici
2328 4196 2431 4237 om.
2471 4180 2553 4252 Qu

285 4271 430 4340 (esch.
468 4270 562 4339 Μ)
799 4271 1058 4340 profectio
1095 4269 1316 4340 NPQT
1551 4269 1619 4323 19
1654 4269 1794 4339 quod
1832 4269 1914 4341 Qu
2152 4268 2323 4323 subici
2358 4268 2425 4323 N

283 4356 573 4428 agentibus
600 4358 702 4430 QT
893 4358 970 4415 20
991 4358 1138 4413 uocis
1164 4356 1266 4428 ΩΤ
1451 4354 1639 4411 liberis
1666 4354 1769 4427 91⁷
1951 4354 2195 4424 societas]
2220 4355 2361 4410 socia
2384 4368 2418 4407 v

283 4444 357 4499 21
393 4445 602 4515 coniux]
639 4445 830 4515 quoius
868 4444 972 4517 01*
1497 4454 1518 4477 ·
