3217 5150
885 599 977 652 De
1011 599 1214 656 laude
1249 603 1570 670 martyrii
1603 617 1647 655 0.
1686 602 1906 658 11-13,
2439 607 2525 673 35

253 760 479 833 quanta
525 753 589 818 in
639 757 930 834 praesenti
978 757 1198 819 tributa
1245 759 1326 820 sit
1369 775 1604 822 merces.
1652 761 1704 820 si
1757 761 2004 822 saeuitia
2042 761 2172 836 fuit,
2218 763 2425 824 cessit:
2472 763 2527 824 si

257 862 488 922 flamma
516 862 648 936 fuit,
679 861 954 922 consedit.
983 864 1110 922 erat
1130 861 1281 923 enim
1302 880 1418 922 una
1438 880 1597 923 mens
1627 864 1888 925 omnibus
1918 883 2087 940 quam
2114 882 2221 926 nec
2249 865 2525 927 uiolentia

256 965 554 1041 frangeret
592 983 699 1026 nec
739 965 828 1026 ira
875 966 1234 1026 subuerteret
1280 981 1385 1026 nec
1413 983 1450 1024 a
1476 967 1797 1027 deuotionis
1828 968 2095 1043 obsequio
2124 969 2297 1029 timor
2322 969 2525 1030 mortis

257 1069 568 1131 inhiberet.
614 1070 766 1130 unde
815 1085 919 1144 per
971 1067 1218 1144 gratiam
1270 1067 1500 1129 Domini
1550 1070 1767 1131 factum
1818 1073 1908 1132 est
1948 1074 2014 1131 ut
2054 1072 2139 1133 sic
2177 1073 2240 1131 in
2278 1072 2397 1133 illis
2426 1089 2527 1134 rex

205 1189 236 1228 s
255 1173 452 1246 potius
491 1171 779 1232 uideretur
817 1170 1052 1246 punitus
1080 1188 1226 1244 esse,
1257 1172 1393 1231 dum
1429 1173 1685 1232 euadunt
1725 1191 1866 1249 quos
1908 1190 1970 1234 se
2017 1175 2333 1236 crediderat
2374 1176 2523 1236 occi-

257 1274 435 1334 disse.

345 1377 513 1438 Nunc
540 1378 654 1437 iam
683 1379 755 1437 ad
793 1394 919 1437 eam
947 1395 1084 1453 rem,
1130 1376 1342 1438 fratres
1381 1377 1681 1455 carissimi,
1724 1381 1951 1440 ueniam
1980 1396 2051 1439 ex
2081 1397 2193 1455 qua
2223 1382 2517 1444 ostendere
2540 1381 2621 1440 13

135 1480 138 1481 ⁷
253 1481 401 1540 satis
431 1481 646 1554 possim
675 1482 889 1554 quanta
917 1480 1178 1556 martyrii
1205 1479 1392 1541 uirtus
1419 1481 1728 1541 habeatur:
1772 1499 1917 1556 quae
1958 1483 2189 1544 tametsi
2216 1486 2306 1544 est
2336 1485 2525 1545 omni-

255 1585 366 1643 bus
395 1586 531 1644 nota
559 1600 774 1659 proque
802 1584 1091 1658 ingenitae
1120 1583 1403 1645 claritatis
1433 1585 1759 1659 insignibus
1790 1587 2122 1661 expetenda,
2169 1589 2364 1648 tamen
2392 1589 2525 1663 plus

181 1707 236 1747 ιο
255 1686 482 1748 addidit
520 1687 833 1747 necessitas
875 1687 1148 1761 temporis
1190 1686 1471 1748 desiderio
1511 1689 1847 1762 uoluptatis.
1894 1689 2105 1750 etenim
2144 1692 2232 1751 001
2273 1693 2524 1753 muneris

253 1789 452 1864 magni
482 1790 532 1848 si
561 1807 627 1850 eo
661 1771 914 1864 tempore
959 1791 1089 1865 quis
1131 1792 1428 1850 coronetur
1472 1807 1582 1864 (100
1615 1793 1942 1851 coronatum
1983 1809 2047 1853 se
2077 1793 2260 1868 putat,
2294 1795 2347 1853 si
2375 1795 2525 1857 forte

255 1893 548 1954 moriatur.
581 1894 761 1967 igitur
791 1911 917 1953 cum
947 1889 1026 1953 sit
1055 1892 1296 1953 sublime
1325 1894 1720 1970 excelsumque
1744 1895 2098 1971 martyrium,
2129 1914 2314 1958 nonne
2338 1899 2523 1974 010310

253 2000 346 2057 001
365 1996 769 2070 necessarium,
794 2015 922 2057 cum
949 1999 1194 2058 mundus
1222 1997 1348 2072 ipse
1371 1998 1727 2058 subuertitur
1746 1998 2070 2073 partimque
2093 2000 2231 2060 orbe
2254 2017 2522 2063 concusso

253 2102 463 2160 natura
490 2099 758 2160 deficiens
784 2099 976 2160 ultimi
1006 2101 1191 2160 exitus
1219 2103 1581 2161 monumenta
1597 2103 1858 2200 ,testatur
1872 2106 1900 2161 ¹?
1946 2120 2078 2162 nam
2108 2105 2166 2164 et
2196 2121 2323 2164 cum
2364 2105 2521 2166 caelo

179 2223 233 2261 15
254 2203 439 2262 imber
481 2202 778 2276 incumbit,
830 2202 1058 2276 pluuias
1102 2220 1200 2264 aer
1239 2203 1407 2264 triste
1435 2204 1779 2279 praetendit,
1823 2206 1882 2264 01
1928 2206 2188 2281 (10011000
2220 2209 2347 2267 0110
2373 2211 2519 2269 tem-

251 2308 451 2380 pestas
478 2305 733 2366 horrenti
763 2305 1021 2366 imminet
1057 2306 1282 2381 pelago,
1333 2324 1437 2382 per
1485 2308 1837 2383 intersperta
1886 2309 2121 2370 nubium
2170 2312 2303 2370 0010
2354 2329 2519 2372 coru-

254 2409 542 2469 scantium
568 2409 810 2470 fulmina
836 2411 1223 2470 relucescunt:
1271 2410 1372 2471 sed
1400 2412 1459 2472 et
1487 2429 1617 2472 cum
1658 2412 1883 2486 magnis
1911 2429 2065 2472 mare
2093 2412 2361 2474 fluctibus
2392 2415 2518 2475 uol-

252 2511 411 2572 uitur
431 2557 445 2585 ,
487 2513 766 2587 paulatim
810 2512 963 2571 unda
1002 2530 1066 2572 se
1111 2511 1269 2573 tollit
1316 2513 1707 2589 paulatimque
1758 2532 1967 2590 aequor
2018 2516 2290 2593 albescit,
2343 2518 2521 2579 donec

253 2634 457 2677 cernas
485 2618 567 2677 ita
597 2619 956 2691 postmodum
985 2634 1170 2691 ruere,
1202 2622 1268 2677 ut
1294 2619 1356 2677 in
1387 2616 1506 2678 illis
1535 2619 1743 2695 quibus
1774 2619 2100 2679 retunditur
2132 2621 2287 2679 saxis
2317 2638 2519 2696 spuma

395 2893 420 2941 1
449 2885 676 2956 tributa]
702 2886 1052 2941 tribulatione
1076 2886 1156 2941 Tv
1177 2887 1272 2941 sed
1293 2887 1357 2941 θη
1379 2888 1431 2942 Τ
1445 2887 1592 2942 tione
1609 2903 1651 2942 s.
1672 2887 1725 2952 1.,
1748 2887 2013 2943 tribulata
2039 2889 2086 2960 Q
2259 2891 2515 2945 saeuitiae

247 2972 430 3037 LPT,
464 2970 688 3027 sebitiae
726 2973 774 3044 Q
979 2972 1089 3027 fuit
1124 2972 1435 3043 LNPQT1,
1469 2973 1701 3027 furentis
1740 2974 1831 3040 T2,
1864 2975 2012 3045 fugit
2044 2993 2078 3031 v
2283 2978 2443 3031 cessit
2467 2978 2516 3031 si

251 3058 435 3130 LNQ,
470 3060 535 3114 in
569 3074 741 3130 mara.
778 3058 904 3114 add.
942 3060 1023 3127 P,
1059 3061 1277 3114 cesserit
1313 3060 1388 3126 Τ,-
1411 3060 1458 3113 01
1494 3060 1655 3114 cessit
1688 3078 1723 3115 υ
1927 3061 1963 3115 2
1998 3060 2105 3116 fuit
2138 3062 2378 3117 consedit
2413 3080 2513 3118 om.

257 3144 373 3215 ΩΤ,
407 3143 656 3199 constitit
691 3160 724 3199 v
929 3148 985 3199 et
1022 3147 1137 3199 0101
1170 3146 1243 3213 P,
1281 3145 1595 3200 constiterat
1634 3146 1736 3217 ΩΤ
1933 3147 1969 3201 3
2004 3147 2319 3219 deuotionis]
2357 3150 2516 3204 (1000-

249 3230 483 3285 cationis
533 3231 586 3285 T
854 3232 890 3286 4
935 3233 994 3287 in
1043 3248 1143 3287 om.
1192 3232 1245 3286 T
1510 3232 1546 3287 5
1588 3232 1823 3288 occidere
1869 3234 2077 3305 LQTv3
2126 3251 2250 3303 pars
2284 3236 2515 3291 secunda

251 3317 385 3371 add.
420 3317 475 3372 L
615 3317 647 3371 7
687 3334 806 3371 eam
840 3319 970 3388 rem]
1007 3318 1189 3373 eadem
1230 3318 1331 3389 QT
1463 3320 1587 3389 qua]
1627 3319 1821 3388 quibus
1858 3320 1932 3375 M
1961 3322 2027 3375 in
2061 3336 2171 3375 ras.
2209 3322 2337 3390 (qua.
2376 3322 2445 3393 Q)

247 3404 288 3457 8
323 3419 458 3471 quae
491 3406 674 3457 tamen
709 3404 813 3457 etsi
845 3404 921 3469 N,
957 3405 1052 3474 qui
1088 3404 1253 3458 etiam
1289 3405 1391 3457 etsi
1430 3404 1492 3475 Q,
1528 3404 1623 3473 qui
1659 3405 1823 3459 etiam
1859 3405 1907 3459 si
1942 3408 2109 3461 etiam
2146 3407 2199 3461 T
2338 3409 2513 3463 omni-

247 3488 354 3542 bus
389 3491 470 3543 est
501 3506 538 3544 v
742 3490 776 3544 9
810 3506 956 3560 proq.
991 3492 1061 3547 N
1088 3507 1138 3560 q.
1175 3492 1240 3546 in
1272 3507 1400 3558 rae„
1435 3507 1530 3561 pro
1566 3508 1673 3560 (100
1710 3491 1813 3563 QT
2013 3494 2261 3548 claritate
2295 3495 2343 3548 is
2378 3494 2431 3549 T

252 3575 322 3628 10
355 3575 654 3630 uoluntatis
690 3576 784 3633 Nv
1007 3578 1218 3631 muneri
1251 3578 1437 3646 magni
1473 3576 1542 3643 L,
1577 3578 2063 3647 munerisffmagnis
2099 3578 2273 3650 M²Q¹
2308 3580 2419 3647 (nis
2452 3582 2513 3635 in

245 3661 308 3713 ni
344 3676 484 3716 corr.
520 3660 729 3734 M‘92),
763 3663 820 3717 in
856 3664 1090 3717 muneris
1126 3665 1338 3734 1003010
1374 3662 1475 3729 N2,
1511 3664 1570 3717 in
1607 3664 1913 3719 muneribus
1946 3666 2158 3734 1003010
2193 3666 2418 3721 ΝῬΤυ

251 3748 315 3801 11
354 3748 477 3817 quo]
515 3749 610 3816 qui
646 3750 704 3803 P
909 3751 976 3805 12
1012 3750 1310 3804 0101100101·
1335 3750 1387 3804 T
1587 3753 1643 3804 et
1668 3751 2032 3821 excelsumque
2059 3753 2114 3806 P
2269 3737 2279 3749 ⁸
2316 3756 2508 3825 nonne]

249 3848 390 3886 11000
430 3832 562 3904 QTv
785 3834 854 3889 13
889 3851 1009 3889 cum
1043 3837 1255 3905 scripsi,
1293 3852 1398 3904 quo
1436 3834 1719 3907 LNPQT‚
1757 3835 1969 3905 quando
2005 3855 2039 3893 v
2262 3837 2407 3893 orbis
2442 3840 2520 3895 M

246 3916 398 3982 (orbe
435 3918 522 3989 Q),
559 3919 626 3973 ob
663 3920 730 3975 N
929 3937 1185 3976 concursu
1208 3922 1294 3987 M,
1330 3938 1609 3977 concursso
1640 3922 1701 3993 Q,
1738 3938 1989 3977 concussa
2012 3922 2099 3977 N*
2309 3924 2378 3978 14
2399 3940 2515 3980 mo-

246 4007 431 4058 menta
465 4021 498 4059 v
713 4008 984 4061 testantur
1018 4008 1073 4061 P
1283 4010 1339 4063 et
1373 4024 1472 4063 om.
1513 4008 1565 4062 T
1791 4009 1859 4063 15
1889 4008 2078 4079 pluuia
2112 4026 2167 4065 se
2200 4012 2359 4064 triste
2397 4011 2513 4082 QT,

245 4089 491 4159 pluuiam
545 4092 760 4146 tristem
803 4109 891 4147 aer
937 4094 1029 4147 uel
1071 4094 1288 4163 pluuias
1333 4109 1424 4148 001·
1473 4094 1651 4149 tristis
1685 4112 1719 4151 v
1994 4094 2229 4150 ostendit
2267 4097 2438 4152 Oxou.

247 4176 317 4229 16
329 4176 548 4231 horrent
566 4193 706 4233 corr.
721 4178 787 4232 in
800 4179 1022 4236 horrens
1041 4180 1092 4233 T
1222 4180 1365 4234 inter
1381 4182 1566 4249 aperta
1582 4180 1806 4234 nubium
1827 4182 1951 4235 ante
1973 4180 2103 4248 NP,
2127 4183 2513 4253 interspertam

245 4249 472 4315 humum
509 4266 637 4317 ante
661 4264 729 4329 L,
764 4268 1006 4334 apertam
1029 4266 1274 4321 humium
1298 4268 1452 4320 00010
1474 4266 1536 4337 Q,
1560 4267 1705 4320 inter
1726 4269 1912 4336 aperta
1934 4266 2179 4322 humium
2198 4272 2349 4323 necte
2372 4269 2421 4322 T

247 4346 320 4403 17
357 4346 580 4403 flumina
614 4350 719 4422 PQ
958 4351 1284 4407 relucescent
1320 4352 1397 4405 M
1437 4351 1790 4421 (relucescunt
1828 4352 1895 4423 Q)
2137 4356 2194 4407 01
2227 4370 2325 4409 om.
2364 4354 2417 4407 L

246 4449 395 4488 mare
427 4435 639 4504 magnis
673 4452 706 4491 υ
913 4438 980 4491 18
1016 4437 1277 4506 paulatim
1299 4476 1311 4489 .
1330 4475 1350 4495 .
1369 4478 1379 4490 .
1399 4438 1552 4492 tollit
1588 4454 1689 4495 om.
1731 4438 1778 4509 Q
1997 4441 2063 4495 19
2098 4440 2154 4493 in
2188 4440 2321 4508 illis]
2348 4441 2515 4495 illisis

255 4518 433 4577 02:02⁸.
641 4520 854 4590 quibus]
891 4521 1108 4591 quidem
1142 4523 1209 4577 N
1408 4523 1566 4592 saxis]
1604 4523 1719 4577 axis
1755 4525 1810 4578 P
2014 4542 2257 4595 spumam
2292 4544 2324 4581 v

1991 4616 2096 4677 3*
