3217 5150
654 547 787 614 276
1591 547 1956 617 Appendix.

654 706 921 766 miserum
950 705 1227 766 laborare.
1278 707 1353 766 aa
1381 706 1517 781 quid
1548 706 1924 766 christianam
1971 705 2196 766 fidelem
2247 707 2498 768 animm
2541 711 2716 783 putas
2745 685 2902 770 int‘ra

654 825 936 870 carcerem
962 810 1159 869 mundi
1186 808 1459 870 remorari
1488 810 1752 870 debuisse
1781 811 1874 869 cui
1901 811 2059 869 totus
2103 811 2348 870 mundus
2373 813 2742 887 naufragium
2785 817 2896 873 est.

652 913 833 972 tantis
862 913 923 971 et
946 912 1165 972 talibus
1194 913 1639 988 tempestatibus
1681 913 1838 972 uitae
1887 915 1980 972 tot
2027 913 2494 988 impugnationes
2521 915 2755 989 diaboli,
2805 919 2898 976 tot

656 1017 905 1091 corporis
932 1017 1104 1090 bella,
1134 1019 1225 1077 tot
1266 1017 1484 1077 saeculi
1512 1018 1704 1077 clades
1759 1017 1866 1093 [tot
1895 1017 2270 1094 calamitates]
2301 1019 2508 1079 euasit.
2537 1023 2598 1078 et
2623 1019 2897 1080 lacrimas

654 1121 849 1180 fundis
866 1167 883 1194 ,
938 1121 1104 1195 quasi
1148 1121 1369 1181 nescias
1406 1121 1543 1195 quid
1572 1121 1634 1180 in
1683 1123 1740 1180 te
1771 1121 1895 1194 ipse
1943 1121 2152 1181 cotidie
2195 1123 2458 1196 patiaris.
2488 1125 2722 1198 propter
2750 1125 2904 1198 quod
2923 1146 2949 1183 s

655 1224 927 1285 Dominus
956 1225 1039 1285 sic
1068 1225 1331 1284 admonet
1355 1225 1642 1298 apostolos
1671 1241 1807 1284 suos
1865 1225 2090 1284 dicens:
2145 1224 2212 1285 si
2255 1242 2354 1284 me
2397 1225 2900 1299 dilexissetis,

654 1329 1115 1404 gauderetis,
1160 1328 1499 1403 quoniam
1540 1329 1718 1388 uado
1763 1329 1845 1386 ad
1887 1318 2194 1402 patrem.
2249 1329 2418 1404 plane
2461 1331 2747 1388 mortuum
2785 1329 2922 1410 La-‚

656 1449 846 1492 zatum
874 1432 1056 1504 fleuit,
1086 1433 1187 1492 sed
1216 1449 1331 1491 non
1360 1431 1479 1492 tuis
1508 1431 1782 1492 lacrimis.
1827 1432 2264 1493 resurrectionis
2291 1433 2605 1507 promissor
2651 1433 2902 1493 dolorem

654 1536 855 1597 docere
880 1553 996 1595 non
1025 1537 1270 1611 poterat,
1322 1553 1395 1595 ne
1422 1537 1595 1597 fidem
1623 1537 1922 1612 perfidiam
1963 1537 2182 1597 faceret
2211 1553 2381 1611 quam
2427 1538 2685 1596 docebat.
2718 1536 2903 1595 doluit

652 1640 927 1699 Lazarum
954 1657 1068 1700 non
1096 1640 1483 1714 dormientem,
1516 1641 1618 1700 sed
1643 1641 1838 1715 potius
1880 1641 2293 1715 resurgentem,
2325 1643 2385 1699 et
2403 1639 2582 1699 flebat
2609 1656 2775 1715 quem
2805 1657 2900 1698 co·
2925 1665 2984 1702 ιο

655 1743 899 1817 gebatur
924 1745 1155 1817 propter
1198 1744 1503 1804 saluandos
1550 1743 1698 1804 alios
1729 1744 1808 1820 [et
1835 1743 2258 1805 confundendos
2299 1743 2639 1820 incredulos]
2669 1743 2901 1802 saeculo

655 1861 941 1907 reuocare.
970 1847 1119 1906 hanc
1147 1847 1330 1906 uitam
1360 1848 1501 1906 dans
1531 1846 1806 1906 Dominus
1835 1847 2264 1922 ingemiscebat,
2295 1865 2467 1922 quam
2487 1849 2553 1906 tu
2583 1846 2742 1906 doles
2771 1863 2899 1905 esse

658 1950 963 2011 sublatam.
1010 1953 1207 2011 contra
1233 1950 1504 2011 lacrimas
1535 1951 1660 2010 eius
1703 1953 1962 2026 pugnant
1993 1951 2260 2012 lacrimae
2289 1954 2443 2023 tuae,
2489 1953 2548 2009 et
2575 1965 2734 2009 amor
2759 1952 2898 2009 tuus

658 2053 836 2114 amori
864 2054 1009 2113 eius.
1050 2054 1171 2113 eius
1196 2052 1364 2114 fletus
1392 2071 1505 2114 non
1534 2054 1710 2112 habet
1735 2071 1948 2129 parem.
1977 2053 2078 2114 ille
2101 2053 2331 2114 nolebat
2352 2054 2588 2114 reddere
2607 2051 2904 2112 laboribus

658 2175 826 2232 quem
856 2157 1155 2232 dilexerat,
1200 2160 1261 2217 et
1290 2160 1355 2216 tu
1383 2174 1576 2217 amare
1619 2161 1678 2218 te
1707 2159 1890 2218 credis
1919 2160 2010 2218 cui
2039 2160 2296 2219 laborum
2323 2157 2558 2220 uolebas
2587 2160 2775 2220 adhuc
2803 2175 2907 2218 re·
2927 2178 2978 2217 ιε

658 2263 811 2322 stare
833 2265 1131 2323 tormenta.
1162 2265 1417 2324 ceterum
1440 2261 1493 2322 si
1513 2265 1682 2337 putes
1712 2279 1840 2322 eum
1866 2267 2150 2323 mortuum
2177 2265 2454 2322 Lazarum
2474 2263 2745 2336 doluisse,
2769 2266 2906 2322 ante

656 2383 771 2426 non
799 2365 1153 2441 permisisset
1202 2365 1355 2426 exire
1406 2366 1504 2440 qui
1552 2366 1827 2440 repellere
1881 2369 2109 2442 poterat
2155 2369 2393 2427 mortem
2407 2411 2424 2440 ,
2477 2369 2579 2427 aut
2607 2367 2761 2427 certe
2791 2383 2906 2425 non

654 2469 818 2530 fleret
846 2469 946 2544 qui
974 2471 1260 2529 mortuum
1288 2469 1630 2529 resuscitare
1658 2471 2020 2544 postmodum
2048 2471 2330 2530 habuerat
2354 2471 2712 2545 potestatem.
2759 2471 2910 2530 unde

654 2576 899 2649 apparet
928 2573 1052 2633 sola
1078 2592 1207 2634 eum
1238 2592 1407 2634 causa
1436 2573 1618 2635 fuisse
1648 2577 1987 2634 commotum
2015 2574 2170 2649 quod
2197 2574 2269 2633 ad
2299 2573 2567 2634 hostilem
2589 2561 2776 2633 ⁴uitam
2806 2591 2905 2632 ca-

656 2677 948 2737 rissimum
976 2694 1143 2737 suum
1173 2693 1442 2737 reuocare
1474 2676 1658 2737 denuo
1708 2680 1943 2751 propter
1974 2677 2288 2739 credituros
2342 2677 2568 2752 aliquos
2621 2678 2714 2739 uel
2764 2694 2902 2737 cou-
2925 2696 2980 2737 πο

660 2780 983 2841 fundendos
1014 2780 1337 2841 incredulos
1380 2779 1713 2855 urgebatur.
1770 2782 2011 2855 denique
2067 2780 2149 2841 sie
2180 2783 2518 2842 subsecutus
2549 2784 2639 2841 est
2681 2781 2905 2841 dicens:

797 2950 831 3002 6
866 2948 943 3002 Io.
979 2949 1065 3015 14,
1098 2947 1183 3001 28.

802 3087 831 3138 1
868 3085 937 3139 ad
971 3084 1133 3155 quid.
1156 3126 1167 3139 .
1190 3087 1261 3143 ,1.
1296 3088 1337 3141 2
1370 3089 1456 3141 est
1490 3102 1591 3143 om.
1629 3087 1668 3142 h
1878 3086 1947 3140 ad
1982 3086 2132 3156 quid]
2171 3086 2379 3155 aliquid
2415 3106 2454 3156 μ
2659 3084 2914 3139 christia-

663 3187 791 3225 nam
825 3175 881 3227 et
916 3190 966 3237 v,
1000 3172 1258 3227 tristitia:
1295 3189 1419 3227 nam
1456 3173 1511 3226 Z
1751 3174 1788 3227 2
1821 3172 2068 3228 debuisse
2102 3189 2203 3227 om.
2239 3172 2292 3226 Z
2537 3172 2572 3225 3
2605 3170 2813 3225 talibus
2851 3184 2914 3224 ac

664 3261 835 3316 tantis
869 3263 907 3317 h
1142 3262 1199 3314 et
1228 3276 1335 3317 om.
1368 3277 1439 3330 νμ.
1715 3260 1894 3315 zabuli
1929 3276 2002 3329 νμ
2237 3260 2277 3313 4
2309 3258 2489 3313 clades
2525 3258 2726 3313 saeculi
2760 3258 2845 3311 Zv

662 3351 749 3403 tot
782 3348 1119 3404 calamitates
1155 3364 1257 3403 om.
1294 3348 1405 3416 mh
1679 3348 1713 3401 5
1749 3346 1893 3416 quod
1927 3347 2044 3416 Ζμ.ι
2307 3346 2342 3400 6
2376 3345 2631 3400 admonet
2664 3344 2914 3399 dominus

664 3436 763 3505 (sic
797 3438 919 3505 om.)
954 3436 992 3490 h
1229 3449 1315 3488 me
1348 3433 1654 3503 diligeretis
1691 3434 1788 3501 Zv,
1823 3432 2124 3502 diligeretis
2161 3446 2246 3485 me
2281 3432 2320 3485 h
2570 3430 2601 3483 7
2639 3430 2913 3499 quoniam]

666 3522 793 3591 quia
826 3523 865 3577 h
1124 3520 1363 3575 lazarum
1396 3520 1551 3574 fleuit
1584 3522 1856 3574 mortuum
1891 3522 1929 3576 h
2178 3519 2213 3573 8
2246 3534 2356 3573 non
2389 3518 2502 3571 tuis
2535 3518 2573 3571 1.
2610 3534 2657 3582 r,
2693 3517 2918 3570 nuntius

666 3609 901 3663 lacrimis
937 3628 992 3677 μ,
1030 3623 1138 3662 non
1170 3610 1293 3661 tuas
1327 3606 1632 3675 lachrymas
1669 3607 1816 3661 fudit
1848 3608 1901 3672 h,
1935 3621 2045 3661 non
2079 3622 2204 3661 suas
2241 3604 2384 3660 fudit
2420 3606 2471 3659 Z
2675 3603 2916 3658 dolorem

667 3695 866 3766 docere]
905 3694 1083 3749 dolere
1117 3712 1151 3749 v
1388 3695 1422 3749 9
1455 3710 1553 3748 nec
1586 3692 1692 3747 fide
1726 3694 1782 3747 Z
1981 3693 2238 3763 perfidam
2274 3712 2314 3762 μ
2556 3692 2625 3746 10
2658 3694 2716 3745 et
2749 3687 2920 3743 flebat

668 3798 767 3839 om.
806 3782 861 3837 Z
1129 3782 1194 3835 11
1232 3782 1287 3835 et
1322 3796 1365 3836 c.
1404 3780 1704 3859 incredulos
1739 3797 1841 3835 om.
1877 3781 1988 3850 νμὴ
2251 3778 2319 3833 ad
2355 3778 2624 3833 saeculum
2661 3778 2780 3832 Zhv

569 3919 575 3926 .
668 3870 737 3924 12
770 3856 871 3923 dfls
904 3868 1037 3923 dans
1072 3867 1127 3922 Z
1405 3882 1565 3936 qnam
1600 3865 1682 3936 tu]
1721 3868 1984 3935 quantum
2020 3868 2086 3936 μ.ι
2369 3865 2438 3937 14
2473 3865 2671 3919 amoris
2706 3880 2778 3933 νμ.

671 3955 803 4025 eius]
841 3970 947 4009 non
990 3954 1242 4009 conuenit
1286 3953 1415 4009 add.
1450 3953 1521 4009 hv
1759 3953 1874 4007 eius
1919 3952 2108 4007 fletum
2143 3968 2191 4017 r,
2235 3951 2453 4005 flectum
2489 3970 2544 4020 μ,
2595 3948 2754 4004 fletus
2799 3948 2920 4002 eius

672 4042 738 4107 Ζ,
771 4041 861 4095 hic
896 4040 1053 4096 fletus
1085 4042 1123 4096 h
1350 4057 1537 4110 parum
1572 4058 1621 4106 r,
1655 4040 1914 4111 pietatem
1947 4041 1986 4095 h
2213 4038 2283 4094 15
2317 4040 2375 4093 te
2410 4054 2510 4093 om.
2548 4038 2604 4091 Z
2611 4060 2628 4103 ,·
2669 4034 2918 4091 credebas

670 4129 727 4182 te
760 4127 797 4182 h
988 4128 1205 4198 restare]
1242 4130 1511 4197 praestare
1543 4128 1581 4181 h
1765 4127 1833 4181 16
1866 4128 2026 4196 putas
2061 4125 2183 4181 Zhv
2366 4126 2644 4179 mortuum
2677 4139 2777 4178 om.
2815 4124 2852 4176 h

670 4214 818 4284 ante]
854 4230 924 4268 an
959 4234 999 4284 μ
1206 4213 1271 4268 17
1308 4214 1521 4283 poterat
1558 4212 1814 4281 repellere
1849 4232 1906 4283 μ,
1939 4212 2194 4283 repellere
2230 4212 2413 4282 potuit
2435 4210 2488 4277 h,
2524 4225 2687 4279 quam
2722 4208 2921 4277 pellere

668 4303 880 4371 poterat
913 4300 965 4355 Z
1247 4301 1317 4355 18
1350 4298 1611 4355 suscitare
1645 4300 1697 4363 h,
1732 4297 2089 4354 resuscitandi
2124 4298 2210 4352 Zv
2495 4295 2564 4349 19
2595 4298 2750 4365 paret
2785 4298 2850 4366 μι

671 4402 792 4441 eum
830 4386 944 4441 sola
978 4402 1039 4441 ea
1075 4386 1153 4441 Zv
1392 4388 1722 4440 summotum
1757 4386 1805 4439 Z
2029 4385 2206 4440 uitam
2241 4400 2342 4439 om.
2379 4383 2433 4436 Z
2659 4382 2728 4436 20
2763 4398 2920 4435 suum

668 4488 770 4527 om.
807 4474 844 4527 h
1048 4471 1221 4527 denno
1256 4474 1313 4526 et
1345 4473 1383 4527 h
1586 4472 1694 4541 uel]
1731 4474 1787 4526 et
1821 4473 1859 4527 h
2065 4471 2132 4526 21
2169 4456 2270 4525 d'ns
2305 4469 2483 4525 dicens
2520 4468 2604 4524 Zv
