3217 5150
667 548 792 612 206
1603 544 1969 614 Appendix.

665 681 918 765 tionibus
948 702 1241 778 appetitur
1256 707 1284 764 ¹?
1345 704 1446 762 aut
1496 702 1723 762 illorum
1774 704 1887 763 erit
1916 704 2142 765 sincera
2170 702 2511 763 fraternitas
2536 703 2913 774 aestimanda,

665 808 734 866 de
779 806 986 881 quibus
1031 806 1182 866 filiae
1211 807 1412 865 matris
1471 806 1745 867 ecclesiae
1795 806 2185 880 perducuntur
2235 805 2297 865 in
2348 807 2615 881 culpam?
2677 807 2729 866 si
2780 806 2917 867 talis

665 910 981 973 christiana
1009 910 1220 971 caritas
1249 910 1574 983 adnotatur,
1607 910 2001 969 indubitanter
2022 910 2153 971 odia
2180 909 2415 971 meliora
2444 912 2579 970 sunt
2604 926 2751 984 quae
2782 911 2915 969 dum

666 1018 936 1090 separant
965 1013 1246 1073 neminem
1274 1013 1581 1074 maculant.
1644 1014 1787 1073 haec
1815 1014 2007 1072 autem
2036 1012 2397 1087 parricidalis
2442 1012 2673 1073 dilectio
2706 1013 2915 1072 fratres

663 1121 1054 1193 persecutores
1082 1118 1332 1177 adunare
1361 1117 1657 1177 consueuit
1672 1162 1687 1189 ,
1742 1115 1841 1189 qui
1893 1116 2141 1175 libenter
2190 1117 2489 1190 patiuntur
2542 1116 2610 1175 de
2642 1132 2745 1175 suo
2776 1102 2911 1176 con-
2928 1135 2951 1175 s

661 1221 839 1281 sertio
891 1220 1040 1282 filias
1095 1220 1368 1281 ecclesiae
1425 1220 1764 1279 fornicarias
1814 1219 2101 1280 diffamari
2154 1222 2353 1279 contra
2400 1219 2697 1279 entitatem
2742 1236 2913 1294 quam

661 1324 878 1384 Paulus
905 1324 1200 1398 apostolus
1230 1322 1425 1383 docuit
1453 1323 1680 1382 dicens:
1742 1322 2051 1381 dilectio
2104 1322 2421 1397 proximi
2470 1323 2733 1381 nalum
2776 1340 2913 1383 nvn

661 1444 693 1488 o
707 1444 789 1502 pe
802 1445 880 1489 ra
895 1429 1030 1488 tur.
1078 1426 1312 1501 egregia
1356 1426 1617 1500 probatio
1646 1424 1905 1485 caritatis
1920 1470 1937 1499 ,
1994 1442 2139 1499 quae
2167 1444 2281 1485 non
2308 1428 2534 1485 tantum
2578 1426 2745 1485 noxia
2775 1442 2909 1500 ger-

660 1530 938 1591 manitate
968 1529 1150 1590 officit
1177 1529 1431 1604 proximo
1449 1574 1464 1601 ,
1521 1529 1624 1589 sed
1653 1528 1825 1588 etiam
1856 1528 2114 1589 subiecta
2142 1545 2255 1589 non
2284 1530 2411 1590 uult
2440 1546 2566 1591 esse
2594 1530 2909 1605 praescrip·

658 1632 911 1693 tionibus
957 1632 1300 1708 apostolicae
1333 1630 1621 1692 iussionis.
1655 1630 2070 1692 confundantur
2098 1632 2419 1692 adsertores
2448 1632 2769 1693 dilectionis
2800 1634 2909 1693 hu·
2928 1649 2975 1687 ιυ

660 1735 987 1809 iuscemodi,
1041 1752 1182 1809 quos
1232 1734 1488 1795 iudicant
1539 1734 1631 1793 illi
1682 1734 1781 1809 qui
1833 1750 1935 1808 pro
1980 1734 2369 1795 communibus
2398 1735 2707 1796 commodis
2736 1736 2911 1795 etiam

659 1838 1136 1914 consanguineam
1167 1839 1442 1899 deserunt
1466 1837 1787 1897 caritatem.

553 1942 642 2002 30
745 1942 814 2000 In
843 1942 996 2003 omni
1025 1942 1233 2001 mundo
1263 1958 1442 2016 paene
1471 1943 1657 2001 totum
1688 1941 1945 2001 iunctum
1972 1944 2062 2000 est
2084 1958 2267 2016 genus
2288 1942 2595 2001 humanum
2621 1944 2683 2001 et
2702 1942 2909 2017 ubique

658 2044 919 2119 cognatio
949 2044 1232 2105 naturalis
1263 2044 1489 2105 alterna
1516 2043 1977 2119 peregrinatione
2006 2045 2366 2105 discernitur.
2426 2047 2668 2119 possunt
2698 2062 2905 2119 paren-

658 2150 748 2209 tes
762 2192 778 2221 ,
823 2150 1064 2222 possunt
1091 2148 1218 2221 filii,
1249 2150 1494 2222 possunt
1523 2146 1733 2207 fratres
1750 2192 1765 2219 ‚
1810 2149 2052 2221 possunt
2080 2150 2141 2206 et
2171 2146 2283 2221 ipsi
2313 2148 2463 2222 quod
2492 2148 2623 2221 plus
2654 2150 2744 2207 est
2770 2166 2903 2208 con-
2924 2166 2967 2207 u

657 2252 822 2326 iuges
851 2267 887 2309 a
914 2250 1032 2311 Deo
1079 2266 1350 2311 concessa
1391 2250 1510 2310 sibi
1539 2252 1781 2310 naturae
1811 2250 2043 2309 uincula
2072 2250 2442 2325 disrumpere,
2474 2253 2534 2310 et
2563 2250 2757 2311 clerici
2786 2250 2903 2311 Deo

652 2372 766 2414 non
791 2354 1132 2415 concedente
1163 2354 1396 2429 insuper
1425 2354 1757 2427 prohibente
1786 2352 2084 2413 mulierum
2117 2352 2355 2414 nexibus
2382 2353 2713 2413 ancillatam
2742 2370 2905 2415 recu-

653 2474 780 2517 sare
809 2474 922 2517 non
951 2457 1148 2517 ualent
1178 2456 1474 2516 caritatem
1495 2460 1525 2515 ⁴?
1585 2456 1837 2531 optanda
1878 2473 2103 2530 semper
2146 2456 2405 2531 cognatis
2435 2458 2775 2517 absentatur
2802 2458 2903 2517 ad-

653 2560 849 2621 finitas
878 2562 1278 2636 proximorum
1311 2562 1370 2621 et
1397 2560 1761 2634 peregrinari
1805 2559 1877 2620 ab
1922 2560 2206 2621 extraneis
2234 2557 2464 2620 feminis
2492 2559 2690 2622 clerici
2720 2560 2903 2622 reluc-

653 2668 850 2726 tantur
863 2670 892 2726 ἲ
945 2665 1153 2740 quibus
1201 2664 1525 2725 faciendum
1555 2663 1746 2723 fuerat
1760 2709 1775 2736 ,
1819 2664 1995 2724 etiam
2026 2664 2081 2723 si
2110 2663 2399 2737 peculiare
2440 2663 2659 2739 aliquid
2688 2665 2787 2726 uel
2816 2665 2904 2724 in-
2922 2685 2969 2726 su

650 2770 984 2829 consuetum
1010 2768 1287 2828 Dominus
1317 2767 1657 2840 imperasset
1672 2811 1687 2838 ,
1720 2766 1818 2841 qui
1846 2768 1921 2826 ad
1948 2765 2287 2842 explicanda
2306 2767 2673 2842 inpossibilia
2694 2768 2906 2828 habent

652 2871 919 2944 spiritum
947 2873 1226 2943 sanctum,
1271 2887 1440 2944 quem
1469 2868 1743 2928 mundani
1773 2870 2029 2930 hemines
2058 2886 2169 2929 non
2190 2870 2423 2930 habent.
2456 2871 2607 2930 unde
2624 2870 2903 2932 Iohannes

651 2974 945 3048 apostolus
975 2974 1058 3034 sic
1086 2974 1352 3033 admonet
1392 2971 1621 3032 dicens:
1680 2972 1923 3032 filioli
1972 2973 2259 3034 uincite
2302 2973 2512 3047 illos,
2566 2974 2905 3048 quoniam

649 3076 873 3136 maier
930 3077 1042 3134 est
1100 3075 1228 3149 qui
1286 3075 1360 3132 in
1417 3075 1629 3134 uobis
1688 3077 1804 3134 est
1856 3092 2061 3149 quam
2112 3076 2187 3136 in
2244 3076 2373 3136 hoc
2426 3077 2703 3138 mundo.
2756 3095 2905 3138 nunc

649 3195 784 3238 uero
843 3177 1115 3251 possibile
1169 3177 1342 3237 etiam
1386 3178 1655 3252 gentibus
1686 3196 1800 3238 non
1830 3179 2017 3240 dicam
2046 3179 2385 3240 Christianis
2428 3183 2491 3240 et
2517 3180 2647 3240 leue
2676 3180 2897 3255 prospi-
2918 3203 2963 3244 τε
3008 3225 3011 3228 -

647 3280 801 3341 citur
829 3281 888 3341 et
916 3282 1067 3355 apud
1098 3279 1330 3340 clericos
1359 3280 1490 3340 sine·
1517 3279 1653 3342 ullis
1684 3281 1981 3342 effectibus
2010 3285 2337 3356 euacuatur,
2384 3266 2449 3343 ut
2476 3300 2683 3357 parum
2712 3282 2793 3342 sit
2822 3282 2902 3342 eis

648 3383 755 3444 Dei
777 3383 1048 3443 mandata
1066 3382 1372 3456 despicere,
1403 3383 1516 3442 nisi
1545 3383 1705 3443 aliud
1732 3385 1977 3446 dedecus
2004 3385 2275 3458 habeant,
2307 3385 2459 3461 quod
2478 3401 2585 3446 nec
2611 3387 2903 3446 sectantur

648 3503 761 3546 non
791 3486 976 3546 dicam
1003 3485 1242 3547 uincnnt
1273 3486 1524 3546 omnium
1555 3485 1814 3560 gentium
1846 3489 2339 3549 consuetudinem:
2386 3487 2596 3564 quibus
2628 3487 2900 3550 Dominus

645 3607 750 3664 per
777 3588 1045 3648 Ezechiel
1074 3588 1377 3662 exprobrat
1405 3591 1467 3649 et
1494 3589 1666 3650 dicit:
1713 3589 1785 3649 in
1838 3590 2227 3665 legalibus
2282 3591 2457 3652 meis
2501 3609 2641 3653 non
2670 3591 2902 3652 ambu-

646 3692 874 3752 lastis
934 3693 1004 3751 et
1059 3691 1667 3754 iustificationes
1694 3711 1885 3756 meas
1915 3713 2054 3754 non
2112 3694 2439 3768 fecistis,
2498 3695 2626 3756 sed
2668 3713 2965 3772 nequens

643 3797 1042 3857 secundum
1098 3795 1711 3858 iustificationes
1782 3798 2111 3873 gentium
2170 3815 2349 3873 quae
2413 3801 2587 3860 sunt
2643 3799 2720 3859 in
2764 3801 2901 3861 cir-

783 4004 815 4058 7
849 4003 1000 4058 Rom.
1041 4003 1124 4072 13,
1166 4004 1246 4058 10.
1455 4004 1586 4082 231
1622 4003 1702 4058 Io.
1738 4005 1791 4068 4,
1825 4005 1879 4058 4.
2082 4007 2151 4060 29
2186 4005 2275 4062 Es.
2311 4007 2363 4072 5,
2398 4007 2445 4062 7.

779 4211 813 4266 9
849 4213 1118 4282 proximos
1157 4213 1204 4268 0
1236 4214 1331 4280 (cf.
1370 4215 1538 4270 Lacr.
1574 4217 1630 4280 2,
1668 4217 1791 4282 155)
2073 4213 2140 4267 10
2172 4213 2479 4283 euangelica
2514 4215 2604 4269 uel
2640 4217 2900 4285 apostoli-

637 4313 732 4353 cae
777 4297 825 4353 0
1199 4299 1584 4370 huiuscemodi]
1631 4301 1851 4355 huiusce
1885 4323 2046 4355 »on
2090 4299 2137 4354 G
2525 4301 2592 4354 1¹1
2628 4325 2750 4354 u·
2784 4317 2902 4356 mu·

635 4385 834 4439 lierum
857 4411 884 4440 ι
899 4413 928 4440 0
970 4386 1017 4443 G
1289 4385 1601 4440 ancillatam
1638 4385 1728 4440 uel
1763 4385 2101 4455 conpeditam
2143 4387 2191 4442 0
2466 4386 2533 4441 18
2568 4402 2677 4441 non
2714 4387 2903 4443 ualent

639 4487 878 4526 recusare
911 4489 945 4526 v
1149 4471 1216 4524 27
1254 4473 1502 4526 secantur
1543 4471 1613 4528 Ο*
1817 4471 1886 4526 29
1920 4471 2233 4525 ezechielem
2269 4487 2301 4524 v
