<?xml version="1.0" encoding="UTF-8"?>
<!DOCTYPE html PUBLIC "-//W3C//DTD XHTML 1.0 Transitional//EN"
    "http://www.w3.org/TR/xhtml1/DTD/xhtml1-transitional.dtd">
<html xmlns="http://www.w3.org/1999/xhtml" xml:lang="en" lang="en">
 <head>
  <title>
</title>
<meta http-equiv="Content-Type" content="text/html;charset=utf-8" />
  <meta name='ocr-system' content='tesseract 3.04.00' />
  <meta name='ocr-capabilities' content='ocr_page ocr_carea ocr_par ocr_line ocrx_word'/>
</head>
<body>
  <div class='ocr_page' id='page_1' title='image "./corpusscriptoru29wissgoog_0500.png"; bbox 0 0 3217 5150; ppageno 0'>
   <div class='ocr_carea' id='block_1_1' title="bbox 764 527 913 574">
    <p class='ocr_par' dir='ltr' id='par_1_1' title="bbox 764 527 913 574">
     <span class='ocr_line' id='line_1_1' title="bbox 764 527 913 574; baseline 0 0"><span class='ocrx_word' id='word_1_1' title='bbox 764 527 913 574; x_wconf 71' lang='lat' dir='ltr'>an</span> 
     </span>
    </p>
   </div>
   <div class='ocr_carea' id='block_1_2' title="bbox 762 665 3040 906">
    <p class='ocr_par' dir='ltr' id='par_1_2' title="bbox 762 665 3040 906">
     <span class='ocr_line' id='line_1_2' title="bbox 764 665 3040 766; baseline 0.002 -34"><span class='ocrx_word' id='word_1_2' title='bbox 764 685 828 732; x_wconf 80' lang='lat'>21</span> <span class='ocrx_word' id='word_1_3' title='bbox 856 680 909 732; x_wconf 79' lang='lat' dir='ltr'>ei</span> <span class='ocrx_word' id='word_1_4' title='bbox 992 684 1127 766; x_wconf 57' lang='grc' dir='ltr'>Α33</span> <span class='ocrx_word' id='word_1_5' title='bbox 1152 679 1379 732; x_wconf 85' lang='lat' dir='ltr'>alterum</span> <span class='ocrx_word' id='word_1_6' title='bbox 1404 679 1471 733; x_wconf 83' lang='lat' dir='ltr'>de</span> <span class='ocrx_word' id='word_1_7' title='bbox 1497 695 1601 732; x_wconf 88' lang='lat' dir='ltr'>om.</span> <span class='ocrx_word' id='word_1_8' title='bbox 1759 681 1825 731; x_wconf 81' lang='lat'>25</span> <span class='ocrx_word' id='word_1_9' title='bbox 1847 677 2036 744; x_wconf 73' lang='lat' dir='ltr'>factus</span> <span class='ocrx_word' id='word_1_10' title='bbox 2058 685 2136 734; x_wconf 76' lang='lat' dir='ltr'>est</span> <span class='ocrx_word' id='word_1_11' title='bbox 2156 679 2239 734; x_wconf 74' lang='lat' dir='ltr'>soz</span> <span class='ocrx_word' id='word_1_12' title='bbox 2388 685 2454 733; x_wconf 79' lang='lat'>27</span> <span class='ocrx_word' id='word_1_13' title='bbox 2479 665 2738 736; x_wconf 44' lang='lat' dir='ltr'>ccc-idea}</span> <span class='ocrx_word' id='word_1_14' title='bbox 2899 698 3040 750; x_wconf 75' lang='lat' dir='ltr'>quo-</span> 
     </span>
     <span class='ocr_line' id='line_1_3' title="bbox 762 765 3036 836; baseline 0.002 -16"><span class='ocrx_word' id='word_1_15' title='bbox 762 766 937 835; x_wconf 82' lang='lat' dir='ltr'>modo]</span> <span class='ocrx_word' id='word_1_16' title='bbox 964 781 1071 834; x_wconf 78' lang='lat' dir='ltr'>quo</span> <span class='ocrx_word' id='word_1_17' title='bbox 1228 781 1276 834; x_wconf 90' lang='lat' dir='ltr'>p.</span> <span class='ocrx_word' id='word_1_18' title='bbox 1304 769 1421 832; x_wconf 79' lang='lat'>68,5</span> <span class='ocrx_word' id='word_1_19' title='bbox 1447 772 1497 820; x_wconf 82' lang='lat' dir='ltr'>et</span> <span class='ocrx_word' id='word_1_20' title='bbox 1521 765 1830 820; x_wconf 76' lang='lat' dir='ltr'><strong><em>abscondite</em></strong></span> <span class='ocrx_word' id='word_1_21' title='bbox 1852 783 1952 820; x_wconf 78' lang='lat' dir='ltr'>uos</span> <span class='ocrx_word' id='word_1_22' title='bbox 1975 781 2076 820; x_wconf 90' lang='lat' dir='ltr'>om.</span> <span class='ocrx_word' id='word_1_23' title='bbox 2254 771 2318 820; x_wconf 88' lang='lat'>18</span> <span class='ocrx_word' id='word_1_24' title='bbox 2342 767 2622 836; x_wconf 77' lang='lat' dir='ltr'>deacipiat</span> <span class='ocrx_word' id='word_1_25' title='bbox 2790 774 2862 822; x_wconf 74' lang='lat'>82</span> <span class='ocrx_word' id='word_1_26' title='bbox 2889 787 3036 824; x_wconf 60' lang='lat' dir='ltr'>com</span> 
     </span>
     <span class='ocr_line' id='line_1_4' title="bbox 764 851 1023 906; baseline 0 -2"><span class='ocrx_word' id='word_1_27' title='bbox 764 851 1023 906; x_wconf 84' lang='lat' dir='ltr'>morabor.</span> 
     </span>
    </p>
   </div>
   <div class='ocr_carea' id='block_1_3' title="bbox 752 983 3183 4542">
    <p class='ocr_par' dir='ltr' id='par_1_3' title="bbox 752 983 3183 4542">
     <span class='ocr_line' id='line_1_5' title="bbox 772 983 3030 1070; baseline 0.002 -22"><span class='ocrx_word' id='word_1_28' title='bbox 772 983 825 1047; x_wconf 91' lang='lat' dir='ltr'>V</span> <span class='ocrx_word' id='word_1_29' title='bbox 852 987 987 1050; x_wconf 83' lang='lat' dir='ltr'>Dc</span> <span class='ocrx_word' id='word_1_30' title='bbox 1028 987 1654 1066; x_wconf 70' lang='lat' dir='ltr'>rebaptismate.</span> <span class='ocrx_word' id='word_1_31' title='bbox 1697 985 1950 1051; x_wconf 87' lang='lat' dir='ltr'>libellus</span> <span class='ocrx_word' id='word_1_32' title='bbox 1986 987 2202 1052; x_wconf 87' lang='lat' dir='ltr'>contra</span> <span class='ocrx_word' id='word_1_33' title='bbox 2231 985 2606 1069; x_wconf 83' lang='lat' dir='ltr'>Cyprianum</span> <span class='ocrx_word' id='word_1_34' title='bbox 2649 1006 2689 1051; x_wconf 90' lang='lat' dir='ltr'>a</span> <span class='ocrx_word' id='word_1_35' title='bbox 2717 985 3030 1070; x_wconf 76' lang='lat' dir='ltr'><strong>Stephani</strong></span> 
     </span>
     <span class='ocr_line' id='line_1_6' title="bbox 764 1098 3033 1182; baseline 0.001 -20"><span class='ocrx_word' id='word_1_36' title='bbox 764 1098 963 1173; x_wconf 74' lang='lat' dir='ltr'>amico</span> <span class='ocrx_word' id='word_1_37' title='bbox 1006 1098 1389 1182; x_wconf 83' lang='lat' dir='ltr'>conscriptus</span> <span class='ocrx_word' id='word_1_38' title='bbox 1418 1119 1475 1165; x_wconf 88' lang='lat' dir='ltr'>a.</span> <span class='ocrx_word' id='word_1_39' title='bbox 1511 1101 1676 1164; x_wconf 88' lang='grc'>1648</span> <span class='ocrx_word' id='word_1_40' title='bbox 1715 1099 1992 1181; x_wconf 90' lang='lat' dir='ltr'>primum</span> <span class='ocrx_word' id='word_1_41' title='bbox 2021 1118 2059 1164; x_wconf 91' lang='lat' dir='ltr'>a</span> <span class='ocrx_word' id='word_1_42' title='bbox 2087 1099 2366 1182; x_wconf 87' lang='lat' dir='ltr'>Rigaltio</span> <span class='ocrx_word' id='word_1_43' title='bbox 2409 1099 2614 1164; x_wconf 87' lang='lat' dir='ltr'>editus</span> <span class='ocrx_word' id='word_1_44' title='bbox 2647 1102 2766 1165; x_wconf 85' lang='lat' dir='ltr'>est.</span> <span class='ocrx_word' id='word_1_45' title='bbox 2823 1099 3033 1164; x_wconf 88' lang='lat' dir='ltr'>edidit</span> 
     </span>
     <span class='ocr_line' id='line_1_7' title="bbox 764 1209 3031 1296; baseline 0 -23"><span class='ocrx_word' id='word_1_46' title='bbox 764 1229 909 1275; x_wconf 91' lang='lat' dir='ltr'>uero</span> <span class='ocrx_word' id='word_1_47' title='bbox 954 1211 1033 1274; x_wconf 91' lang='lat' dir='ltr'>ad</span> <span class='ocrx_word' id='word_1_48' title='bbox 1078 1212 1505 1296; x_wconf 83' lang='lat' dir='ltr'>apographum</span> <span class='ocrx_word' id='word_1_49' title='bbox 1548 1212 1712 1294; x_wconf 92' lang='lat' dir='ltr'>quod</span> <span class='ocrx_word' id='word_1_50' title='bbox 1763 1231 1835 1276; x_wconf 89' lang='lat' dir='ltr'>ex</span> <span class='ocrx_word' id='word_1_51' title='bbox 1881 1211 2088 1276; x_wconf 87' lang='lat' dir='ltr'>codice</span> <span class='ocrx_word' id='word_1_52' title='bbox 2127 1209 2190 1276; x_wconf 89' lang='lat' dir='ltr'>S.</span> <span class='ocrx_word' id='word_1_53' title='bbox 2224 1211 2502 1294; x_wconf 80' lang='lat' dir='ltr'>Remigii</span> <span class='ocrx_word' id='word_1_54' title='bbox 2531 1211 2862 1276; x_wconf 85' lang='lat' dir='ltr'>Remensis</span> <span class='ocrx_word' id='word_1_55' title='bbox 2895 1210 3031 1276; x_wconf 89' lang='lat' dir='ltr'>Sir-</span> 
     </span>
     <span class='ocr_line' id='line_1_8' title="bbox 764 1322 3032 1406; baseline -0 -18"><span class='ocrx_word' id='word_1_56' title='bbox 764 1323 1029 1388; x_wconf 92' lang='lat' dir='ltr'>mondus</span> <span class='ocrx_word' id='word_1_57' title='bbox 1069 1323 1412 1389; x_wconf 84' lang='lat' dir='ltr'>confecerat</span> <span class='ocrx_word' id='word_1_58' title='bbox 1440 1341 1562 1388; x_wconf 91' lang='lat' dir='ltr'>non</span> <span class='ocrx_word' id='word_1_59' title='bbox 1592 1342 1666 1388; x_wconf 90' lang='lat' dir='ltr'>ea</span> <span class='ocrx_word' id='word_1_60' title='bbox 1695 1342 1818 1406; x_wconf 90' lang='lat' dir='ltr'>qua</span> <span class='ocrx_word' id='word_1_61' title='bbox 1847 1322 2101 1388; x_wconf 88' lang='lat' dir='ltr'>unicum</span> <span class='ocrx_word' id='word_1_62' title='bbox 2131 1322 2406 1388; x_wconf 81' lang='lat' dir='ltr'>codicem</span> <span class='ocrx_word' id='word_1_63' title='bbox 2437 1323 2722 1386; x_wconf 79' lang='lat' dir='ltr'><strong>excutere</strong></span> <span class='ocrx_word' id='word_1_64' title='bbox 2753 1322 3032 1388; x_wconf 85' lang='lat' dir='ltr'>debebat</span> 
     </span>
     <span class='ocr_line' id='line_1_9' title="bbox 764 1432 3032 1518; baseline 0 -20"><span class='ocrx_word' id='word_1_65' title='bbox 764 1435 1093 1518; x_wconf 78' lang='lat' dir='ltr'>diligentia</span> <span class='ocrx_word' id='word_1_66' title='bbox 1122 1435 1307 1516; x_wconf 87' lang='lat' dir='ltr'>atque</span> <span class='ocrx_word' id='word_1_67' title='bbox 1338 1453 1503 1500; x_wconf 89' lang='lat' dir='ltr'>cura.</span> <span class='ocrx_word' id='word_1_68' title='bbox 1535 1434 1862 1500; x_wconf 87' lang='lat' dir='ltr'>nonnullos</span> <span class='ocrx_word' id='word_1_69' title='bbox 1892 1433 2078 1518; x_wconf 82' lang='lat' dir='ltr'>huius</span> <span class='ocrx_word' id='word_1_70' title='bbox 2101 1432 2438 1518; x_wconf 80' lang='lat' dir='ltr'>apographi</span> <span class='ocrx_word' id='word_1_71' title='bbox 2461 1450 2695 1498; x_wconf 89' lang='lat' dir='ltr'>errores</span> <span class='ocrx_word' id='word_1_72' title='bbox 2716 1434 3032 1499; x_wconf 87' lang='lat' dir='ltr'>Baluzius</span> 
     </span>
     <span class='ocr_line' id='line_1_10' title="bbox 764 1545 3024 1629; baseline 0 -19"><span class='ocrx_word' id='word_1_73' title='bbox 764 1547 870 1629; x_wconf 91' lang='lat' dir='ltr'>qui</span> <span class='ocrx_word' id='word_1_74' title='bbox 892 1549 1033 1627; x_wconf 88' lang='lat' dir='ltr'>post</span> <span class='ocrx_word' id='word_1_75' title='bbox 1056 1545 1449 1611; x_wconf 76' lang='lat' dir='ltr'>sirmondum</span> <span class='ocrx_word' id='word_1_76' title='bbox 1482 1546 1756 1612; x_wconf 81' lang='lat' dir='ltr'>codicem</span> <span class='ocrx_word' id='word_1_77' title='bbox 1784 1545 2014 1610; x_wconf 89' lang='lat' dir='ltr'>iterum</span> <span class='ocrx_word' id='word_1_78' title='bbox 2045 1546 2310 1610; x_wconf 87' lang='lat' dir='ltr'>contulit</span> <span class='ocrx_word' id='word_1_79' title='bbox 2339 1546 2620 1610; x_wconf 90' lang='lat' dir='ltr'>correxit.</span> <span class='ocrx_word' id='word_1_80' title='bbox 2655 1547 2766 1610; x_wconf 90' lang='lat' dir='ltr'>sed</span> <span class='ocrx_word' id='word_1_81' title='bbox 2799 1547 3024 1610; x_wconf 88' lang='lat' dir='ltr'>dolen-</span> 
     </span>
     <span class='ocr_line' id='line_1_11' title="bbox 764 1656 3034 1741; baseline 0 -20"><span class='ocrx_word' id='word_1_82' title='bbox 764 1656 913 1722; x_wconf 91' lang='lat' dir='ltr'>dum</span> <span class='ocrx_word' id='word_1_83' title='bbox 958 1660 1055 1723; x_wconf 87' lang='lat' dir='ltr'>est</span> <span class='ocrx_word' id='word_1_84' title='bbox 1096 1677 1237 1722; x_wconf 90' lang='lat' dir='ltr'>eum</span> <span class='ocrx_word' id='word_1_85' title='bbox 1277 1675 1397 1722; x_wconf 91' lang='lat' dir='ltr'>non</span> <span class='ocrx_word' id='word_1_86' title='bbox 1440 1657 1770 1741; x_wconf 72' lang='lat' dir='ltr'>diligenter</span> <span class='ocrx_word' id='word_1_87' title='bbox 1810 1657 2150 1736; x_wconf 77' lang='lat' dir='ltr'>adnotasse,</span> <span class='ocrx_word' id='word_1_88' title='bbox 2195 1659 2410 1722; x_wconf 89' lang='lat' dir='ltr'>utrum</span> <span class='ocrx_word' id='word_1_89' title='bbox 2451 1675 2606 1740; x_wconf 89' lang='lat' dir='ltr'>quae</span> <span class='ocrx_word' id='word_1_90' title='bbox 2637 1658 2894 1722; x_wconf 87' lang='lat' dir='ltr'>diuersa</span> <span class='ocrx_word' id='word_1_91' title='bbox 2925 1678 3034 1722; x_wconf 80' lang='lat' dir='ltr'>ex-</span> 
     </span>
     <span class='ocr_line' id='line_1_12' title="bbox 760 1755 3024 1836; baseline 0 -3"><span class='ocrx_word' id='word_1_92' title='bbox 760 1768 967 1834; x_wconf 78' lang='lat' dir='ltr'>hibuit</span> <span class='ocrx_word' id='word_1_93' title='bbox 1019 1769 1107 1834; x_wconf 86' lang='lat' dir='ltr'>sic</span> <span class='ocrx_word' id='word_1_94' title='bbox 1158 1771 1223 1834; x_wconf 91' lang='lat' dir='ltr'>in</span> <span class='ocrx_word' id='word_1_95' title='bbox 1272 1769 1477 1834; x_wconf 88' lang='lat' dir='ltr'>codice</span> <span class='ocrx_word' id='word_1_96' title='bbox 1528 1755 1908 1834; x_wconf 78' lang='lat' dir='ltr'>exstitissent</span> <span class='ocrx_word' id='word_1_97' title='bbox 1955 1788 2032 1834; x_wconf 90' lang='lat' dir='ltr'>an</span> <span class='ocrx_word' id='word_1_98' title='bbox 2085 1769 2432 1834; x_wconf 89' lang='lat' dir='ltr'>coniectura</span> <span class='ocrx_word' id='word_1_99' title='bbox 2482 1771 2686 1836; x_wconf 87' lang='lat' dir='ltr'>essent</span> <span class='ocrx_word' id='word_1_100' title='bbox 2737 1769 3024 1834; x_wconf 75' lang='lat' dir='ltr'>inuecta</span> 
     </span>
     <span class='ocr_line' id='line_1_13' title="bbox 762 1880 3024 1964; baseline 0 -20"><span class='ocrx_word' id='word_1_101' title='bbox 762 1881 873 1946; x_wconf 86' lang='lat' dir='ltr'>has</span> <span class='ocrx_word' id='word_1_102' title='bbox 920 1881 1363 1962; x_wconf 86' lang='lat' dir='ltr'>discrepantias</span> <span class='ocrx_word' id='word_1_103' title='bbox 1405 1880 1640 1964; x_wconf 86' lang='lat' dir='ltr'>legenti</span> <span class='ocrx_word' id='word_1_104' title='bbox 1688 1880 2114 1946; x_wconf 87' lang='lat' dir='ltr'>diiudicandas</span> <span class='ocrx_word' id='word_1_105' title='bbox 2158 1881 2226 1947; x_wconf 92' lang='lat' dir='ltr'>in</span> <span class='ocrx_word' id='word_1_106' title='bbox 2255 1881 2654 1947; x_wconf 83' lang='lat' dir='ltr'>adnotatione</span> <span class='ocrx_word' id='word_1_107' title='bbox 2699 1881 3024 1964; x_wconf 87' lang='lat' dir='ltr'>proposui.</span> 
     </span>
     <span class='ocr_line' id='line_1_14' title="bbox 762 1991 3024 2075; baseline 0.001 -19"><span class='ocrx_word' id='word_1_108' title='bbox 762 1991 1035 2056; x_wconf 87' lang='lat' dir='ltr'>codicem</span> <span class='ocrx_word' id='word_1_109' title='bbox 1065 1993 1273 2075; x_wconf 88' lang='lat' dir='ltr'>ipsum</span> <span class='ocrx_word' id='word_1_110' title='bbox 1304 1993 1539 2058; x_wconf 86' lang='lat' dir='ltr'>frustra</span> <span class='ocrx_word' id='word_1_111' title='bbox 1568 2011 1605 2056; x_wconf 91' lang='lat' dir='ltr'>a</span> <span class='ocrx_word' id='word_1_112' title='bbox 1633 2012 1733 2057; x_wconf 93' lang='lat' dir='ltr'>me</span> <span class='ocrx_word' id='word_1_113' title='bbox 1757 1993 1971 2057; x_wconf 87' lang='lat' dir='ltr'>Remis</span> <span class='ocrx_word' id='word_1_114' title='bbox 2002 1993 2353 2075; x_wconf 86' lang='lat' dir='ltr'>quaesitum</span> <span class='ocrx_word' id='word_1_115' title='bbox 2385 2011 2530 2058; x_wconf 89' lang='lat' dir='ltr'>cum</span> <span class='ocrx_word' id='word_1_116' title='bbox 2559 1993 3024 2058; x_wconf 85' lang='lat' dir='ltr'>uetustissimis</span> 
     </span>
     <span class='ocr_line' id='line_1_15' title="bbox 762 2103 3024 2186; baseline 0.002 -18"><span class='ocrx_word' id='word_1_117' title='bbox 762 2103 936 2169; x_wconf 91' lang='lat' dir='ltr'>illius</span> <span class='ocrx_word' id='word_1_118' title='bbox 980 2104 1393 2169; x_wconf 86' lang='lat' dir='ltr'>bibliothecae</span> <span class='ocrx_word' id='word_1_119' title='bbox 1434 2103 1614 2169; x_wconf 88' lang='lat' dir='ltr'>libris</span> <span class='ocrx_word' id='word_1_120' title='bbox 1656 2104 1939 2169; x_wconf 90' lang='lat' dir='ltr'>incendio</span> <span class='ocrx_word' id='word_1_121' title='bbox 1969 2103 2244 2170; x_wconf 90' lang='lat' dir='ltr'>deletum</span> <span class='ocrx_word' id='word_1_122' title='bbox 2275 2122 2408 2170; x_wconf 86' lang='lat' dir='ltr'>esse</span> <span class='ocrx_word' id='word_1_123' title='bbox 2436 2105 2610 2186; x_wconf 83' lang='lat' dir='ltr'>puto.</span> <span class='ocrx_word' id='word_1_124' title='bbox 2643 2141 2726 2150; x_wconf 92' lang='lat'>—</span> <span class='ocrx_word' id='word_1_125' title='bbox 2757 2103 2852 2168; x_wconf 86' lang='lat' dir='ltr'>VI</span> <span class='ocrx_word' id='word_1_126' title='bbox 2883 2107 3024 2172; x_wconf 78' lang='lat' dir='ltr'>De</span> 
     </span>
     <span class='ocr_line' id='line_1_16' title="bbox 762 2216 3022 2299; baseline 0.001 -17"><span class='ocrx_word' id='word_1_127' title='bbox 762 2220 1296 2284; x_wconf 71' lang='lat' dir='ltr'>aleatoribus.</span> <span class='ocrx_word' id='word_1_128' title='bbox 1358 2217 1543 2282; x_wconf 87' lang='lat' dir='ltr'>huius</span> <span class='ocrx_word' id='word_1_129' title='bbox 1598 2216 1760 2284; x_wconf 91' lang='lat' dir='ltr'>libri.</span> <span class='ocrx_word' id='word_1_130' title='bbox 1807 2217 2044 2282; x_wconf 87' lang='lat' dir='ltr'>codices</span> <span class='ocrx_word' id='word_1_131' title='bbox 2101 2219 2402 2299; x_wconf 84' lang='lat' dir='ltr'>quotquot</span> <span class='ocrx_word' id='word_1_132' title='bbox 2463 2216 2709 2282; x_wconf 87' lang='lat' dir='ltr'>exstant</span> <span class='ocrx_word' id='word_1_133' title='bbox 2766 2236 2842 2281; x_wconf 89' lang='lat' dir='ltr'>ex</span> <span class='ocrx_word' id='word_1_134' title='bbox 2897 2238 3022 2284; x_wconf 88' lang='lat' dir='ltr'>uno</span> 
     </span>
     <span class='ocr_line' id='line_1_17' title="bbox 764 2327 3024 2412; baseline 0 -17"><span class='ocrx_word' id='word_1_135' title='bbox 764 2331 1021 2396; x_wconf 88' lang='lat' dir='ltr'>alterius</span> <span class='ocrx_word' id='word_1_136' title='bbox 1064 2330 1341 2396; x_wconf 84' lang='lat' dir='ltr'>familiae</span> <span class='ocrx_word' id='word_1_137' title='bbox 1372 2331 1703 2412; x_wconf 82' lang='lat' dir='ltr'>archetypo</span> <span class='ocrx_word' id='word_1_138' title='bbox 1733 2327 2206 2411; x_wconf 85' lang='lat' dir='ltr'>interpolatione</span> <span class='ocrx_word' id='word_1_139' title='bbox 2235 2328 2313 2392; x_wconf 90' lang='lat' dir='ltr'>ab</span> <span class='ocrx_word' id='word_1_140' title='bbox 2337 2328 2574 2411; x_wconf 88' lang='lat' dir='ltr'>origine</span> <span class='ocrx_word' id='word_1_141' title='bbox 2605 2327 3024 2412; x_wconf 83' lang='lat' dir='ltr'>degenerante</span> 
     </span>
     <span class='ocr_line' id='line_1_18' title="bbox 764 2438 3020 2526; baseline 0.001 -21"><span class='ocrx_word' id='word_1_142' title='bbox 764 2442 1087 2526; x_wconf 85' lang='lat' dir='ltr'>propagati</span> <span class='ocrx_word' id='word_1_143' title='bbox 1142 2443 1301 2506; x_wconf 91' lang='lat' dir='ltr'>sunt.</span> <span class='ocrx_word' id='word_1_144' title='bbox 1355 2460 1499 2506; x_wconf 91' lang='lat' dir='ltr'>nam</span> <span class='ocrx_word' id='word_1_145' title='bbox 1552 2441 1703 2523; x_wconf 92' lang='lat' dir='ltr'>quin</span> <span class='ocrx_word' id='word_1_146' title='bbox 1758 2440 1943 2504; x_wconf 85' lang='lat' dir='ltr'>codex</span> <span class='ocrx_word' id='word_1_147' title='bbox 1973 2439 2340 2505; x_wconf 86' lang='lat' dir='ltr'>Parisieusis</span> <span class='ocrx_word' id='word_1_148' title='bbox 2393 2440 2600 2504; x_wconf 84' lang='lat'>13047</span> <span class='ocrx_word' id='word_1_149' title='bbox 2633 2438 2772 2524; x_wconf 89' lang='lat' dir='ltr'>(D),</span> <span class='ocrx_word' id='word_1_150' title='bbox 2829 2459 3020 2523; x_wconf 89' lang='lat' dir='ltr'>quem</span> 
     </span>
     <span class='ocr_line' id='line_1_19' title="bbox 766 2551 3022 2639; baseline 0 -20"><span class='ocrx_word' id='word_1_151' title='bbox 766 2555 1056 2637; x_wconf 86' lang='lat' dir='ltr'>conplura</span> <span class='ocrx_word' id='word_1_152' title='bbox 1096 2554 1325 2636; x_wconf 86' lang='lat' dir='ltr'>scripta</span> <span class='ocrx_word' id='word_1_153' title='bbox 1364 2553 1506 2619; x_wconf 90' lang='lat' dir='ltr'>inde</span> <span class='ocrx_word' id='word_1_154' title='bbox 1547 2552 2040 2634; x_wconf 84' lang='lat' dir='ltr'>transscripsisse</span> <span class='ocrx_word' id='word_1_155' title='bbox 2070 2570 2255 2636; x_wconf 87' lang='lat' dir='ltr'>supra</span> <span class='ocrx_word' id='word_1_156' title='bbox 2283 2573 2344 2637; x_wconf 90' lang='lat' dir='ltr'>p.</span> <span class='ocrx_word' id='word_1_157' title='bbox 2376 2551 2560 2616; x_wconf 89' lang='lat' dir='ltr'>XXII</span> <span class='ocrx_word' id='word_1_158' title='bbox 2593 2551 2740 2631; x_wconf 82' lang='lat' dir='ltr'>dixi,</span> <span class='ocrx_word' id='word_1_159' title='bbox 2791 2555 2857 2620; x_wconf 91' lang='lat' dir='ltr'>et</span> <span class='ocrx_word' id='word_1_160' title='bbox 2887 2555 3022 2639; x_wconf 85' lang='lat' dir='ltr'>ipse</span> 
     </span>
     <span class='ocr_line' id='line_1_20' title="bbox 766 2664 3020 2751; baseline 0 -18"><span class='ocrx_word' id='word_1_161' title='bbox 766 2668 846 2733; x_wconf 90' lang='lat' dir='ltr'>ad</span> <span class='ocrx_word' id='word_1_162' title='bbox 870 2668 1028 2733; x_wconf 88' lang='lat' dir='ltr'>hanc</span> <span class='ocrx_word' id='word_1_163' title='bbox 1053 2667 1357 2751; x_wconf 89' lang='lat' dir='ltr'>originem</span> <span class='ocrx_word' id='word_1_164' title='bbox 1390 2666 1622 2743; x_wconf 86' lang='lat' dir='ltr'>redeat,</span> <span class='ocrx_word' id='word_1_165' title='bbox 1653 2665 1720 2729; x_wconf 92' lang='lat' dir='ltr'>in</span> <span class='ocrx_word' id='word_1_166' title='bbox 1742 2668 1918 2731; x_wconf 89' lang='lat' dir='ltr'>tanto</span> <span class='ocrx_word' id='word_1_167' title='bbox 1947 2683 2234 2730; x_wconf 91' lang='lat' dir='ltr'>uerorum</span> <span class='ocrx_word' id='word_1_168' title='bbox 2265 2664 2686 2749; x_wconf 89' lang='lat' dir='ltr'>falsorumque</span> <span class='ocrx_word' id='word_1_169' title='bbox 2717 2684 3020 2733; x_wconf 88' lang='lat' dir='ltr'>consensu</span> 
     </span>
     <span class='ocr_line' id='line_1_21' title="bbox 766 2776 3020 2860; baseline 0.001 -18"><span class='ocrx_word' id='word_1_170' title='bbox 766 2778 1025 2843; x_wconf 90' lang='lat' dir='ltr'>dubium</span> <span class='ocrx_word' id='word_1_171' title='bbox 1073 2796 1191 2842; x_wconf 92' lang='lat' dir='ltr'>non</span> <span class='ocrx_word' id='word_1_172' title='bbox 1240 2780 1353 2843; x_wconf 84' lang='lat' dir='ltr'>est.</span> <span class='ocrx_word' id='word_1_173' title='bbox 1402 2776 1465 2842; x_wconf 88' lang='lat' dir='ltr'>in</span> <span class='ocrx_word' id='word_1_174' title='bbox 1510 2776 1934 2841; x_wconf 88' lang='lat' dir='ltr'>emendatione</span> <span class='ocrx_word' id='word_1_175' title='bbox 1965 2777 2029 2840; x_wconf 90' lang='lat' dir='ltr'>id</span> <span class='ocrx_word' id='word_1_176' title='bbox 2060 2778 2347 2860; x_wconf 90' lang='lat' dir='ltr'>inprimis</span> <span class='ocrx_word' id='word_1_177' title='bbox 2393 2776 3020 2844; x_wconf 86' lang='lat' dir='ltr'>animaduertendum</span> 
     </span>
     <span class='ocr_line' id='line_1_22' title="bbox 764 2887 3019 2973; baseline 0 -19"><span class='ocrx_word' id='word_1_178' title='bbox 764 2892 878 2973; x_wconf 87' lang='lat' dir='ltr'>est,</span> <span class='ocrx_word' id='word_1_179' title='bbox 921 2890 1081 2972; x_wconf 92' lang='lat' dir='ltr'>quod</span> <span class='ocrx_word' id='word_1_180' title='bbox 1125 2888 1391 2953; x_wconf 87' lang='lat' dir='ltr'>editores</span> <span class='ocrx_word' id='word_1_181' title='bbox 1422 2908 1632 2953; x_wconf 87' lang='lat' dir='ltr'>omnes</span> <span class='ocrx_word' id='word_1_182' title='bbox 1664 2888 1898 2972; x_wconf 87' lang='lat' dir='ltr'>fugisse</span> <span class='ocrx_word' id='word_1_183' title='bbox 1929 2887 2192 2966; x_wconf 80' lang='lat' dir='ltr'>mireriS,</span> <span class='ocrx_word' id='word_1_184' title='bbox 2234 2888 2527 2953; x_wconf 88' lang='lat' dir='ltr'>libellum</span> <span class='ocrx_word' id='word_1_185' title='bbox 2559 2908 2842 2955; x_wconf 87' lang='lat' dir='ltr'>sermone</span> <span class='ocrx_word' id='word_1_186' title='bbox 2871 2892 3019 2955; x_wconf 91' lang='lat' dir='ltr'>uul-</span> 
     </span>
     <span class='ocr_line' id='line_1_23' title="bbox 765 3000 3020 3086; baseline 0 -21"><span class='ocrx_word' id='word_1_187' title='bbox 765 3002 901 3086; x_wconf 86' lang='lat' dir='ltr'>gari</span> <span class='ocrx_word' id='word_1_188' title='bbox 938 3000 1353 3082; x_wconf 86' lang='lat' dir='ltr'>conscriptum</span> <span class='ocrx_word' id='word_1_189' title='bbox 1383 3020 1534 3078; x_wconf 84' lang='lat' dir='ltr'>esse,</span> <span class='ocrx_word' id='word_1_190' title='bbox 1576 3001 1751 3065; x_wconf 90' lang='lat' dir='ltr'>cuius</span> <span class='ocrx_word' id='word_1_191' title='bbox 1783 3000 2050 3084; x_wconf 87' lang='lat' dir='ltr'>uestigia</span> <span class='ocrx_word' id='word_1_192' title='bbox 2080 3000 2442 3066; x_wconf 86' lang='lat' dir='ltr'>oblitterata</span> <span class='ocrx_word' id='word_1_193' title='bbox 2471 3002 2538 3065; x_wconf 93' lang='lat' dir='ltr'>in</span> <span class='ocrx_word' id='word_1_194' title='bbox 2565 3002 3020 3067; x_wconf 82' lang='lat' dir='ltr'>recentioribus</span> 
     </span>
     <span class='ocr_line' id='line_1_24' title="bbox 762 3110 3016 3194; baseline 0.001 -17"><span class='ocrx_word' id='word_1_195' title='bbox 762 3111 1074 3177; x_wconf 82' lang='lat' dir='ltr'>codicibus</span> <span class='ocrx_word' id='word_1_196' title='bbox 1124 3111 1634 3177; x_wconf 86' lang='lat' dir='ltr'>manifestissima</span> <span class='ocrx_word' id='word_1_197' title='bbox 1683 3110 1863 3175; x_wconf 89' lang='lat' dir='ltr'>modo</span> <span class='ocrx_word' id='word_1_198' title='bbox 1908 3112 1972 3175; x_wconf 94' lang='lat' dir='ltr'>in</span> <span class='ocrx_word' id='word_1_199' title='bbox 2017 3112 2132 3175; x_wconf 88' lang='lat' dir='ltr'>hoe</span> <span class='ocrx_word' id='word_1_200' title='bbox 2180 3112 2362 3175; x_wconf 89' lang='lat' dir='ltr'>modo</span> <span class='ocrx_word' id='word_1_201' title='bbox 2407 3111 2470 3175; x_wconf 93' lang='lat' dir='ltr'>in</span> <span class='ocrx_word' id='word_1_202' title='bbox 2517 3113 2629 3176; x_wconf 92' lang='lat' dir='ltr'>illo</span> <span class='ocrx_word' id='word_1_203' title='bbox 2673 3112 3016 3194; x_wconf 89' lang='lat' dir='ltr'>antiquiori</span> 
     </span>
     <span class='ocr_line' id='line_1_25' title="bbox 764 3221 3017 3307; baseline 0 -19"><span class='ocrx_word' id='word_1_204' title='bbox 764 3225 1078 3307; x_wconf 86' lang='lat' dir='ltr'>apparent,</span> <span class='ocrx_word' id='word_1_205' title='bbox 1110 3221 1287 3286; x_wconf 87' lang='lat' dir='ltr'>uelut</span> <span class='ocrx_word' id='word_1_206' title='bbox 1308 3223 1367 3286; x_wconf 83' lang='lat' dir='ltr'>A</span> <span class='ocrx_word' id='word_1_207' title='bbox 1390 3224 1538 3302; x_wconf 86' lang='lat'>99‚6</span> <span class='ocrx_word' id='word_1_208' title='bbox 1574 3222 1888 3303; x_wconf 78' lang='lat' dir='ltr'>duplicem</span> <span class='ocrx_word' id='word_1_209' title='bbox 1917 3244 1992 3287; x_wconf 85' lang='lat' dir='ltr'>ac</span> <span class='ocrx_word' id='word_1_210' title='bbox 2019 3224 2340 3305; x_wconf 76' lang='lat' dir='ltr'>yeminum</span> <span class='ocrx_word' id='word_1_211' title='bbox 2371 3225 2613 3289; x_wconf 81' lang='lat' dir='ltr'>crimen</span> <span class='ocrx_word' id='word_1_212' title='bbox 2641 3226 3017 3299; x_wconf 74' lang='lat' dir='ltr'>admittunt,</span> 
     </span>
     <span class='ocr_line' id='line_1_26' title="bbox 768 3334 3021 3420; baseline 0.001 -19"><span class='ocrx_word' id='word_1_213' title='bbox 768 3338 997 3416; x_wconf 86' lang='lat'>101,18</span> <span class='ocrx_word' id='word_1_214' title='bbox 1041 3336 1129 3401; x_wconf 82' lang='lat' dir='ltr'>ad</span> <span class='ocrx_word' id='word_1_215' title='bbox 1158 3338 1569 3401; x_wconf 79' lang='lat' dir='ltr'>nocentiorem</span> <span class='ocrx_word' id='word_1_216' title='bbox 1610 3336 1891 3401; x_wconf 78' lang='lat' dir='ltr'>studium</span> <span class='ocrx_word' id='word_1_217' title='bbox 1937 3334 2040 3417; x_wconf 91' lang='lat' dir='ltr'>(cf.</span> <span class='ocrx_word' id='word_1_218' title='bbox 2075 3337 2270 3420; x_wconf 84' lang='lat'>97‚8),</span> <span class='ocrx_word' id='word_1_219' title='bbox 2317 3338 2550 3415; x_wconf 89' lang='grc'>100,10</span> <span class='ocrx_word' id='word_1_220' title='bbox 2589 3359 2632 3401; x_wconf 88' lang='lat' dir='ltr'>a</span> <span class='ocrx_word' id='word_1_221' title='bbox 2661 3337 2766 3401; x_wconf 75' lang='lat' dir='ltr'>dei</span> <span class='ocrx_word' id='word_1_222' title='bbox 2805 3357 3021 3403; x_wconf 75' lang='lat' dir='ltr'>seruos</span> 
     </span>
     <span class='ocr_line' id='line_1_27' title="bbox 762 3418 3183 3550; baseline 0 -37"><span class='ocrx_word' id='word_1_223' title='bbox 762 3448 941 3532; x_wconf 70' lang='lat' dir='ltr'>lonye</span> <span class='ocrx_word' id='word_1_224' title='bbox 970 3450 1053 3513; x_wconf 67' lang='lat' dir='ltr'>sit</span> <span class='ocrx_word' id='word_1_225' title='bbox 1082 3450 1338 3513; x_wconf 65' lang='lat' dir='ltr'>scientes</span> <span class='ocrx_word' id='word_1_226' title='bbox 1372 3447 1475 3534; x_wconf 84' lang='lat' dir='ltr'>(cf.</span> <span class='ocrx_word' id='word_1_227' title='bbox 1517 3449 1781 3527; x_wconf 81' lang='lat'><strong>103‚17;</strong></span> <span class='ocrx_word' id='word_1_228' title='bbox 1825 3449 2045 3526; x_wconf 85' lang='lat'>99‚18;</span> <span class='ocrx_word' id='word_1_229' title='bbox 2095 3449 2326 3533; x_wconf 63' lang='lat'>1022),</span> <span class='ocrx_word' id='word_1_230' title='bbox 2371 3450 2519 3533; x_wconf 62' lang='lat'>993</span> <span class='ocrx_word' id='word_1_231' title='bbox 2548 3450 2660 3513; x_wconf 71' lang='lat' dir='ltr'>sab</span> <span class='ocrx_word' id='word_1_232' title='bbox 2689 3468 3017 3513; x_wconf 64' lang='lat' dir='ltr'>ossuorum</span> <span class='ocrx_word' id='word_1_233' title='bbox 3181 3418 3183 3550; x_wconf 54' lang='lat'>1</span> 
     </span>
     <span class='ocr_line' id='line_1_28' title="bbox 760 3558 3017 3643; baseline 0.001 -21"><span class='ocrx_word' id='word_1_234' title='bbox 760 3560 1141 3643; x_wconf 80' lang='lat' dir='ltr'>multiformi</span> <span class='ocrx_word' id='word_1_235' title='bbox 1180 3579 1456 3639; x_wconf 58' lang='lat' dir='ltr'>nia-merc,</span> <span class='ocrx_word' id='word_1_236' title='bbox 1504 3558 1736 3637; x_wconf 88' lang='lat'>101,14</span> <span class='ocrx_word' id='word_1_237' title='bbox 1775 3578 1838 3621; x_wconf 86' lang='lat' dir='ltr'>se</span> <span class='ocrx_word' id='word_1_238' title='bbox 1877 3558 2211 3640; x_wconf 62' lang='lat' dir='ltr'>demetant,</span> <span class='ocrx_word' id='word_1_239' title='bbox 2247 3564 2662 3640; x_wconf 75' lang='lat' dir='ltr'>parentorum</span> <span class='ocrx_word' id='word_1_240' title='bbox 2701 3561 3017 3643; x_wconf 72' lang='lat' dir='ltr'>oriyinem</span> 
     </span>
     <span class='ocr_line' id='line_1_29' title="bbox 760 3648 3016 3754; baseline 0.002 -18"><span class='ocrx_word' id='word_1_241' title='bbox 760 3648 1147 3737; x_wconf 58' lang='lat' dir='ltr'>denuoi-ant</span> <span class='ocrx_word' id='word_1_242' title='bbox 1178 3671 1280 3753; x_wconf 79' lang='lat' dir='ltr'>(cf.</span> <span class='ocrx_word' id='word_1_243' title='bbox 1315 3671 1535 3750; x_wconf 86' lang='lat'>98,14;</span> <span class='ocrx_word' id='word_1_244' title='bbox 1583 3670 1802 3747; x_wconf 86' lang='lat'>100‚9;</span> <span class='ocrx_word' id='word_1_245' title='bbox 1849 3670 2069 3750; x_wconf 84' lang='lat'>94,10;</span> <span class='ocrx_word' id='word_1_246' title='bbox 2103 3673 2336 3754; x_wconf 85' lang='lat'>97,13).</span> <span class='ocrx_word' id='word_1_247' title='bbox 2369 3711 2454 3719; x_wconf 91' lang='lat'><em>-</em></span> <span class='ocrx_word' id='word_1_248' title='bbox 2483 3672 2607 3737; x_wconf 84' lang='lat' dir='ltr'>vn</span> <span class='ocrx_word' id='word_1_249' title='bbox 2637 3674 2774 3739; x_wconf 75' lang='lat' dir='ltr'>De</span> <span class='ocrx_word' id='word_1_250' title='bbox 2804 3676 3016 3741; x_wconf 75' lang='lat' dir='ltr'>‹zuo-</span> 
     </span>
     <span class='ocr_line' id='line_1_30' title="bbox 762 3674 3182 3883; baseline 0 -32"><span class='ocrx_word' id='word_1_251' title='bbox 762 3788 916 3851; x_wconf 74' lang='lat' dir='ltr'>bus</span> <span class='ocrx_word' id='word_1_252' title='bbox 958 3787 1378 3851; x_wconf 78' lang='lat' dir='ltr'>montibus</span> <span class='ocrx_word' id='word_1_253' title='bbox 1422 3783 1668 3863; x_wconf 72' lang='lat' dir='ltr'>(Sima</span> <span class='ocrx_word' id='word_1_254' title='bbox 1712 3791 1790 3848; x_wconf 80' lang='lat' dir='ltr'>ct</span> <span class='ocrx_word' id='word_1_255' title='bbox 1821 3783 2079 3865; x_wconf 77' lang='lat' dir='ltr'>Sion).</span> <span class='ocrx_word' id='word_1_256' title='bbox 2124 3783 2226 3848; x_wconf 91' lang='lat' dir='ltr'>hic</span> <span class='ocrx_word' id='word_1_257' title='bbox 2269 3785 2576 3849; x_wconf 87' lang='lat' dir='ltr'>tractatus</span> <span class='ocrx_word' id='word_1_258' title='bbox 2607 3785 2670 3849; x_wconf 87' lang='lat' dir='ltr'>et</span> <span class='ocrx_word' id='word_1_259' title='bbox 2701 3785 2824 3850; x_wconf 89' lang='lat' dir='ltr'>duo</span> <span class='ocrx_word' id='word_1_260' title='bbox 2865 3806 3018 3869; x_wconf 87' lang='lat' dir='ltr'>pro·</span> <span class='ocrx_word' id='word_1_261' title='bbox 3179 3674 3182 3883; x_wconf 66' lang='grc' dir='ltr'>ι</span> 
     </span>
     <span class='ocr_line' id='line_1_31' title="bbox 763 3895 3014 3981; baseline 0.001 -19"><span class='ocrx_word' id='word_1_262' title='bbox 763 3898 916 3962; x_wconf 91' lang='lat' dir='ltr'>ximi</span> <span class='ocrx_word' id='word_1_263' title='bbox 944 3898 1117 3963; x_wconf 90' lang='lat' dir='ltr'>nulla</span> <span class='ocrx_word' id='word_1_264' title='bbox 1147 3898 1269 3963; x_wconf 89' lang='lat' dir='ltr'>alia</span> <span class='ocrx_word' id='word_1_265' title='bbox 1292 3898 1367 3961; x_wconf 87' lang='lat' dir='ltr'>de</span> <span class='ocrx_word' id='word_1_266' title='bbox 1391 3916 1572 3962; x_wconf 87' lang='lat' dir='ltr'>causa</span> <span class='ocrx_word' id='word_1_267' title='bbox 1592 3898 1658 3961; x_wconf 91' lang='lat' dir='ltr'>in</span> <span class='ocrx_word' id='word_1_268' title='bbox 1683 3896 1940 3960; x_wconf 87' lang='lat' dir='ltr'>alterius</span> <span class='ocrx_word' id='word_1_269' title='bbox 1979 3895 2258 3961; x_wconf 86' lang='lat' dir='ltr'>familiae</span> <span class='ocrx_word' id='word_1_270' title='bbox 2289 3895 2718 3961; x_wconf 86' lang='lat' dir='ltr'>collectionem</span> <span class='ocrx_word' id='word_1_271' title='bbox 2749 3916 3014 3981; x_wconf 88' lang='lat' dir='ltr'>operum</span> 
     </span>
     <span class='ocr_line' id='line_1_32' title="bbox 752 4000 3014 4095; baseline -0.001 -19"><span class='ocrx_word' id='word_1_272' title='bbox 752 4000 1264 4095; x_wconf 70' lang='lat' dir='ltr'>Cyprianicorum</span> <span class='ocrx_word' id='word_1_273' title='bbox 1305 4010 1532 4093; x_wconf 87' lang='lat' dir='ltr'>recepti</span> <span class='ocrx_word' id='word_1_274' title='bbox 1574 4028 1706 4074; x_wconf 87' lang='lat' dir='ltr'>esse</span> <span class='ocrx_word' id='word_1_275' title='bbox 1747 4009 2059 4087; x_wconf 88' lang='lat' dir='ltr'>uidentur,</span> <span class='ocrx_word' id='word_1_276' title='bbox 2092 4028 2278 4091; x_wconf 88' lang='lat' dir='ltr'>quam</span> <span class='ocrx_word' id='word_1_277' title='bbox 2307 4010 2454 4090; x_wconf 90' lang='lat' dir='ltr'>quia</span> <span class='ocrx_word' id='word_1_278' title='bbox 2483 4010 2870 4075; x_wconf 89' lang='lat' dir='ltr'>celeberrimi</span> <span class='ocrx_word' id='word_1_279' title='bbox 2903 4030 3014 4075; x_wconf 83' lang='lat' dir='ltr'>ex-</span> 
     </span>
     <span class='ocr_line' id='line_1_33' title="bbox 762 4119 3018 4206; baseline -0.001 -17"><span class='ocrx_word' id='word_1_280' title='bbox 762 4124 1013 4189; x_wconf 84' lang='lat' dir='ltr'>stabant</span> <span class='ocrx_word' id='word_1_281' title='bbox 1056 4121 1343 4206; x_wconf 84' lang='lat' dir='ltr'>Cypriani</span> <span class='ocrx_word' id='word_1_282' title='bbox 1390 4122 1498 4187; x_wconf 76' lang='lat' dir='ltr'>Ad</span> <span class='ocrx_word' id='word_1_283' title='bbox 1546 4119 1898 4195; x_wconf 74' lang='lat' dir='ltr'>Quirinum</span> <span class='ocrx_word' id='word_1_284' title='bbox 1942 4119 2090 4185; x_wconf 91' lang='lat' dir='ltr'>libri</span> <span class='ocrx_word' id='word_1_285' title='bbox 2133 4121 2325 4205; x_wconf 90' lang='lat' dir='ltr'>uulgo</span> <span class='ocrx_word' id='word_1_286' title='bbox 2366 4120 2696 4185; x_wconf 78' lang='lat' dir='ltr'>Aduersus</span> <span class='ocrx_word' id='word_1_287' title='bbox 2736 4121 3018 4187; x_wconf 80' lang='lat' dir='ltr'>Iudaeos</span> 
     </span>
     <span class='ocr_line' id='line_1_34' title="bbox 758 4231 3016 4317; baseline 0 -18"><span class='ocrx_word' id='word_1_288' title='bbox 758 4235 1062 4315; x_wconf 88' lang='lat' dir='ltr'>inscripti.</span> <span class='ocrx_word' id='word_1_289' title='bbox 1116 4233 1434 4317; x_wconf 82' lang='lat' dir='ltr'>archetypi</span> <span class='ocrx_word' id='word_1_290' title='bbox 1486 4232 1913 4316; x_wconf 88' lang='lat' dir='ltr'>integritatem</span> <span class='ocrx_word' id='word_1_291' title='bbox 1967 4231 2159 4296; x_wconf 88' lang='lat' dir='ltr'>etiam</span> <span class='ocrx_word' id='word_1_292' title='bbox 2205 4231 2270 4296; x_wconf 89' lang='lat' dir='ltr'>in</span> <span class='ocrx_word' id='word_1_293' title='bbox 2311 4231 2410 4297; x_wconf 91' lang='lat' dir='ltr'>his</span> <span class='ocrx_word' id='word_1_294' title='bbox 2455 4233 2643 4297; x_wconf 86' lang='lat' dir='ltr'>codex</span> <span class='ocrx_word' id='word_1_295' title='bbox 2673 4231 2724 4295; x_wconf 89' lang='grc' dir='ltr'><strong>Τ</strong></span> <span class='ocrx_word' id='word_1_296' title='bbox 2769 4233 3016 4315; x_wconf 87' lang='lat' dir='ltr'>optime</span> 
     </span>
     <span class='ocr_line' id='line_1_35' title="bbox 762 4343 3012 4427; baseline 0 -16"><span class='ocrx_word' id='word_1_297' title='bbox 762 4347 1067 4423; x_wconf 84' lang='lat' dir='ltr'>seruauit3</span> <span class='ocrx_word' id='word_1_298' title='bbox 1115 4364 1301 4427; x_wconf 86' lang='lat' dir='ltr'>quare</span> <span class='ocrx_word' id='word_1_299' title='bbox 1350 4364 1491 4411; x_wconf 90' lang='lat' dir='ltr'>eum</span> <span class='ocrx_word' id='word_1_300' title='bbox 1540 4343 1850 4426; x_wconf 89' lang='lat' dir='ltr'>imprimis</span> <span class='ocrx_word' id='word_1_301' title='bbox 1898 4343 2273 4424; x_wconf 89' lang='lat' dir='ltr'>sequendum</span> <span class='ocrx_word' id='word_1_302' title='bbox 2319 4361 2450 4409; x_wconf 86' lang='lat' dir='ltr'>esse</span> <span class='ocrx_word' id='word_1_303' title='bbox 2493 4344 2707 4408; x_wconf 88' lang='lat' dir='ltr'>statui.</span> <span class='ocrx_word' id='word_1_304' title='bbox 2757 4362 2830 4408; x_wconf 90' lang='lat' dir='ltr'>ea</span> <span class='ocrx_word' id='word_1_305' title='bbox 2859 4364 3012 4411; x_wconf 83' lang='lat' dir='ltr'>uero</span> 
     </span>
     <span class='ocr_line' id='line_1_36' title="bbox 759 4454 3018 4542; baseline 0.001 -21"><span class='ocrx_word' id='word_1_306' title='bbox 759 4458 1087 4542; x_wconf 86' lang='lat' dir='ltr'>integritas</span> <span class='ocrx_word' id='word_1_307' title='bbox 1116 4457 1182 4522; x_wconf 93' lang='lat' dir='ltr'>in</span> <span class='ocrx_word' id='word_1_308' title='bbox 1211 4457 1482 4523; x_wconf 88' lang='lat' dir='ltr'>tractatu</span> <span class='ocrx_word' id='word_1_309' title='bbox 1512 4456 1615 4519; x_wconf 87' lang='lat' dir='ltr'>De</span> <span class='ocrx_word' id='word_1_310' title='bbox 1641 4454 1876 4519; x_wconf 77' lang='lat' dir='ltr'>duobus</span> <span class='ocrx_word' id='word_1_311' title='bbox 1913 4454 2226 4519; x_wconf 77' lang='lat' dir='ltr'>montibus</span> <span class='ocrx_word' id='word_1_312' title='bbox 2265 4454 2748 4521; x_wconf 86' lang='lat' dir='ltr'>cahbalistarum</span> <span class='ocrx_word' id='word_1_313' title='bbox 2777 4456 3018 4523; x_wconf 85' lang='lat' dir='ltr'>delira-</span> 
     </span>
    </p>
   </div>
  </div>
 </body>
</html>
