3217 5150
722 512 841 561 cvl
1526 483 1820 549 Caecilii
1853 492 2182 562 Cypriani

720 672 879 735 quae
922 651 1232 717 secederet
1270 652 1625 718 offerebant.
1667 651 1780 716 ille
1809 651 1938 715 iam
1967 652 2275 736 mundum
2303 669 2602 734 suspensa
2630 652 2712 718 ad
2741 654 2970 720 caelum

722 757 929 820 mente
972 755 1325 839 neglexerat
1364 774 1476 820 nec
1516 755 1788 820 suadelis
1831 755 2299 820 blandientibus
2345 755 2678 822 adnuebat.
2732 757 2973 824 fecisset

721 860 981 924 fortasse
1022 862 1171 924 tunc
1210 860 1399 924 etiam
1442 861 1605 942 quod
1635 879 1674 924 a
1702 859 1994 942 plurimis
2025 861 2090 924 et
2121 847 2410 924 fidelibus
2438 860 2789 943 petebatur,
2835 863 2888 927 si
2917 865 2974 928 et

723 962 933 1026 diuino
973 963 1233 1045 imperio
1272 963 1607 1029 iuberet-ur.
1649 964 1756 1028 sed
1799 982 1910 1028 nec
1951 963 2066 1028 illa
2109 963 2400 1028 sublimis
2431 965 2596 1029 tanti
2625 965 2750 1030 uiri
2781 965 2972 1050 gloria

720 1068 854 1132 sine
882 1069 1203 1150 praeconio
1232 1068 1605 1136 transeunda
1633 1070 1748 1148 est,
1785 1067 1934 1150 quia
1963 1067 2092 1132 iam
2123 1067 2366 1132 saeculo
2393 1067 2782 1134 tumescente
2813 1071 2878 1134 et
2904 1069 3008 1135 des

720 1169 949 1237 fiducia
1000 1172 1351 1255 principum
1402 1172 1866 1238 infestationem
1919 1171 2188 1237 nominis
2241 1171 2572 1238 anhelante
2613 1173 2727 1237 ille
2771 1191 2970 1239 seruos

720 1279 858 1356 Dei,
902 1280 1088 1360 prout
1117 1279 1382 1344 dabatur
1412 1279 1666 1356 occasio,
1711 1278 2244 1343 exhortationibus
2274 1279 2604 1344 dominicis
2633 1279 2974 1344 instruebat

719 1385 784 1446 et
812 1383 891 1446 ad
922 1383 1245 1448 calcandas
1284 1383 1597 1466 passiones
1640 1382 1827 1447 huius
1867 1383 2164 1464 temporis
2205 1382 2726 1465 contemplatione
2767 1401 2973 1466 super-

718 1488 1018 1552 uenturae
1048 1487 1354 1553 claritatis
1384 1487 1723 1552 animabat.
1775 1486 2072 1552 uidelicet
2101 1488 2280 1552 tanta
2307 1486 2409 1551 illi
2439 1487 2564 1552 fuit
2595 1486 2822 1570 cupido
2853 1483 2972 1552 ser-

718 1590 943 1669 monis,
988 1592 1061 1656 ut
1090 1592 1334 1675 optaret
1374 1591 1465 1656 sic
1504 1591 1628 1656 sibi
1669 1590 1972 1673 passionis
2015 1593 2166 1656 uota
2195 1591 2572 1676 contingere,
2614 1593 2690 1656 ut
2719 1592 2874 1656 dum
2901 1591 2972 1655 de
2985 1615 3028 1654 ie

720 1694 851 1758 Deo
881 1694 1161 1776 loquitur
1188 1694 1254 1759 in
1282 1696 1417 1777 ipso
1448 1695 1746 1760 sermonis
1778 1713 1956 1779 opere
1986 1681 2343 1760 necaretur(

625 1803 701 1867 1⁵
806 1799 889 1862 Et
940 1798 1006 1863 hi
1070 1801 1247 1865 erant
1303 1799 1646 1882 quotidiani
1709 1800 1884 1864 actus
1951 1799 2246 1865 destinati
2311 1801 2390 1866 ad
2443 1800 2797 1883 placentem
2849 1801 2970 1865 Deo

722 1902 992 1968 hostiam
1040 1903 1396 1980 sacerdotis,
1450 1921 1592 1982 cum
1632 1921 1776 1995 ἱ60116
1817 1904 2203 1987 proconsulis
2247 1904 2422 1968 iussn
2465 1904 2544 1968 ad
2587 1905 2802 1968 hortos
2849 1902 2972 1968 eius

723 2004 832 2093 (ad
854 2007 1086 2084 hortos,
1118 2007 1393 2088 inquam,
1429 2023 1579 2088 quos
1602 2006 1768 2071 iuter
1795 2007 1978 2072 initia
2009 2007 2153 2072 fidei
2185 2026 2332 2072 suae
2361 2007 2646 2072 uenditos
2671 2009 2736 2072 et
2757 2008 2838 2072 de
2859 2007 2971 2072 Dei

721 2111 1115 2194 indulgentia
1156 2110 1481 2175 restitutos
1524 2127 1634 2192 pro
1675 2113 1844 2175 certo
1886 2111 2119 2175 iterum
2149 2111 2214 2176 in
2245 2129 2394 2175 usus
2433 2129 2780 2194 pauperum
2825 2130 2966 2176 11611-
2985 2137 3024 2176 ιι

723 2213 999 2296 didisset,
1029 2213 1150 2278 nisi
1180 2213 1485 2278 inuidiam
1510 2213 1584 2278 de
1606 2214 2028 2295 persecutione
2051 2215 2312 2298 uitaret)
2339 2233 2483 2280 cum
2507 2214 2826 2279 militibus
2849 2215 2969 2279 61116

720 2317 1004 2400 princeps
1046 2318 1295 2399 repente
1326 2317 1653 2400 subitauit‚
1698 2319 1893 2382 immo
1923 2321 1998 2382 ut
2028 2319 2237 2383 uerius
2269 2318 2532 2384 dixerim
2563 2317 2881 2384 subitasse
2909 2337 2968 2383 se

720 2420 1002 2485 credidit.
1059 2421 1221 2485 unde
1271 2421 1435 2484 enim
1486 2421 1696 2502 posset
1745 2423 2070 2503 tamquam
2122 2421 2462 2503 improuiso
2507 2421 2752 2503 impetu
2801 2441 2970 2487 mens

720 2543 962 2608 semper
1004 2527 1220 2608 parata
1250 2524 1511 2590 subitari
1528 2528 1559 2590 ?
1604 2511 1904 2607 processit
1935 2542 2079 2611 ergo
2112 2525 2241 2592 iam
2272 2526 2478 2591 certus
2510 2526 2782 2611 expungi
2816 2525 2968 2609 quod

719 2629 828 2693 diu
859 2628 1063 2714 ¹fuerat
1090 2629 1493 2706 retardatum,
1539 2630 1840 2710 processit
1870 2630 2075 2693 animo
2107 2630 2365 2695 sublimi
2397 2632 2461 2695 et
2493 2632 2714 2711 erecte,
2745 2631 2964 2697 hilari·
2981 2658 3024 2697 1ο
3132 2648 3133 2669 ³

718 2734 914 2797 tatem
958 2730 1307 2813 praeferens
1349 2733 1534 2797 uultu
1561 2734 1626 2797 et
1655 2732 1836 2797 001116
1876 2733 2199 2798 uirtutem.
2241 2733 2350 2798 sed
2387 2734 2620 2799 dilatus
2649 2734 2716 2799 in
2747 2735 2966 2800 crasti-

720 2855 871 2900 num
915 2836 994 2899 ad
1038 2834 1291 2900 domum
1335 2836 1634 2919 principis
1665 2856 1702 2900 a
1731 2836 2034 2918 praetorio
2081 2835 2529 2915 reuertebatur,
2577 2856 2722 2901 cum
2767 2838 2968 2903 subito

720 2957 830 3020 per
858 2937 1301 3022 Carthaginem
1342 2940 1543 3003 totam
1574 2956 1826 3022 sparsus
1856 2958 2068 3005 rumor
2098 2940 2407 3005 increbuit
2435 2940 2812 3023 productum
2847 2960 2970 3007 esse

824 3163 853 3215 1
880 3162 1084 3216 sederet
1106 3179 1156 3215 w
1378 3163 1636 3217 offerebat
1667 3164 1716 3218 T
1934 3162 2032 3217 ille
2057 3179 2178 3218 uero
2202 3180 2236 3217 v
2457 3164 2493 3217 2
2517 3165 2716 3235 mente]
2743 3181 2835 3219 me
2865 3166 2914 3220 T

718 3248 1063 3317 neglexerant
1088 3248 1140 3301 T
1306 3248 1702 3303 blandientium
1727 3265 1776 3303 w
1947 3250 1982 3303 3
2009 3250 2268 3304 fortasset
2292 3251 2365 3305 Τ*
2535 3251 2704 3305 etiam
2729 3266 2835 3305 om.
2861 3268 2910 3305 w

717 3334 963 3404 pluribus
988 3341 1010 3389 t
1206 3337 1261 3388 et
1283 3334 1547 3403 fidelibus]
1574 3334 1824 3389 fidelibus
1849 3352 1939 3405 ωμ
2134 3338 2170 3391 4
2193 3337 2480 3391 iubebatur
2506 3336 2558 3390 T
2745 3338 2837 3392 illi
2861 3354 2909 3391 w

718 3421 939 3475 sublimi
970 3422 1020 3475 T
1209 3421 1244 3474 5
1265 3422 1545 3490 praeconia
1576 3423 1629 3476 T
1813 3422 1960 3491 quia]
1987 3424 2080 3491 qui
2103 3428 2128 3477 t
2309 3424 2365 3477 61
2389 3421 2472 3493 116]
2498 3422 2564 3477 116
2590 3423 2643 3477 T
2837 3426 2872 3479 6
2895 3426 2972 3477 in·

716 3507 1059 3563 festinatione
1089 3509 1199 3573 Tw,
1224 3506 1680 3562 infestinationem
1705 3528 1744 3576 μ
1839 3506 1850 3515 '
1905 3509 2058 3562 cristi
2081 3509 2315 3563 nominis
2339 3526 2388 3563 w
2551 3509 2835 3565 annelente
2860 3528 2909 3565 w

718 3610 900 3648 seruus
932 3594 981 3647 T
1234 3594 1264 3647 7
1290 3594 1562 3649 occasione
1590 3594 1641 3647 T
1893 3596 1928 3649 9
1951 3594 2060 3649 fuit
2081 3594 2168 3648 illi
2191 3612 2242 3648 w
2493 3595 2632 3649 sacri
2657 3595 2854 3683 cupjdp
2875 3615 2910 3653 v

720 3678 787 3733 10
808 3682 937 3733 nota
958 3681 1223 3749 passionis
1247 3698 1297 3735 w
1491 3680 1824 3751 contingeret
1853 3681 1906 3735 T
1912 3688 1925 3718 ¹
2121 3681 2188 3736 116
2210 3697 2312 3735 om.
2335 3698 2426 3751 ωμ
2565 3729 2567 3731 .
2634 3684 2698 3736 11
2725 3682 2832 3736 dno
2863 3684 2914 3738 T

715 3771 1002 3836 negaretur
1032 3768 1083 3822 T
1297 3767 1365 3821 12
1386 3770 1441 3821 61
1464 3767 1508 3821 11
1532 3770 1686 3821 erant
1709 3787 1765 3837 μ,
1791 3770 1847 3821 61
1870 3769 2046 3821 ierant
2077 3768 2129 3823 T
2329 3768 2416 3822 dei
2445 3768 2496 3822 T
2710 3768 2778 3823 13
2803 3785 2968 3823 sacer-

716 3854 859 3909 dotis
884 3870 1003 3908 cum
1027 3870 1125 3907 om.
1152 3870 1243 3923 ωμ
1390 3854 1693 3922 proconsuli
1717 3873 1756 3923 μ
1903 3854 2092 3909 hortus
2123 3855 2186 3920 T,
2210 3856 2358 3908 ortos
2381 3875 2422 3924 μ
2571 3856 2641 3910 14
2667 3854 2734 3909 ad
2757 3871 2861 3909 om.
2886 3863 2910 3911 t

716 3940 781 3994 de
804 3939 893 3995 dei
919 3940 979 4005 T,
1006 3939 1091 3995 dei
1115 3956 1239 4009 ωμυ
1406 3941 1473 3995 15
1496 3943 1646 3995 certu
1669 3940 1717 3994 Τ
1874 3956 1975 3994 11611
1998 3942 2050 3995 T
2216 3942 2284 3995 16
2307 3941 2514 3995 inuidia
2537 3961 2594 4010 μ,
2617 3942 2840 4010 inquam
2863 3942 2914 3996 T

720 4028 783 4081 17
807 4027 1039 4096 repente]
1064 4026 1323 4081 referente
1346 4048 1386 4097 μ
1610 4044 1666 4081 66
1689 4043 1788 4081 om.
1821 4027 1871 4080 T
2099 4028 2165 4081 19
2189 4043 2392 4097 semper
2415 4043 2514 4083 om.
2546 4029 2599 4083 T
2819 4042 2958 4097 prae—

716 4116 908 4181 parata
932 4114 993 4178 T,
1019 4113 1273 4183 pauitans
1297 4130 1346 4168 w
1520 4113 1593 4169 20
1617 4113 1712 4168 diu
1736 4129 1834 4167 om.
1861 4130 1910 4166 w
2073 4114 2322 4168 sublimis
2345 4131 2436 4183 ωμ,
2597 4118 2654 4169 61
2676 4130 2776 4169 om.
2811 4116 2909 4169 Tuo

716 4202 891 4254 erecto
914 4217 1019 4267 ωμ,
1049 4203 1255 4255 6661610
1286 4202 1338 4255 T
1512 4200 1680 4254 hilari
1704 4202 1886 4254 tamen
1911 4207 1933 4253 t
2127 4201 2194 4254 21
2218 4201 2494 4269 proferens
2515 4216 2566 4253 w
2750 4200 2904 4254 ultus
2930 4199 2978 4253 T

718 4286 923 4353 (uultus
947 4292 990 4353 t)
1218 4284 1399 4355 corde]
1426 4286 1577 4341 sorde
1602 4285 1655 4340 T
1871 4287 2096 4340 uirtutis
2121 4293 2143 4341 t
2373 4286 2443 4340 22
2467 4285 2534 4339 ad
2555 4285 2856 4357 dominum]
2885 4284 2972 4339 ad·

716 4370 929 4426 modum
952 4389 1003 4426 w
1244 4372 1619 4426 reuertabatur
1642 4392 1698 4442 μ,
1725 4373 2066 4427 reuerebatur
2089 4389 2153 4440 w,
2179 4374 2483 4427 reuertebat
2508 4372 2559 4426 T
2798 4373 2869 4427 23
2893 4373 2971 4425 in-

716 4457 923 4526 crepuit
952 4461 1085 4528 Twp
1297 4475 1411 4512 esse
1434 4459 1735 4527 prodictum
1758 4476 1807 4514 w
