3217 5150
2462 540 2538 587 XI

273 675 528 757 quidem
555 694 762 741 meum
792 694 834 739 a
868 675 1176 739 Manutio
1192 680 1453 756 paterer
1477 675 1607 739 ullo
1637 675 1815 739 modo
1838 674 2150 739 adscribi:
2192 694 2321 740 non
2344 676 2541 754 enim,

274 791 347 850 ut
396 786 584 851 multi
631 787 900 868 fortasse
950 786 1338 864 existimant,
1399 786 1530 852 leue
1579 786 1759 869 apud
1808 806 1905 850 me
1955 786 2195 851 crimen
2238 805 2541 869 umquam

267 898 623 979 putabitur,
663 902 778 963 aut
823 897 1156 962 ueritatem
1196 897 1422 963 celasse
1461 902 1575 962 aut
1620 898 1875 962 omnino
1919 897 2269 963 litterulam
2312 900 2540 967 immu-

275 1014 456 1074 tasse.
503 1009 888 1093 Colleyeram
929 1008 1153 1073 multis
1177 1008 1433 1092 uiqiliis
1461 1013 1518 1073 et
1547 1008 1863 1095 laboribus
1891 1011 2204 1091 quaedam
2232 1013 2425 1076 etiam
2454 1014 2541 1078 ad

281 1120 682 1185 illustranda
712 1121 846 1187 loca
875 1120 1117 1201 aliquot
1146 1120 1520 1199 obscuriora,
1544 1121 1865 1201 parabam
1894 1122 2086 1185 etiam
2115 1122 2327 1187 breues
2354 1142 2543 1203 quas-

277 1233 429 1299 dam
473 1232 1060 1310 annotatiunculas,
1103 1234 1182 1296 in
1219 1232 1446 1313 quibus
1478 1237 1625 1313 post
1664 1234 1893 1297 uarias
1937 1232 2217 1298 codicum
2258 1233 2543 1299 lectiones

275 1344 616 1425 indicatas,
669 1344 824 1425 quid
874 1346 1150 1409 maxime
1201 1362 1390 1407 essem
1441 1349 1684 1409 secutus
1734 1344 2125 1409 ostenderem.
2183 1343 2305 1411 Sed
2356 1346 2435 1411 ab
2478 1366 2544 1412 eo

282 1455 488 1521 labore
537 1455 858 1536 supersedi
903 1456 1016 1521 etc.
1071 1456 1184 1521 has
1240 1457 1408 1540 ipsas
1460 1459 1613 1540 puto
1673 1456 1889 1522 breues
1939 1476 2093 1539 quas
2145 1456 2300 1523 dicit
2352 1475 2541 1524 anno-

284 1567 663 1632 tatiunculas
723 1566 824 1631 uel
876 1566 1163 1632 Latinius
1213 1567 1346 1649 ipse
1399 1567 1504 1632 uel
1556 1568 1721 1633 alius
1771 1568 1838 1632 in
1889 1570 2201 1650 exemplar
2251 1568 2543 1635 editionis

277 1678 678 1744 Manutianae
707 1678 1150 1761 transscripsit,
1184 1678 1346 1743 unde
1375 1678 1441 1742 in
1471 1678 1597 1743 alia
1627 1679 1979 1762 migrarunt
2008 1680 2285 1747 eiusdem
2318 1680 2542 1745 editio-

276 1790 374 1855 nis
397 1790 788 1874 exemplaria,
821 1790 1004 1872 quale
1035 1791 1392 1857 assematur
1413 1790 1480 1856 in
1504 1789 1882 1857 bibliotheca
1902 1792 2095 1857 Acad.
2125 1790 2538 1878 Gottingensi,
2558 1816 2676 1858 mit.
2694 1817 2868 1859 unat.

281 1902 445 1985 quod
488 1922 543 1967 a.
591 1902 754 1967 1737
798 1902 841 1968 J
845 1902 1018 1967 acobi
1061 1900 1312 1967 Soranzi
1355 1903 1419 1968 et
1460 1902 1682 1967 deinde
1720 1902 1977 1985 Josephi
2018 1902 2227 1969 Smith
2270 1906 2540 1970 consulis
2564 1885 2847 1939 ⁰⁰¹⁵²h⁸⁰¹²⁵⁰

2558 1964 2676 1997 exem
2705 1953 2867 1995 lai-La·

278 2014 570 2079 Britanni
615 2014 779 2096 apud
809 2012 1074 2079 Venetos
1119 2012 1313 2079 fuisse
1360 2014 1764 2096 inscriptione
1807 2015 2085 2081 discitur.
2136 2035 2213 2080 ne
2253 2034 2400 2081 uero
2438 2035 2539 2082 me
2582 1965 2706 2103 tini?
2714 2022 2847 2103 0⁰31·-

277 2125 394 2190 hoc
440 2144 611 2190 mera
654 2125 1006 2191 coniectura
1051 2125 1324 2190 statuere
1368 2124 1580 2190 credas
1609 2125 1846 2189 Latinii
1886 2120 2083 2209 ipsius
2114 2128 2540 2193 adnotationes
2601 2094 2826 2203 22?AEss

279 2235 528 2301 criticas
559 2235 958 2320 Gottingensi
989 2236 1328 2318 exemplari
1359 2236 1617 2315 seruari,
1656 2255 1883 2319 paucas
1914 2240 2215 2320 quasdam
2246 2240 2540 2319 adferam,

279 2349 563 2430 poteram
607 2348 830 2413 addere
875 2348 1086 2432 plura:
1137 2349 1214 2413 ad
1260 2347 1452 2414 uerba
1497 2348 1685 2413 huius
1730 2349 2021 2415 editionis
2062 2370 2120 2432 p.
2151 2351 2388 2429 542‚14
2430 2352 2541 2417 ad-

282 2459 574 2523 scribitur
615 2459 684 2524 in
714 2460 873 2526 libro
904 2458 1299 2545 Gottingensi
1341 2453 1554 2541 ‘quam
1583 2460 1689 2524 uis
1736 2461 1807 2538 V,
1848 2482 2040 2542 quam
2069 2463 2185 2527 uix
2214 2452 2541 2528 Latinius'

285 2564 390 2656 (cf.
421 2591 482 2654 p.
514 2570 800 2657 587‚1o)‚
837 2592 897 2654 p.
931 2573 1163 2652 351‚14
1193 2574 1272 2638 ad
1302 2571 1492 2638 uerba
1521 2577 1576 2637 et
1605 2574 1895 2640 conuersi
1922 2573 2168 2639 elidant
2195 2595 2307 2640 uos
2335 2568 2472 2642 ‘om
2509 2597 2542 2641 ο

285 2682 356 2765 [i.
392 2703 443 2747 e.
489 2685 728 2766 omnes]
759 2688 1018 2765 praeter
1064 2682 1132 2749 V.
1165 2688 1220 2748 1.
1256 2687 1286 2747 i
1327 2685 1398 2766 [i.
1433 2704 1484 2748 e.
1521 2683 1716 2767 infra]
1759 2685 1846 2750 ad
1883 2683 2232 2760 Quirinum
2274 2687 2315 2751 l.
2351 2689 2395 2751 3
2423 2709 2472 2753 c.
2503 2691 2541 2753 5

281 2791 507 2858 habent
563 2815 774 2860 omnes
822 2795 1055 2861 codices
1104 2787 1270 2881 La'ss.
1329 2797 1613 2880 margine
1671 2799 1907 2862 resecta
1964 2798 2239 2880 reliquae
2295 2799 2542 2864 litterae

279 2905 484 2970 tinius
523 2907 857 2990 perierunt.
898 2927 958 2990 p.
992 2907 1187 2988 213‚4
1227 2926 1382 2990 quae
1421 2909 1496 2974 de
1527 2908 1762 2993 insigni
1801 2909 1919 2975 illa
1956 2909 2431 2992 interpolatione
2460 2913 2541 2977 ad

284 3016 458 3082 Petri
505 3018 850 3100 primatum
897 3020 1216 3100 spectante
1261 3019 1638 3085 adnotantur
1666 3020 1899 3085 Latinii
1948 3039 2081 3086 esse
2121 3024 2353 3104 optime
2396 3041 2540 3089 con-

283 3127 535 3194 firmant
586 3130 864 3196 eiusdem
916 3131 1106 3197 uerba
1159 3150 1315 3214 quae
1367 3136 1514 3198 sunt
1555 3133 1625 3198 in
1653 3131 2046 3198 Bibliotheca
2090 3153 2278 3200 sacra
2322 3155 2379 3219 p.
2420 3137 2541 3201 179

282 3255 394 3302 nec
439 3238 710 3304 codicem
742 3241 1156 3308 Veronensem
1205 3243 1496 3308 habuisse
1539 3243 1653 3308 illa
1697 3245 2123 3312 additamenta
2160 3265 2275 3312 nec
2302 3249 2543 3329 septem

277 3347 608 3416 Vaticanos
637 3356 1092 3434 praeterquam
1131 3354 1564 3437 fraqmentum
1592 3355 1908 3436 quoddam
1936 3376 2193 3437 operum
2224 3357 2543 3440 Cypriani

273 3461 694 3527 recentissime
743 3463 1051 3545 scriptum
1102 3464 1457 3548 Bononiae,
1512 3469 1624 3548 qui
1672 3468 1803 3549 fuit
1864 3469 2154 3546 Vianesii
2205 3469 2280 3534 de
2323 3470 2544 3534 Alber-

190 3637 196 3642 ,
269 3572 442 3655 qatis
482 3571 750 3652 libellus,
790 3575 1002 3656 forma
1033 3595 1277 3657 parua,
1317 3578 1645 3644 continens
1684 3583 1993 3645 tractatus
2033 3585 2287 3645 tantum
2305 3603 2545 3663 paucos

275 3682 614 3765 Cypriani.
675 3683 828 3749 Vidi
867 3706 1101 3768 quoque
1145 3689 1418 3754 alterum
1459 3691 1783 3771 exemplar
1824 3691 2165 3757 Bononiae
2204 3694 2544 3777 inteqrum,

269 3795 440 3859 unde
479 3795 552 3860 id
589 3797 1024 3880 fraqmentum
1070 3791 1452 3882 descriptum
1498 3805 1635 3865 erat
1676 3804 1906 3868 recenti
1951 3805 2275 3886 scriptura
2318 3825 2545 3870 exara-

279 3910 431 3986 tum,
475 3907 552 3971 in
580 3927 700 3989 quo
742 3909 956 3974 eadem
995 3911 1256 3976 insertio
1297 3913 1767 3995 marqinalium
1806 3916 2275 3981 summularum
2313 3921 2465 3983 erat.
2479 3915 2542 4003 ²¹²)

342 4134 392 4202 ²⁸¹)
415 4135 844 4208 Antiquissimus
869 4138 1028 4192 codex
1051 4139 1146 4208 qui
1172 4139 1355 4194 eadem
1381 4139 1749 4196 additamenta
1774 4143 2007 4210 exhibet,
2054 4146 2260 4200 scilicet
2282 4163 2332 4216 p.
2360 4152 2549 4211 212,14

274 4221 398 4286 post
420 4222 613 4276 caelis.-
657 4223 862 4278 eoidem
875 4230 1006 4292 post
1029 4227 1488 4282 resurrectionem
1511 4244 1671 4284 suam
1695 4228 1831 4284 dicit
1855 4231 2035 4299 ‘pasce
2058 4247 2187 4287 oues
2208 4233 2391 4301 meas',
2426 4237 2549 4302 post

271 4304 546 4361 ecclesiam
579 4309 736 4367 ibid.:
781 4316 833 4365 et
865 4311 951 4364 illi
980 4311 1294 4380 pascendas
1330 4328 1460 4368 oues
1493 4314 1745 4385 mandat,
1788 4332 1840 4384 Ρ.
1867 4321 2019 4381 213,1
2057 4318 2293 4372 unitatis
2321 4357 2336 4372 .
2357 4360 2367 4372 .
2390 4359 2402 4370 .
2438 4318 2549 4374 dis·

263 4391 474 4460 posuit]
510 4410 683 4450 imam
725 4396 1038 4453 cathedram
1079 4399 1365 4454 constituit
1408 4406 1458 4455 et
1501 4402 1739 4456 wnitatis
1778 4402 2034 4472 oriqinem
2074 4412 2235 4472 aeque
2273 4397 2545 4460 rationem

269 4493 376 4532 sua
418 4482 747 4538 auctoritate
789 4483 1075 4554 disposuit,
1118 4502 1170 4555 p.
1209 4491 1364 4552 213,4
1403 4493 1468 4542 ut
1509 4488 1730 4544 ecclesia
1759 4529 1773 4544 .
1794 4527 1840 4541 ..
1870 4505 1922 4558 p.
1961 4494 2114 4555 213,8
2156 4491 2451 4561 unitatem]
2494 4499 2547 4546 et
