3217 5150
990 567 1080 621 De
1115 565 1615 636 rebaptismate
1662 581 1705 618 c.
1742 567 1927 620 9—10.
2500 572 2579 634 81

326 729 800 788 resurrectionem
851 726 1080 787 Domini
1143 743 1290 786 unus
1342 743 1372 785 e
1425 723 1721 800 discipulis
1781 725 1903 784 eius
1956 725 2195 800 cleopas
2244 743 2371 784 cum
2432 729 2587 784 esset

327 835 579 892 maestus
631 831 941 891 secundum
993 846 1240 890 errorem
1293 828 1544 889 omnium
1595 828 2107 902 condiscipulorum
2153 845 2381 888 suorum
2398 874 2413 901 ‚
2472 828 2585 902 ipsi

331 935 571 995 Domino
616 937 903 1008 tamquam
949 932 1123 993 alicui
1167 933 1362 1006 ignoto
1406 931 1657 992 referens
1687 931 1837 1005 quod
1866 932 2205 1006 contigerat,
2251 933 2335 992 sic
2362 932 2587 992 locutus
2696 1001 2705 1018 ἱ

331 1041 422 1098 est
466 1038 658 1097 dicens
701 1038 770 1096 de
813 1037 946 1096 Iesu
991 1035 1305 1109 NazarenO,
1351 1033 1453 1109 qui
1495 1033 1610 1094 fuit
1651 1034 1932 1109 propheta
1976 1036 2175 1107 potens
2219 1035 2281 1093 iu
2324 1034 2493 1094 factis
2528 1036 2589 1094 et

281 1159 312 1198 5
333 1139 504 1200 dictis
535 1140 594 1198 in
625 1141 930 1214 conspectu
958 1139 1066 1198 Dei
1095 1140 1156 1198 et
1182 1137 1439 1198 uniuersi
1467 1138 1683 1213 populi,
1729 1137 2003 1211 quomodo
2047 1138 2197 1198 hunc
2225 1138 2586 1198 tradiderunt

327 1244 654 1304 sacerdotes
697 1244 756 1302 et
797 1242 1084 1316 principes
1127 1241 1326 1301 nostri·
1351 1241 1412 1300 in
1456 1241 1875 1310 danmationem
1919 1241 2118 1300 mortis
2161 1244 2221 1300 et
2264 1243 2415 1302 cruci
2458 1259 2586 1302 eum

325 1347 596 1405 fixerunt.
670 1361 774 1404 nos
849 1347 1038 1405 autem
1111 1343 1479 1416 sperabamus
1561 1342 1713 1418 quod
1797 1344 1919 1419 ipse
1989 1345 2115 1404 erat
2194 1345 2587 1417 redempturus

327 1449 530 1510 Israel.
606 1451 766 1508 iuxta
834 1465 980 1523 quae
1039 1465 1232 1509 omnes
1301 1463 1522 1523 quoque
1579 1446 1849 1522 discipuli
1904 1448 2389 1508 adseuerationem
2446 1465 2587 1522 quo-

328 1571 438 1628 que
519 1553 816 1612 mulierum
834 1598 849 1626 ,
940 1569 1106 1626 quae.
1156 1555 1287 1627 post
1363 1550 1833 1611 resurrectionem
1912 1551 2177 1612 uiderant
2253 1550 2555 1611 Dominum
2570 1595 2587 1623 ,

255 1673 312 1714 10
329 1656 728 1716 indicauerunt
787 1654 1160 1714 deliramenta
1231 1657 1290 1714 et
1358 1653 1587 1728 quidam
1664 1653 1915 1728 ipsorum
1984 1653 2109 1714 uiso
2166 1671 2231 1714 eo
2288 1671 2404 1715 non
2462 1669 2587 1714 cre-

330 1759 600 1818 diderunt
657 1760 759 1817 sed
818 1758 1246 1830 dubitauerunt,
1307 1756 1515 1832 quique
1575 1758 1713 1816 tunc
1768 1774 1883 1817 non
1923 1756 2305 1818 interfuerunt
2362 1756 2587 1817 omnino

329 1878 443 1920 non
493 1860 877 1933 crediderunt,
928 1860 1042 1920 nisi
1098 1860 1454 1933 postmodum
1507 1860 1581 1919 ab
1632 1860 1757 1934 ipso
1809 1861 2047 1922 Domino
2095 1860 2355 1938 omnibus
2406 1859 2589 1920 modis

327 1963 578 2024 fuissent
623 1965 912 2039 obiurgati
953 1967 1124 2039 atque
1163 1963 1476 2038 increpati:
1522 1963 1787 2038 quoniam
1830 1981 1985 2024 mors
2028 1981 2123 2025 eos
2162 1964 2248 2023 ita
2278 1963 2591 2024 offenderat

331 2068 400 2126 ut
455 2069 724 2140 putarent
781 2085 910 2126 eum
965 2084 1081 2127 non
1153 2067 1536 2127 resurrexisse
1555 2111 1569 2139 ,
1646 2083 1813 2142 quem
1889 2067 2192 2127 innuerant
2261 2069 2404 2127 mori
2476 2085 2591 2127 non

259 2189 314 2227 15
341 2170 625 2241 debuisse,
685 2169 822 2243 quia
880 2172 1077 2229 contra
1135 2169 1457 2244 opinionem
1514 2169 1769 2244 ipsorum
1826 2169 1999 2230 semel
2051 2172 2309 2230 mortuus
2361 2170 2588 2232 fuisset.

331 2271 528 2346 itaque
573 2272 722 2346 quod
763 2275 836 2332 ad
877 2273 1031 2346 ipsos
1064 2273 1378 2346 discipulos
1406 2273 1675 2347 pertinet,
1722 2289 1902 2348 neque
1930 2273 2216 2348 integram
2243 2291 2426 2348 neque
2457 2291 2592 2348 per-

333 2375 544 2435 fectam
588 2375 759 2435 fidem
803 2375 1072 2435 habuisse
1119 2374 1212 2436 his
1257 2376 1438 2436 modis
1485 2376 1693 2449 quibus
1742 2376 2041 2436 retulimus
2085 2375 2455 2436 inueniuntur
2469 2422 2483 2448 ,
2528 2379 2591 2436 et

333 2479 486 2552 quod
511 2480 693 2539 multo
723 2479 960 2554 grauius
991 2481 1098 2552 est,
1129 2479 1280 2539 sicut
1306 2479 1368 2538 in
1399 2479 1695 2552 euangelio
1728 2481 1857 2538 cata
1883 2478 2153 2538 Ioannem
2176 2479 2450 2553 scriptum
2480 2482 2589 2552 est,

332 2576 508 2641 etia'm
539 2584 682 2642 alios
712 2583 1097 2657 baptizabant.

261 2700 320 2740 20
423 2686 732 2746 Praeterea
783 2686 920 2761 quid
969 2686 1226 2746 dicturus
1277 2702 1340 2745 es
1391 2688 1460 2746 de
1508 2686 1600 2746 his
1651 2686 1751 2761 qui
1800 2687 2132 2761 plerumque
2184 2688 2257 2746 ab
2308 2686 2591 2760 episcopis
2611 2692 2699 2751 10

335 2791 618 2864 pessimae
660 2790 1108 2852 conuersationis
1152 2791 1548 2865 baptizantur:
1596 2790 1695 2865 qui
1739 2794 1931 2851 tamen
1982 2792 2211 2850 tandem
2263 2808 2390 2850 cum
2434 2792 2589 2850 Deus

336 2893 604 2967 uoluerit,
655 2894 716 2953 in
766 2894 1076 2955 sceleribus
1129 2895 1250 2953 suis
1303 2894 1567 2966 conuicti,
1622 2894 1798 2954 etiam
1843 2895 1967 2968 ipso
2010 2897 2111 2954 aut
2153 2912 2385 2969 prorsus
2415 2894 2589 2954 etiam

337 2996 858 3057 communicatione.
892 2996 1194 3071 priuantur
1209 3001 1238 3056 ‘1‘
1284 3000 1385 3057 aut
1429 2998 1567 3073 quid
1614 3000 1833 3057 statues
1862 2997 1931 3057 de
1962 2997 2045 3057 eis
2076 2998 2175 3071 qui
2206 2999 2278 3057 ab
2308 2998 2589 3073 episcopis

336 3116 514 3173 praue
557 3100 938 3160 sentientibus
981 3102 1082 3160 aut
1123 3100 1567 3173 imperitioribus
1609 3101 1827 3161 fuerint
1872 3101 2189 3174 baptizati?
2223 3102 2448 3175 quando
2478 3119 2595 3162 non

259 3218 318 3259 2³
340 3202 417 3261 ad
469 3201 748 3277 liquidum
792 3208 851 3264 et
891 3203 1114 3278 integre
1157 3203 1252 3263 uel
1305 3204 1477 3263 etiam
1529 3184 1700 3264 aliter
1743 3220 1912 3277 quam
1940 3205 2163 3279 oportet
2191 3203 2252 3262 in
2280 3203 2589 3278 traditione

340 3306 682 3366 sacramenti
725 3306 941 3365 fuerint
980 3305 1177 3378 locuti,
1230 3309 1384 3367 certe
1427 3309 1528 3367 aut
1576 3305 2061 3380 interrogauerint
2097 3307 2236 3381 quid
2281 3309 2383 3367 aut
2410 3306 2592 3366 inter-

336 3412 610 3482 rogantes
637 3428 672 3469 a
700 3409 1176 3485 respondentibus
1216 3410 1501 3469 audierint
1547 3411 1696 3483 quod
1742 3409 1971 3469 minime
2012 3408 2095 3469 ita
2125 3409 2464 3483 interrogari
2492 3412 2593 3469 aut

337 3512 670 3585 responderi
713 3513 902 3587 debet,
945 3513 1095 3587 quod
1139 3514 1332 3572 tamen
1363 3530 1476 3573 non
1506 3512 1675 3573 ualde
1705 3512 1865 3572 illam
1895 3514 2150 3573 nostram
2179 3515 2395 3572 rectam
2422 3512 2592 3573 fidem

337 3615 552 3687 laedat,
603 3616 702 3676 sed
751 3633 865 3677 non
916 3620 1037 3676 tam
1087 3619 1284 3676 ornate
1337 3620 1402 3676 ut
1451 3618 1518 3675 tu
1570 3618 1631 3676 et
1673 3617 1999 3690 composite,
2052 3616 2151 3675 isti
2201 3632 2421 3690 quoque
2452 3615 2593 3677 sim-

260 3740 320 3780 so
335 3717 604 3792 pliciores
647 3719 904 3779 homines
949 3720 1282 3795 mysterium
1324 3719 1456 3779 fidei
1495 3719 1746 3779 tradant.
1794 3719 2051 3779 dicturus
2092 3736 2157 3778 es
2198 3717 2349 3777 enim
2394 3718 2593 3793 utique

331 3838 438 3896 pro
467 3824 568 3881 tua
607 3820 887 3897 singulari
932 3821 1234 3897 diligentia
1263 3822 1368 3883 hos
1399 3839 1621 3897 quoque
1662 3822 1841 3882 denuo
1869 3821 2240 3895 baptizandos
2270 3837 2416 3893 esse,
2464 3839 2593 3880 cum

331 3923 578 3984 maxime
621 3925 706 3985 eis
752 3942 846 3986 res
892 3926 1044 3986 desit
1088 3929 1190 3986 aut
1218 3926 1412 3986 obstet
1440 3943 1552 3999 quo
1581 3924 1769 3985 minus
1799 3924 2129 3985 inuiolabile
2159 3924 2303 3983 illud
2334 3922 2593 3983 diuinum

477 4170 542 4224 18
577 4169 641 4224 cf.
679 4170 758 4224 Io.
797 4170 847 4235 3,
883 4170 968 4224 22.

311 4442 318 4449 -
417 4420 436 4441 ·
469 4409 504 4463 6
525 4426 648 4464 011111
663 4426 766 4466 om.
785 4412 910 4483 Εἰς.
1026 4412 1092 4465 14
1111 4411 1396 4465 innuerunt
1414 4411 1557 4482 Riq„
1576 4410 1911 4494 crediderant
1930 4410 2076 4475 Bal„
2096 4410 2392 4465 timuerant
2416 4408 2536 4464 cod.

327 4494 402 4549 22
434 4496 553 4565 ipso
590 4499 686 4550 aut
720 4498 852 4563 cod„
899 4498 1012 4567 ipso
1047 4512 1262 4552 munere
1306 4498 1500 4567 Oxou„
1552 4500 1714 4567 epatu
1749 4498 1807 4567 (ι’.
1832 4514 1875 4551 e.
1914 4496 2243 4567 episcopatu)
2270 4497 2365 4550 aut
2386 4493 2523 4560 fort.

536 4603 618 4649 111
649 4604 694 4650 A
2142 4589 2181 4653 6

1361 4692 1369 4715 .
