3217 5150
787 524 831 570 L

638 657 686 724 c
787 660 1183 743 descriptum,
1214 661 1480 728 alterum
1510 663 1695 730 initio
1725 647 2086 730 truncatum
2117 663 2545 729 corbeiensem
2573 661 2678 749 (c)
2721 665 2860 730 720
2891 685 3060 730 nunc

788 773 1203 840 Parisiensem
1252 776 1461 841 12126
1514 795 1670 841 saec.
1719 776 1832 840 IX.
1885 777 2204 842 continent
2255 795 2402 842 uero
2451 778 2816 842 communia
2871 778 3059 844 haec:
3161 865 3163 868 .

788 885 1077 952 libellum
1118 887 1203 952 H.
1250 887 1371 965 III,
1414 887 1716 970 epistulas
1758 889 1860 954 63.
1891 889 1952 954 6.
1989 887 2088 954 10.
2121 888 2224 954 28.
2257 889 2359 954 37.
2399 889 2498 952 11.
2529 889 2630 955 38.
2665 889 2772 954 39.
2815 888 2925 952 14.
2965 890 3058 954 76.
3161 887 3163 896 “

792 997 892 1063 70.
942 998 1040 1064 16.
1088 1001 1185 1064 15.
1228 999 1331 1064 40.
1379 1000 1479 1064 64.
1524 1000 1584 1064 2.
1629 1000 1732 1066 57.
1777 1001 1879 1065 59.
1926 1001 2012 1066 60
2041 999 2155 1086 (52
2185 1000 2362 1067 addit
2388 1000 2494 1084 R).
2525 1001 2630 1065 47.
2663 1002 2772 1066 45.
2807 1001 2922 1066 44.
2956 1001 3056 1068 49.
3163 1040 3165 1063 .

789 1109 894 1176 50.
930 1111 1027 1176 13.
1074 1111 1178 1176 55.
1222 1111 1305 1176 69
1350 1110 1536 1198 (hanc
1576 1130 1700 1177 non
1741 1112 1908 1181 utin
1939 1111 2198 1194 reliquis
2236 1111 2418 1178 libris
2447 1112 2510 1176 in
2543 1111 2698 1176 duas
2740 1113 3056 1194 epistulas

788 1222 1103 1307 diuisam).
1136 1223 1239 1289 65.
1272 1221 1385 1300 673
1418 1224 1517 1288 his
1544 1225 2036 1304 praemittuntur
2057 1225 2126 1288 in
2145 1225 2230 1289 R:
2263 1223 2464 1289 libelli
2487 1224 2539 1288 I.
2572 1224 2681 1289 IV.
2715 1225 2908 1289 XIII.
2945 1225 3056 1290 XI.

790 1333 900 1412 VI,
946 1333 1213 1415 epistula
1242 1335 1345 1412 58,
1389 1334 1593 1399 libelli
1625 1334 1702 1400 V.
1737 1335 1880 1400 VII.
1916 1334 2092 1400 VIII.
2125 1335 2270 1400 XII.
2303 1335 2380 1400 X.
2414 1335 2536 1420 IX;
2579 1337 2840 1418 utrique
2872 1337 3056 1402 addi-

788 1449 894 1511 tur
934 1447 1258 1532 appendix,
1302 1445 1683 1512 Corbeiensi:
1729 1447 2090 1514 Sententiae
2119 1449 2564 1530 episcoporum,
2593 1449 2914 1532 epistulae
2949 1451 3048 1516 68.

791 1559 890 1624 74.
927 1559 1027 1626 73.
1058 1560 1159 1624 71.
1192 1560 1291 1624 70.
1328 1560 1383 1639 1,
1426 1559 1791 1644 Reginensi:
1845 1561 2112 1642 epistula
2141 1562 2202 1638 4,
2253 1559 2686 1645 Versusbeati
2723 1559 3052 1643 Cypriani

786 1674 1093 1754 martyris
1124 1671 1365 1738 Christi
1394 1672 1482 1737 ad
1510 1672 1829 1753 quendam
1856 1677 2201 1738 senatorem
2227 1693 2304 1738 ex
2337 1672 2716 1738 Christiana
2745 1673 3054 1757 reliyione

788 1786 875 1850 ad
917 1783 1230 1848 idolorum
1271 1785 1636 1850 seruitutem
1676 1803 2064 1862 conuersum,
2107 1784 2354 1850 Passio.
2406 1787 2470 1852 et
2511 1805 2584 1852 ex
2625 1787 2953 1850 constanti
2993 1789 3056 1851 in
3168 1817 3169 1820 ¹

786 1898 1178 1983 grauissimis
1206 1897 1391 1964 rebus
1420 1896 1880 1979 leuissimisque
1903 1898 2264 1980 corruptelis
2287 1915 2583 1964 consensu
2607 1899 2672 1963 et
2691 1917 2767 1962 ex
2787 1901 3056 1981 scripto-

787 2030 929 2075 rum
971 2011 1183 2077 ordine
1226 2010 1439 2075 eodem
1484 2010 1636 2076 duos
1683 2009 1917 2075 codices
1949 2029 2022 2075 ex
2050 2029 2172 2075 uno
2201 2010 2530 2094 archetypo
2559 2009 2888 2076 deriuatos
2921 2031 3051 2078 esse

792 2123 1053 2189 constat.
1108 2123 1215 2188 sed
1258 2122 1490 2205 dispari
1536 2122 1658 2188 fide
1703 2121 1834 2189 eius
1863 2123 2228 2188 memoriam
2259 2125 2602 2188 seruarunt.
2657 2121 3052 2190 corbeiensis
3169 2198 3171 2221 <

790 2252 931 2300 cum
992 2255 1065 2302 ex
1122 2237 1406 2319 corrupto
1463 2236 1624 2302 libro
1683 2236 2030 2318 corruptius
2089 2235 2435 2319 descriptus
2493 2236 2671 2314 esset,
2749 2234 3051 2300 librarius
3170 2233 3171 2270 ³

790 2366 948 2428 quae
990 2349 1121 2429 ipse
1148 2348 1509 2430 peccauerat
1538 2346 1643 2412 uel
1672 2347 2008 2430 deprauata
2035 2347 2358 2413 inuenerat
2387 2362 2495 2410 suo
2525 2345 2730 2410 Marte
2759 2347 3057 2412 audacis-

788 2460 945 2526 sime
974 2459 1252 2538 correxit,
1295 2477 1478 2542 quem
1508 2459 1622 2524 alii
1651 2459 1845 2525 secuti
1877 2461 2042 2540 sunt,
2086 2460 2193 2541 qui
2223 2459 2498 2524 addendo
2529 2459 3052 2541 suprascribendo

788 2573 1055 2640 radendo
1108 2572 1508 2659 expungendo
1560 2572 1653 2639 ita
1702 2572 2154 2655 interpolamnt
2203 2573 2525 2637 uetustum
2576 2572 2924 2655 exemplar,
2983 2587 3054 2638 ut
3172 2585 3173 2595 ¹

790 2687 941 2769 quid
987 2687 1191 2770 prima
1235 2706 1426 2752 manu
1474 2685 1627 2768 quid
1667 2686 1922 2768 reliquis
1965 2686 2306 2751 correctum
2347 2685 2434 2749 sit
2473 2682 2936 2750 difficillimum
2969 2686 3052 2749 sit

790 2798 1187 2885 distinguere.
1243 2798 1529 2882 equidem
1580 2818 1826 2864 summa
1877 2817 2024 2864 cura
2073 2799 2342 2881 primam
2393 2818 2651 2863 manum
2695 2800 3054 2881 perspicere

790 2913 1005 2978 studui
1036 2916 1101 2979 et
1130 2912 1442 2991 aenei-eui,
1485 2912 1854 2995 posteriores
1895 2929 2016 2976 non
2044 2911 2217 2976 item.
2265 2910 2674 2995 Reginensem
2705 2928 2898 2991 quern
2933 2929 3056 2975 non

550 3029 705 3074 ΕΘΝ»
791 3026 929 3091 111ᾱ1
958 3043 1165 3091 meum
1188 3026 1255 3090 in
1277 3043 1461 3089 usum
1484 3021 1549 3088 C.
1573 3023 1976 3089 Aldenhoven
2006 3022 2347 3105 exscripsit.
2381 3040 2522 3087 cum
2553 3023 2822 3103 uterque
2851 3022 3054 3087 inter—

484 3099 760 3151 “mmu'
790 3138 1207 3221 polationibus
1230 3138 1293 3201 et
1316 3135 1792 3202 correctionibus
1817 3154 1854 3199 a
1877 3135 2090 3218 stirpis
2114 3133 2350 3219 origine
2373 3132 2864 3217 degenerauerit‚
2895 3152 3055 3199 non-

792 3250 915 3315 nisi
937 3250 1354 3314 consentiente
1376 3249 1636 3329 utroque
1660 3248 1734 3312 de
1758 3248 2076 3330 archetypi
2109 3247 2430 3329 scripturis
2461 3246 2614 3311 satis
2637 3246 2906 3311 constat.
2945 3248 3054 3330 qui

793 3365 1007 3429 utrum
1028 3381 1065 3427 a
1086 3361 1387 3444 principio
1408 3362 1559 3425 haec
1578 3360 1828 3425 tantum
1852 3378 2006 3441 quae
2021 3358 2370 3424 Gorbeiensi
2393 3361 2457 3425 61
2469 3358 2808 3443 Reginensi
2829 3346 3054 3425 ierun-

790 3478 897 3541 tur
925 3494 1003 3540 an
1033 3493 1187 3557 quae
1216 3474 1283 3538 in
1313 3472 1570 3538 alterius
1615 3471 1891 3537 familiae
1933 3472 2266 3554 archetypo
2311 3472 2604 3543 extabant
2645 3471 2860 3537 omnia
2903 3490 3054 3537 con-

791 3588 1053 3651 tinuerit
1082 3587 1407 3651 nescimus,
1442 3586 1603 3649 certe
1627 3604 1698 3649 ea
1718 3604 1872 3668 quae
1901 3584 2134 3649 suntin
2151 3582 2197 3647 C
2213 3585 2276 3648 et
2291 3582 2348 3647 R
2369 3582 2750 3667 cognationis
2773 3583 3054 3665 quodam

792 3699 1040 3764 uinculo
1071 3717 1213 3763 cum
1243 3698 1438 3763 altera
1466 3698 1709 3764 familia
1739 3697 2056 3763 cohaerere
2071 3699 2134 3762 et
2151 3696 2521 3777 scriptorum
2551 3695 2695 3761 ordo
2721 3694 2857 3761 fere
2881 3696 3054 3761 idem

792 3811 855 3876 et
900 3812 1237 3877 lectionum
1290 3810 1640 3876 communio
1652 3810 1718 3894 *)
1765 3810 1900 3874 tam
1950 3826 2238 3873 uerarum
2290 3826 2477 3891 quam
2528 3807 2790 3873 fortuito
2847 3826 3058 3873 errore

792 3924 1272 4009 deprauatarum
1312 3922 1553 4005 probat.
1598 3922 1820 3987 deinde
1847 3920 2178 3987 nonnullae
2207 3938 2418 3986 eorum
2448 3920 2836 3986 coniecturae
2869 3921 2950 3986 ab
2989 3941 3061 3985 ea

863 4140 918 4203 ⁸⁸)
943 4136 1051 4192 Oi:
1088 4154 1137 4207 p.
1164 4142 1331 4201 4773.
1364 4142 1439 4191 17.
1472 4141 1562 4200 19;
1597 4140 1815 4200 481,12;
1848 4140 2065 4199 497,17;
2099 4137 2315 4200 498,18;
2337 4137 2518 4199 501,7;
2543 4136 2712 4197 508,3.
2746 4140 2842 4199 14;
2869 4142 3066 4200 513‚5;

792 4229 993 4289 519,14.
1036 4228 1126 4286 183
1185 4228 1365 4289 576,6;
1424 4228 1589 4288 598,9.
1633 4227 1723 4285 12;
1785 4227 1966 4287 601,7;
2025 4224 2240 4285 616‚18;
2300 4225 2516 4283 617‚12;
2576 4224 2780 4283 628,13.
2835 4228 2920 4276 15.
2965 4230 3066 4279 23:

794 4315 958 4371 6328.
991 4316 1066 4364 10.
1100 4316 1190 4373 12;
1216 4316 1415 4375 633‚12.
1446 4314 1537 4375 153
1564 4313 1777 4373 634,16;
1805 4314 1986 4373 635‚2;
2020 4312 2186 4372 6324.
2217 4312 2311 4371 153
2347 4312 2511 4371 638,1.
2541 4311 2586 4360 6.
2615 4311 2714 4370 213
2751 4314 2933 4373 6415.ae
2967 4318 3066 4372 2⁸23

794 4403 975 4462 643‚4;
1010 4402 1177 4462 644,9.
1220 4402 1308 4462 193
1346 4400 1559 4461 e5o‚18;
1598 4400 1765 4458 651‚1.
1798 4401 1886 4461 133
1925 4394 2168 4459 652‚19;
2207 4398 2388 4459 655,1;
2424 4398 2602 4459 671,2;
2640 4398 2814 4459 6733.
2847 4402 2935 4453 20.
2969 4405 3068 4454 21:

794 4487 1009 4549 687,19;
1046 4488 1259 4551 690,10;
1296 4484 1488 4548 6943.
1516 4484 1619 4548 163
1660 4487 1858 4547 705,10.
1889 4487 1955 4537 21
1993 4485 2091 4539 ete.
