3217 5150
756 525 849 578 De
884 524 1388 594 singularitate
1423 523 1833 579 clericorum
1880 540 1921 578 c.
1958 524 2145 578 9-11.
2451 527 2573 593 185

321 684 665 758 reuerentia,
699 684 836 757 quid
863 682 986 744 illic
1014 684 1234 758 geritur
1250 728 1265 757 ,
1297 683 1396 743 ubi
1424 682 1713 743 libertatis
1744 683 1919 743 sumit
1946 682 2152 744 mulier
2180 684 2243 743 in
2271 683 2571 745 contuber-

326 788 574 849 nalitate
603 788 984 847 constantiam
997 790 1026 846 ⁸?
1061 788 1286 861 quando
1316 787 1378 845 in
1408 787 1737 849 domesticis
1764 786 2013 861 negotiis
2054 804 2205 848 nunc
2232 786 2477 848 lacertos
2506 803 2574 848 ac

321 892 550 951 femora
575 889 820 949 lanificis
849 890 1114 963 operibus
1143 890 1324 949 nudat
1338 933 1354 964 ,
1395 906 1548 949 nunc
1576 892 1845 949 aestuans
1876 888 2095 964 detegit
2123 891 2395 962 membra,
2424 904 2575 948 nunc

321 994 576 1069 fatigata
603 993 852 1053 iactatur
879 995 980 1053 aut
1007 994 1068 1052 in
1097 993 1222 1052 risu
1246 992 1548 1067 aliquando
1580 992 1932 1067 dissoluitur,
1964 1010 2115 1053 nunc
2144 992 2453 1053 blanditias
2483 1009 2575 1052 ex-

278 1116 304 1153 5
323 1098 492 1156 hibet
541 1098 602 1155 et
651 1095 803 1170 quod
855 1098 947 1155 est
997 1095 1340 1157 uenenosius
1387 1114 1558 1171 super
1607 1098 1812 1157 cuncta
1849 1095 2099 1171 psallere
2128 1095 2445 1157 delectatur
2473 1098 2576 1155 aut

320 1215 530 1259 canere
543 1203 574 1258 ἓ
634 1198 794 1259 cuius
837 1201 1010 1259 cantu
1060 1199 1420 1260 tolerabilius
1471 1203 1560 1259 est
1610 1200 1808 1259 audire
1863 1198 2193 1260 basiliscum
2224 1198 2571 1259 sibilantem.

317 1305 524 1363 contra
551 1318 722 1377 quam
753 1302 1014 1363 Salomon
1042 1303 1126 1363 sic
1154 1321 1256 1364 nos
1287 1305 1484 1364 cautos
1511 1303 1691 1364 efficit
1720 1303 1948 1363 dicens:
1994 1318 2145 1361 cum
2174 1301 2575 1362 saltatrice

314 1405 474 1467 noli
520 1405 869 1466 assiduus
913 1422 1112 1480 esse,
1189 1423 1319 1468 nec
1361 1408 1621 1467 audias
1665 1406 1899 1479 illam,
1965 1422 2049 1465 ne
2093 1406 2287 1466 forte
2332 1404 2569 1477 dispe-

313 1526 482 1571 reas
524 1509 598 1567 in
637 1508 996 1569 efficacia
1039 1509 1212 1571 eius.
1257 1512 1418 1570 taceo
1461 1510 1684 1584 reliqua
1726 1526 1869 1583 quae
1910 1508 2096 1584 magis
2136 1508 2401 1584 pudenda
2441 1509 2577 1567 sunt

251 1632 304 1671 10
329 1630 503 1687 quam
534 1613 770 1673 dicende.
784 1656 800 1685 ,
855 1611 1039 1672 solum
1068 1613 1176 1671 hoc
1204 1612 1359 1673 dico:
1413 1613 1474 1671 in
1506 1614 1699 1674 dolore
1728 1611 1824 1673 uel
1856 1613 1917 1671 in
1946 1612 2035 1673 ira
2062 1612 2355 1672 mulierem
2384 1610 2575 1686 frangi

314 1716 644 1791 conspicere
673 1716 788 1774 iam
817 1730 932 1775 non
960 1717 1054 1774 est
1082 1716 1206 1774 sine
1235 1715 1572 1776 mulcedine.
1629 1716 1767 1791 quid
1796 1716 2041 1776 dicimus
2070 1714 2123 1775 si
2152 1715 2348 1775 uideas
2375 1713 2569 1775 iocun-

311 1818 544 1877 dantem
574 1820 676 1877 aut
703 1818 856 1891 quod
885 1820 976 1877 est
1003 1817 1254 1877 deterius
1285 1818 1710 1879 blandientem?
1757 1818 1934 1879 semel
1963 1817 2235 1877 dixerim:
2266 1816 2450 1877 omnis
2478 1816 2569 1875 in-

315 1920 663 1981 conueniens
696 1920 972 1980 sodalitas
1000 1921 1306 1981 mulierum
1335 1921 1538 1996 gluten
1585 1924 1677 1982 est
1706 1921 2043 1983 delictorum
2086 1923 2145 1980 et
2172 1920 2395 1981 uiscum
2421 1919 2571 1980 toxi-

311 2026 506 2083 catum
528 2041 638 2097 quo
671 2024 932 2084 diabolus
961 2026 1294 2099 aucupatur.
1327 2024 1640 2099 incongrua
1660 2027 1753 2085 est
1774 2025 2015 2087 societas
2038 2024 2395 2097 feminarum,
2426 2039 2568 2097 qua-

237 2150 290 2189 15
313 2144 446 2186 rum
474 2126 834 2187 sodalitatem
864 2126 951 2185 ita
976 2144 1080 2188 nos
1103 2144 1328 2187 rursum
1351 2127 1617 2188 Salomon
1638 2128 1802 2187 docet
1830 2128 1892 2186 in
1912 2126 2175 2188 omnibus
2198 2143 2569 2201 praecauere:

309 2246 474 2290 cum
516 2229 799 2304 aliena,
867 2230 1118 2304 inquit,'
1156 2231 1466 2292 muliere
1531 2249 1616 2292 ne
1677 2232 1938 2292 sedeas
1992 2230 2276 2291 omnino
2322 2232 2392 2289 et
2433 2246 2571 2290 non

309 2332 716 2394 alterceris
758 2351 912 2394 cum
954 2334 1096 2394 illa
1140 2334 1216 2392 in
1258 2333 1459 2407 uino,
1506 2351 1590 2394 ne
1633 2335 1831 2395 forte
1860 2334 2193 2394 declinet
2222 2349 2342 2393 cor
2372 2336 2569 2393 tuum

305 2435 382 2495 in
427 2435 634 2496 illam
678 2439 746 2497 et
791 2436 1152 2512 sanguine
1195 2440 1318 2498 tuo
1360 2438 1649 2498 labaris
1694 2438 1767 2497 in
1809 2438 2319 2512 perditionem.

395 2539 690 2602 Postremo
719 2541 772 2601 si
801 2540 1051 2602 animum
1080 2543 1342 2602 nostrum
1362 2540 1698 2603 confidimus
1726 2541 1789 2600 in
1816 2542 1927 2602 hac
1950 2540 2351 2602 communitate
2374 2554 2566 2615 perse·
2592 2542 2666 2601 11

232 2667 289 2708 ao
311 2661 516 2706 uetare
559 2661 783 2719 semper
798 2691 815 2719 ,
875 2646 970 2705 uel
997 2645 1144 2704 illud
1171 2646 1322 2720 apud
1361 2661 1466 2706 nos
1509 2645 1680 2705 debet
1720 2661 1847 2705 esse
1878 2647 2203 2719 suspectum
2220 2689 2235 2718 ,
2295 2659 2369 2703 ne
2409 2643 2569 2718 ipsae

311 2765 460 2825 quae
507 2749 804 2809 nobiscum
857 2749 1206 2838 conueniunt
1253 2748 1316 2807 in
1365 2765 1470 2808 nos
1498 2748 1657 2822 ipsos
1706 2749 1949 2809 fomitan
1990 2749 2325 2809 moueantur
2353 2749 2455 2807 aut
2508 2747 2571 2806 in

309 2854 526 2914 alteros
554 2869 775 2913 amores
805 2871 942 2929 prae
971 2853 1171 2927 rapida
1199 2855 1388 2913 aetate
1409 2851 1799 2912 incitamentis
1828 2851 2135 2912 furialibus
2165 2851 2568 2912 stimulentur:

306 2959 372 3017 et
400 2955 516 3016 erit
541 2956 708 3016 nobis
737 2973 926 3029 causa,
960 2957 1108 3029 quod
1135 2956 1298 3031 peius
1325 2959 1434 3030 est,
1466 2956 1590 3016 sine
1621 2973 1795 3016 causa
1821 2958 1889 3014 ut
1915 2955 2213 3016 fornicatio
2242 2972 2348 3014 nos
2375 2971 2567 3015 macu-

311 3059 398 3118 let
427 3057 614 3120 aliena
630 3104 646 3131 ,
691 3061 840 3135 apud
872 3076 1014 3133 quos
1045 3058 1374 3134 suggeritur
1402 3059 1606 3119 ceteris
1637 3059 1857 3120 occasio
1885 3059 2178 3132 lupanaris
2198 3105 2213 3132 ,
2244 3061 2305 3119 et
2333 3058 2569 3119 crimine

237 3185 294 3225 ss
319 3161 500 3221 alieni
529 3165 724 3222 reatus
752 3163 1182 3224 absorbebimur
1195 3208 1210 3237 ,
1245 3163 1336 3224 cui
1363 3181 1468 3224 nos
1497 3163 1610 3239 ipsi
1642 3164 2017 3224 subornamus
2058 3162 2453 3222 immunditiae
2482 3163 2567 3223 le-

309 3265 620 3326 nocinium.
657 3267 892 3341 propter
921 3267 1070 3340 quod
1097 3266 1390 3340 apostolus
1419 3267 1637 3327 Paulus
1672 3267 1743 3327 de
1772 3266 2057 3326 similibus
2086 3265 2173 3324 ita
2198 3283 2303 3326 nos
2331 3265 2569 3326 instruit

307 3368 538 3430 dicens:
571 3368 635 3428 si
663 3370 978 3444 propter
1019 3386 1254 3429 escam
1297 3369 1542 3430 frater
1583 3372 1761 3429 tuus
1786 3368 2379 3440 scandalizatur,
2426 3369 2567 3429 iam

307 3487 448 3530 non
491 3471 563 3530 in
607 3472 922 3532 caritate
965 3472 1310 3533 ambulas.
1367 3473 1527 3533 noli
1571 3489 1737 3533 esca
1792 3475 1922 3532 tua
1964 3473 2178 3534 illum
2220 3473 2564 3549 perdere,

444 3740 475 3793 7
513 3741 613 3796 Sir.
650 3742 701 3804 9,
735 3741 786 3795 4.
996 3742 1062 3796 16
1098 3741 1200 3799 Sir.
1237 3742 1285 3808 9,
1323 3741 1372 3797 9.
1583 3741 1649 3795 2Ἰ
1686 3741 1842 3796 Rom.
1879 3742 1961 3808 14,
1998 3743 2079 3796 15.

442 4015 480 4070 4
513 4015 626 4070 risu
667 4016 727 4080 0,
761 4015 932 4070 risum
967 4016 1254 4083 Erasmus,
1291 4032 1393 4072 usu
1429 4035 1462 4074 v
1648 4016 1680 4071 7
1716 4016 1993 4072 saltatrice
2038 4018 2097 4082 Ο,
2133 4017 2429 4072 cantatrice
2462 4033 2497 4072 v

301 4102 370 4156 11
407 4101 708 4171 conspicere
749 4102 797 4157 0
829 4102 944 4171 spic
973 4103 1042 4157 in
1074 4119 1188 4157 ras.
1363 4103 1430 4158 13
1464 4102 1769 4158 solidalitas
1804 4101 1851 4157 G
2010 4102 2079 4157 14
2112 4102 2235 4171 quo]
2271 4102 2413 4170 quod
2454 4102 2501 4159 G

301 4189 392 4242 est
433 4187 482 4243 G
511 4203 554 4242 e.
592 4188 628 4244 1.
663 4203 734 4242 m.
770 4191 808 4244 2
1025 4189 1254 4244 societas
1297 4189 1356 4255 G,
1393 4189 1655 4244 sodalitas
1690 4205 1725 4243 v
1941 4187 2008 4242 16
2044 4203 2151 4244 non
2194 4187 2251 4252 Ο,
2287 4205 2355 4243 ne
2388 4205 2423 4244 v
2432 4209 2453 4256 ;
2490 4187 2563 4254 cf.

302 4289 428 4342 cap.
467 4279 533 4328 11
782 4274 848 4329 19
883 4289 1222 4342 perseuerare
1257 4275 1318 4340 G,
1353 4274 1546 4329 durare
1577 4291 1613 4330 v
1863 4273 1937 4328 20
1967 4289 2067 4328 nos
2102 4289 2211 4329 non
2249 4274 2298 4331 G
2324 4274 2422 4329 sed
2457 4289 2563 4328 non

300 4376 432 4429 exp.
696 4361 810 4430 ipse
853 4361 902 4417 G
1156 4360 1228 4416 22
1261 4360 1450 4430 rapida
1491 4360 1538 4416 G
1571 4362 1637 4416 in
1668 4375 1780 4415 ras.
1814 4375 1883 4414 m.
1920 4361 1961 4415 2
2218 4360 2289 4416 23
2324 4358 2469 4429 quod
2504 4359 2563 4426 G,
2632 4367 2639 4375 '

301 4449 401 4500 aut
437 4445 582 4516 quod
615 4462 650 4502 v
968 4447 1038 4502 24
1072 4449 1128 4502 et
1162 4463 1232 4502 ex
1266 4463 1362 4502 nec
1396 4447 1442 4503 G
1473 4463 1544 4504 m.
1583 4449 1625 4502 2
1940 4447 2011 4502 25
2044 4445 2383 4502 absorbimus
2428 4447 2497 4503 0¹
