3217 5150
2357 577 2478 624 LIX

238 708 437 772 menti
479 707 749 773 futilitas
788 727 901 773 nec
944 708 1262 790 scriptoris
1294 711 1606 775 uetustate
1637 729 1748 774 nec
1778 710 2072 775 sermonis
2102 712 2480 795 proprietate

241 820 683 902 compensetur,
710 820 885 885 uelut
912 819 1371 902 Confessionem
1399 821 1737 903 Cypriani,
1761 821 2230 887 Reuelationem
2252 824 2482 904 capitis

238 932 401 996 beati
431 932 705 996 Ioannis
746 932 1069 1012 baptistae,
1114 952 1267 1015 quae
1306 934 1577 998 narratio
1621 952 1739 1015 quo
1783 952 1928 998 casu
1959 935 2024 998 in
2055 934 2354 1000 editiones
2382 936 2480 1000 in-

237 1044 499 1126 repserit
539 1043 703 1107 infra
742 1044 1281 1122 demonstrabitur,
1325 1047 1387 1109 et
1431 1043 1668 1109 (lenam
1715 1046 1815 1110 uel
1862 1045 2066 1109 Genae
2109 1037 2480 1126 disputatio-

236 1140 466 1232 nem*j.
500 1155 736 1236 reliqua
766 1143 920 1237 quae
950 1157 1151 1238 recepi
1176 1175 1314 1220 cum
1340 1156 1405 1221 in
1431 1157 1807 1222 editionibus
1837 1158 2014 1222 tanta
2044 1158 2480 1239 deprauatione

232 1265 581 1331 laborarent
633 1268 705 1331 ut
750 1268 1041 1350 pleraque
1092 1268 1374 1353 intellegi
1425 1287 1547 1334 non
1597 1270 1864 1350 possent,
1919 1269 1998 1334 ad
2039 1268 2480 1364 ‘uetustissima

236 1379 615 1462 exemplaria
682 1379 1019 1443 maximam
1084 1381 1325 1461 partem
1386 1381 1587 1445 adhuc
1644 1381 1930 1464 ignorata
1989 1381 2287 1463 quantum
2346 1381 2481 1446 fieri

232 1490 441 1573 potuit
490 1492 774 1556 accurate
828 1491 1152 1574 castigaui.
1206 1490 1273 1554 in
1318 1491 1581 1575 singulis
1633 1493 2030 1558 emendandis
2080 1513 2202 1575 qua
2246 1494 2482 1558 ratione

232 1620 332 1666 ars
384 1602 600 1667 critica
650 1603 991 1668 factitanda
1041 1603 1144 1680 sit,
1197 1605 1410 1685 paucis
1456 1605 1664 1684 potest
1707 1605 1979 1669 tractari.
2035 1606 2268 1687 partim
2313 1605 2478 1669 enim

237 1713 547 1778 codicibus
600 1713 855 1778 alterius
908 1714 1184 1779 familiae
1238 1716 1299 1779 et
1348 1715 1602 1796 primae,
1665 1715 1739 1779 de
1794 1733 2053 1797 quorum
2108 1716 2480 1781 auctoritate

240 1825 397 1890 satis
428 1825 665 1890 dictum
697 1826 965 1904 uidetur,
1000 1828 1346 1903 seruantur,
1378 1826 1605 1907 partim
1636 1826 1982 1892 emendatio
2013 1827 2296 1892 codicum
2323 1847 2479 1909 pau-

234 1937 425 2001 citate
455 1938 519 2001 et
549 1936 922 2018 antiquitate
963 1937 1027 2001 id
1060 1941 1154 2001 est
1197 1937 1606 2020 interpolandi
1654 1939 2014 2020 errandique
2061 1957 2245 2002 causa
2273 1940 2478 2003 minus

237 2046 664 2128 multiplicata
692 2047 1044 2112 adiuuatur.

319 2160 350 2223 I
389 2163 525 2226 De
566 2163 1087 2241 spectaculis.
1135 2162 1249 2225 hoc
1293 2161 1658 2244 opusculum
1705 2162 1866 2244 quod
1914 2181 1986 2228 ex
2032 2163 2238 2228 codice
2285 2189 2332 2249 μ,
2377 2164 2478 2228 uel

238 2291 485 2356 prorsus
534 2275 800 2358 gemello
849 2274 1040 2339 editio
1072 2274 1435 2338 Manutiana
1474 2273 1539 2338 in
1581 2275 1785 2338 lucem
1831 2275 2092 2356 protulit
2137 2293 2381 2356 perraro
2411 2275 2476 2338 in

237 2405 385 2451 mss
440 2386 619 2450 libris
670 2387 943 2470 apparet.
999 2386 1292 2450 Baluzius
1346 2386 1497 2450 duos
1548 2386 1814 2450 habebat
1865 2385 2207 2451 Fuxensem
2261 2385 2360 2472 (Z)
2414 2389 2476 2450 et

235 2499 602 2563 Remensem
637 2497 738 2584 (r),
770 2497 995 2580 reliqui
1026 2497 1289 2562 editores
1316 2498 1583 2562 nullum.
1613 2497 1794 2562 libris
1823 2499 2177 2563 Baluzianis
2207 2498 2474 2582 diligen—

238 2611 366 2675 tius
397 2630 434 2676 a
463 2630 563 2675 me
594 2609 865 2675 excussis
896 2610 1108 2675 addidi
1138 2610 1397 2674 tertium
1426 2610 1850 2675 Monacensem
1885 2609 2005 2695 (μ).
2039 2612 2145 2692 qui
2176 2612 2478 2693 quomodo

235 2720 400 2784 inter
423 2739 487 2784 se
510 2720 867 2785 cohaereant
896 2738 1081 2802 supra
1109 2720 1451 2785 indicatum
1474 2721 1569 2817 est
1588 2740 1648 2802 p.
1667 2721 1965 2785 XLVIII:
1996 2739 2068 2786 ex
2091 2740 2210 2787 uno
2241 2722 2478 2787 scilicet

232 2832 543 2896 fluxerunt
574 2834 922 2916 archetyp0‚
968 2852 1153 2916 quem
1184 2833 1418 2898 codices
1450 2853 1529 2915 μι·
1557 2833 1864 2917 integrius
1893 2835 2354 2917 repraesentant
2383 2834 2476 2899 ita

232 2945 397 3009 inter
417 2962 483 3008 se
506 2946 732 3024 conexi,
766 2947 838 3009 ut
860 2946 1044 3010 unius
1074 2946 1274 3011 instar
1303 2946 1568 3011 habeant
1597 2946 1764 3025 libri,
1803 2964 1838 3010 a
1861 2963 1978 3028 quo
2010 2966 2254 3011 summa
2279 2947 2474 3011 inter-

231 3056 542 3139 polatione
593 3056 637 3120 Z
692 3057 1107 3142 degenerauit.
1166 3056 1283 3121 hac
1340 3058 1579 3123 ratione
1637 3059 1880 3122 textum
1939 3059 2475 3141 corruptissimum

231 3168 561 3249 permultis
606 3169 757 3233 locis
801 3169 1028 3234 rectius
1071 3170 1389 3249 constitui,
1440 3170 1546 3234 sed
1588 3170 1882 3252 conplura
1911 3169 2290 3235 emendanda
2331 3170 2474 3235 aliis

238 3279 464 3361 reliqui
494 3282 560 3344 in
590 3281 881 3362 opusculo
910 3298 1029 3345 non
1060 3282 1333 3365 indign0,
1375 3282 1441 3345 in
1471 3281 1634 3363 quod
1665 3280 1789 3345 uiri
1820 3280 1985 3346 docti
2016 3300 2264 3363 operam
2295 3301 2471 3348 suam

233 3395 613 3460 conuertent.
667 3432 747 3440 —
802 3393 869 3456 II
917 3398 1052 3460 De
1105 3398 1309 3463 bono
1360 3396 1861 3475 pudicitiae.
1919 3394 2081 3460 hunc
2139 3396 2470 3459 tractatum

232 3523 414 3586 quem
436 3504 727 3569 Erasmus
758 3506 996 3589 primus
1022 3507 1286 3572 edidisse
1311 3508 1583 3573 creditur
1606 3508 1942 3573 editionem
1964 3508 2473 3572 Dauentriensem

300 3744 349 3811 *)
388 3744 501 3797 Hoc
546 3744 731 3797 libello
778 3744 1113 3813 ineptissimo
1162 3746 1342 3799 nullus
1390 3745 1720 3814 frequentius
1769 3732 2178 3798 describebatur.
2231 3742 2474 3796 uersibus

229 3830 417 3883 latinis
449 3830 695 3884 Caenam
730 3830 967 3884 reddidit
1005 3831 1258 3886 Azelinus
1299 3833 1587 3885 monachus
1611 3832 1886 3885 Remensis
1929 3830 2005 3885 ad
2027 3832 2335 3885 Henricum
2367 3830 2470 3883 im-

221 3922 535 3983 peratorem
555 3916 805 3971 imitatu-s
832 3917 1176 3986 cyprianum
1202 3918 1711 3988 Carthaqiniensem
1737 3918 1822 3985 (cf.
1843 3918 2096 3972 Salmasii
2118 3919 2230 3971 not.
2256 3917 2325 3970 ad
2349 3916 2472 3970 Fla—

230 4002 379 4055 uium
404 4002 686 4070 Vopiscum
729 4020 779 4072 p.
807 4006 946 4071 396).
988 4004 1045 4056 in
1082 4004 1255 4057 codice
1279 4004 1584 4058 Monacensi
1621 4006 1702 4074 (μ)
1739 4004 1836 4059 fol.
1875 4008 2004 4057 207·
2029 4004 2277 4057 uersiculi
2317 4019 2471 4072 prae-

229 4088 524 4141 mittuntur
559 4072 673 4142 d'rTi‘
686 4088 927 4143 Ioannis
962 4088 1030 4143 de
1067 4105 1241 4143 caena
1272 4074 1389 4143 εέἴ
1384 4090 1654 4159 Cypriani
1687 4091 1964 4159 martyris,
2009 4089 2201 4158 quibus
2227 4090 2472 4143 Carolum

228 4173 597 4242 imperatorem
634 4175 943 4244 alloquitur,
981 4175 1195 4244 eiusque
1228 4176 1294 4228 fit
1317 4177 1519 4230 mentio
1542 4179 1600 4229 in
1626 4175 1768 4230 calce
1790 4176 1882 4229 fol.
1911 4182 2011 4229 212
2047 4175 2201 4229 Vnde
2224 4176 2475 4245 qaudens

225 4259 499 4314 letabatur
532 4244 697 4329 imff
710 4262 940 4317 Carolus
959 4261 1093 4315 Cum
1110 4260 1481 4331 Franciyenis
1496 4264 1692 4331 poetis,
1719 4279 1842 4316 cum
1864 4262 2026 4331 yallis
2048 4262 2350 4315 bibentibus
2371 4264 2472 4315 etc.

226 4346 444 4399 Maurus
470 4346 688 4415 quidam
712 4346 930 4401 eandem
962 4346 1203 4403 Caenam
1228 4348 1495 4415 germanis
1520 4348 1762 4401 uersibus
1786 4347 2053 4402 conditam
2075 4346 2331 4401 Lothario
2355 4347 2472 4416 regi

226 4432 550 4486 Francorum
586 4432 697 4487 filio
712 4433 979 4487 'Ludouici
1012 4434 1091 4489 IV
1126 4430 1397 4487 dedicauit
1432 4434 1521 4501 (cf.
1544 4433 1836 4489 Leibnitzii
1871 4434 2156 4503 epistulam
2192 4434 2249 4485 in
2274 4432 2472 4487 Oudini

224 4518 513 4595 qomme‘nt.
543 4518 610 4572 de
632 4520 819 4589 script.
848 4518 1023 4575 eccles.
1052 4520 1081 4573 I
1105 4524 1205 4572 275
1230 4522 1349 4591 sq.).
