3217 5150
709 515 838 581 198
1652 509 2017 579 Appendix.

710 672 762 732 si
782 672 956 731 etia‘m
979 674 1182 733 cuncta
1205 670 1434 731 illorum
1455 671 1757 747 qnisquam
1778 687 1839 731 se
1862 668 2100 744 implere
2123 670 2413 741 iactasset,
2430 686 2521 730 me
2536 672 2729 729 tamen
2744 668 2964 729 nullius

709 773 944 836 suadela
971 778 1198 849 poterat
1223 774 1518 851 inclinare,
1561 775 1627 832 ut
1646 772 1793 834 alios
1812 789 1965 832 nunc
1976 774 2266 847 apostolos
2288 774 2573 833 crederem
2602 774 2801 831 contra
2820 789 2960 847 apo-

709 877 1022 939 stoliPauli
1039 876 1477 952 professionem:
1499 876 1860 950 numquid,
1884 876 2089 951 inquit,
2109 892 2351 935 omnes
2374 875 2741 950 apostoli?
2768 894 2960 935 num-

705 981 881 1056 quid
909 998 1152 1043 omnes
1183 980 1629 1056 prophetae?
1662 980 1713 1039 si
1736 980 1997 1041 Christus
2018 995 2344 1053 comparare
2368 978 2647 1053 seipsum
2676 996 2850 1041 ausus
2868 981 2961 1039 est

707 1084 823 1145 Deo
845 1086 946 1160 qui
973 1085 1088 1145 ait:
1119 1086 1340 1158 pater
1368 1082 1595 1144 maior
1640 1098 1741 1142 me
1770 1084 1899 1155 est,
1946 1086 2049 1142 aut
2076 1082 2129 1141 si
2157 1082 2403 1156 apostoli
2438 1098 2747 1157 coaequare
2776 1084 3007 1141 semets

707 1186 864 1261 ipsos
886 1188 1012 1247 ausi
1035 1191 1171 1248 sunt
1193 1187 1441 1259 Christo,
1466 1190 1525 1246 et
1538 1203 1645 1246 nos
1666 1186 1833 1247 hodie
1856 1185 2131 1259 apostolis
2152 1185 2420 1261 aequales
2442 1184 2619 1246 faciat
2638 1184 2962 1245 consimilis

707 1290 1002 1351 fortitudo.
1063 1290 1272 1371 misera
1297 1289 1648 1362 humanitas,
1678 1289 1741 1349 in
1768 1289 1877 1348 hac
1910 1287 2257 1364 aequalitate
2287 1272 2401 1348 non
2429 1288 2601 1377 times
2642 1288 2958 1361 fulminari,

704 1394 804 1469 qui
829 1396 902 1453 de
933 1393 1050 1453 filio
1078 1393 1188 1453 Dei
1217 1397 1322 1453 aut
1349 1394 1420 1459 de
1449 1392 1587 1451 filiis
1618 1392 1859 1453 tonitrui
1888 1410 1999 1451 non
2028 1391 2314 1452 cunctaris
2343 1391 2595 1467 peccatis
2615 1392 2736 1451 tuis
2766 1408 2958 1451 exem-

705 1497 804 1571 pla
832 1497 993 1557 uelut
1023 1496 1236 1557 similia
1263 1498 1524 1556 mutuare
1538 1499 1566 1555 ἰ’
1626 1512 1753 1555 cum
1805 1495 2101 1571 superbiae
2132 1496 2213 1555 sit
2243 1494 2398 1555 elata
2426 1494 2702 1555 iactantia
2718 1540 2734 1567 ‚
2780 1494 2959 1555 etiam

706 1600 957 1660 minimis
987 1600 1260 1659 ecclesiae
1290 1616 1630 1675 quemquam
1658 1599 2076 1673 conparabilem
2108 1598 2259 1659 uelle
2290 1597 2593 1671 conscribi,
2639 1616 2769 1658 cum
2798 1598 2952 1659 Pau·
2978 1616 3032 1653 10

701 1702 796 1763 lus
817 1705 1042 1763 moneat
1064 1704 1122 1762 et
1145 1702 1330 1763 dicat:
1363 1702 1560 1763 alter
1587 1702 1905 1762 alterum
1948 1702 2402 1777 superiorem
2438 1702 2959 1761 existimantes

705 1805 872 1865 sibi.
933 1807 993 1865 et
1044 1805 1286 1865 inferius
1329 1806 1552 1866 addidit
1603 1806 1825 1867 dicens:
1873 1807 2003 1866 hoc
2032 1806 2315 1866 sentite
2360 1806 2441 1865 de
2504 1805 2719 1865 uobis
2764 1804 2957 1879 quod

705 1911 773 1971 et
829 1908 906 1967 in
931 1907 1234 1978 ,Christo
1265 1908 1464 1981 Iesu,
1510 1910 1635 1984 qui
1680 1910 1947 1971 cumin
1990 1910 2229 1971 forma
2260 1909 2391 1969 Dei
2434 1908 2955 1970 essetconsti-

701 2014 944 2085 tutus,
1011 2029 1152 2073 non
1195 2012 1530 2087 rapinam
1597 2014 2023 2073 arbitratus
2082 2016 2193 2073 est
2249 2029 2407 2074 esse
2452 2028 2527 2073 se
2570 2012 2955 2087 aequalem

699 2113 873 2188 Deo,
949 2115 1074 2175 sed
1129 2118 1356 2175 semet
1407 2115 1643 2190 ipsum
1708 2116 2131 2177 exinaniuit
2194 2116 2489 2176 formam
2562 2114 2765 2175 serui
2839 2132 2951 2175 ac·
2978 2132 3030 2171 is

701 2216 1004 2293 cipiens.

621 2330 706 2389 22
791 2321 984 2381 Minus
1034 2322 1236 2397 utique
1287 2322 1358 2381 de
1407 2323 1623 2382 nostris
1676 2322 1897 2383 uiribus
1928 2322 2289 2383 sentiendum
2318 2325 2437 2395 est,
2490 2338 2595 2381 nec
2622 2320 2951 2381 fortitudini

701 2429 1026 2487 sanctornm
1079 2429 1276 2487 nostra
1327 2426 1635 2487 infirmitas
1690 2428 2066 2500 comparanda
2094 2430 2185 2487 est
2200 2471 2215 2499 ,
2270 2426 2419 2487 sicut
2460 2426 2625 2486 nobis
2655 2424 2953 2501 apostolus

700 2528 922 2590 Paulus
951 2512 1021 2591 de
1053 2532 1234 2610 semet
1266 2531 1390 2607 ipso
1421 2530 1815 2608 magisterium
1844 2530 2109 2606 proponit
2137 2533 2197 2591 et
2226 2529 2399 2591 dicit:
2434 2547 2571 2592 non
2600 2528 2792 2590 enim
2835 2546 2950 2590 an-

699 2633 978 2706 demus,
1022 2635 1240 2710 inquit,
1283 2651 1713 2709 comparare
1768 2651 1897 2694 nos
1954 2637 2080 2695 aut
2138 2634 2486 2695 conferre
2513 2633 3037 2708 quibusdam„

700 2737 822 2812 qui
866 2754 940 2797 se
982 2737 1184 2812 ipsos
1226 2738 1765 2810 commendant,
1812 2738 1941 2796 sed
1986 2737 2134 2811 ipsi
2180 2737 2251 2796 in
2294 2736 2747 2810 nobisipsis
2792 2753 2953 2798 nos-

699 2843 841 2899 met
893 2840 1092 2915 ipsos
1135 2841 1350 2901 nobis
1393 2841 2015 2902 commendantest
2078 2858 2217 2902 non
2260 2857 2479 2915 supra
2544 2856 2955 2900 mensuram

700 2943 1126 3019 gloriantes
1170 2946 1297 3005 sed
1341 2945 1427 3004 ad
1469 2961 1882 3004 mensuram
1926 2943 2219 3019 gloriae
2266 2961 2471 3018 quam
2513 2943 2725 3003 nobis
2768 2959 2953 3002 men-

699 3063 825 3106 sus
867 3049 982 3105 est
1025 3045 1234 3107 Deus.
1278 3049 1342 3107 at
1371 3048 1522 3106 enim
1552 3048 1999 3122 contemplamur
2022 3049 2169 3122 quod
2194 3048 2317 3121 ipse
2340 3048 2545 3108 iterum
2570 3047 2747 3107 dixit:
2780 3045 2955 3121 plus

699 3150 784 3209 ab
813 3148 979 3209 illis
1008 3150 1344 3209 omnibus
1372 3149 1731 3222 laborarii,
1761 3149 1908 3210 nihil
1940 3151 2163 3222 melius,
2194 3151 2341 3211 nihil
2366 3151 2557 3226 aptius
2580 3150 2723 3210 mihi
2744 3167 2954 3226 propo·
2976 3161 3031 3202 ’ὅ

697 3253 888 3324 nitur,
939 3253 1088 3312 unde
1118 3251 1340 3312 uincam
1358 3298 1372 3324 ,
1403 3253 1518 3313 nisi
1547 3257 1613 3313 ut
1641 3255 1711 3314 de
1740 3255 1888 3331 ipso,
1919 3255 1989 3314 de
2020 3272 2130 3328 quo
2158 3253 2303 3314 mihi
2346 3252 2790 3328 praescribitur,
2846 3270 2951 3328 ego

698 3356 822 3430 ipse
850 3355 1252 3430 praescribam.
1308 3359 1458 3416 certe
1488 3357 1613 3431 ipse
1643 3356 1775 3432 plus
1811 3357 1887 3418 ab
1914 3357 2176 3442 omnibus
2204 3357 2489 3417 laborauit
2504 3402 2520 3430 ,
2552 3359 2612 3415 et
2652 3358 2849 3416 tamen
2879 3355 2954 3414 ad

697 3460 963 3520 mulieres
993 3459 1496 3520 circumducendae
1527 3460 1778 3536 collegas
1810 3477 1945 3521 suos
1976 3460 2193 3520 imitari
2223 3458 2570 3520 contremuit
2584 3505 2599 3532 ‚
2647 3476 2723 3520 ne
2770 3475 2831 3520 se
2877 3458 2952 3517 ad

831 3697 867 3750 3
900 3696 930 3750 1
965 3695 1082 3752 Cor.
1121 3695 1206 3763 12,
1239 3696 1324 3750 29.
1737 3697 1773 3751 5
1805 3695 1881 3751 Io.
1920 3696 2002 3760 14,
2038 3695 2122 3750 28.
2526 3696 2591 3749 11
2627 3695 2775 3750 Phil.
2812 3695 2865 3760 2,
2898 3695 2949 3749 3.

699 3783 765 3837 12
797 3783 942 3837 Phil.
977 3783 1027 3847 2,
1061 3783 1219 3837 5-7.
1428 3783 1494 3838 19
1528 3783 1588 3838 H
1626 3783 1741 3838 Cor.
1783 3783 1863 3846 10,
1904 3783 1985 3837 12.
2191 3783 2262 3837 24
2295 3783 2325 3837 1
2362 3782 2476 3838 cor.
2516 3782 2597 3847 15,
2636 3782 2720 3837 10.

836 4009 866 4062 1
902 4007 1106 4062 nullius
1150 4007 1197 4063 Ο
1226 4023 1290 4062 us
1323 4023 1366 4061 s.
1402 4007 1439 4061 l.
1759 4008 1797 4062 4
1831 4023 1887 4061 se
1920 4008 2099 4078 ipsum
2134 4021 2437 4076 comparare
2471 4024 2505 4061 v
2827 4008 2862 4060 6
2894 4007 2951 4060 et

695 4109 800 4150 om.
835 4111 869 4148 v
1175 4093 1311 4149 facit
1343 4108 1376 4147 v
1672 4092 1974 4148 consimiles
2017 4092 2085 4148 Ο*
2380 4093 2415 4147 8
2451 4092 2546 4160 qui
2587 4093 2647 4157 C',
2684 4107 2819 4161 quse
2853 4108 2886 4145 v

695 4181 730 4234 9
764 4181 962 4234 mutari
1006 4181 1076 4237 0¹
1301 4181 1366 4235 11
1403 4178 1512 4233 sibi
1545 4179 1915 4233 existimantes
1948 4197 1984 4235 v
2201 4181 2266 4234 17
2304 4179 2493 4248 utique
2536 4178 2593 4242 G,
2631 4179 2817 4248 itaque
2848 4195 2881 4232 v

696 4265 763 4321 18
796 4265 950 4321 nobis
986 4284 1054 4322 ex
1086 4283 1186 4321 nos
1229 4267 1276 4323 Ο
1306 4284 1379 4320 m.
1415 4269 1456 4320 2
1661 4265 1731 4318 23
1764 4265 1967 4334 gloriae
2010 4266 2070 4330 G,
2106 4266 2317 4335 gratiae
2352 4283 2385 4322 v
2591 4265 2662 4318 24
2698 4264 2767 4318 ad
2808 4263 2947 4318 enim

703 4353 762 4416 G,
799 4351 998 4406 etenim
1033 4370 1066 4406 v
1273 4354 1388 4422 ipse
1419 4368 1520 4407 om.
1557 4368 1592 4407 υ
1805 4351 1875 4404 26
1908 4350 2258 4420 perscribitur
2302 4351 2347 4406 Ο
2353 4355 2369 4381 ¹
2578 4349 2645 4404 27
2683 4351 2798 4421 ipse
2830 4349 2947 4420 plus

693 4437 766 4491 ab
799 4436 1045 4493 omnibus
1087 4439 1146 4503 0,
1181 4439 1303 4508 plus
1337 4437 1584 4492 omnibus
1619 4439 1733 4508 ipse
1769 4455 1802 4494 v
