3217 5150
2401 561 2524 610 LXI

282 698 625 786 Cyprianus
665 699 933 766 maxime
973 699 1111 784 agit
1152 699 1543 784 explicandas
1584 717 1706 764 non
1735 699 1896 764 nihil
1920 699 2190 765 conferre
2219 698 2524 776 uiderent,

280 812 691 894 retinuerunt,
735 812 843 878 sed
872 815 1116 896 praeter
1146 809 1445 878 Granium
1475 813 1539 877 et
1566 811 1940 908 Panielium‚
1971 811 2078 894 qui
2109 810 2348 876 codices
2377 808 2528 875 Car-

279 924 527 990 thasiae
549 926 613 990 et
637 922 699 990 S.
721 923 1117 990 Pantaleonis
1147 923 1424 1002 laudant,
1458 923 1754 990 subsidiis
1784 923 1962 989 nouis
1992 921 2203 988 nullus
2233 940 2382 987 usus
2411 923 2528 987 est.

280 1035 519 1101 codices
552 1036 719 1101 enim
746 1036 931 1102 huius
962 1034 1109 1100 libri
1140 1037 1287 1101 sunt
1314 1035 1641 1114 rarissimi,
1675 1053 1859 1118 quem
1887 1034 2072 1100 nnius
2093 1032 2385 1100 Vossiani
2411 1031 2530 1117 (K)

282 1145 407 1212 fide
448 1147 787 1213 emendaui.
824 1165 969 1212 cum
996 1148 1065 1212 in
1094 1147 1363 1212 editione
1394 1145 1481 1232 (p.
1515 1148 1691 1228 52‚9)
1722 1146 1966 1212 Erasmi
1993 1145 2326 1236 editionem
2356 1143 2530 1230 prin-

284 1259 487 1341 cipem
526 1257 794 1324 dicerem
837 1259 1067 1342 erraui3
1111 1259 1386 1324 nondum
1416 1257 1700 1324 uideram
1729 1257 2259 1334 Dauentriensem‚
2304 1273 2378 1320 ex
2407 1271 2530 1337 qua

284 1369 581 1434 Erasmus
624 1371 966 1436 tractatum
1012 1369 1092 1436 ad
1121 1370 1383 1436 uerbum
1427 1370 1553 1435 fere
1595 1368 1889 1452 repetiuit
1931 1368 2083 1433 locis
2127 1367 2344 1452 paucis
2389 1383 2534 1431 con-

283 1481 524 1546 iectura
565 1481 856 1559 mutuam
911 1499 1032 1547 non
1072 1483 1299 1548 inutile
1328 1501 1459 1548 esse
1486 1481 1711 1566 putaui
1737 1481 2033 1548 lectiones
2064 1478 2534 1546 Dauentriensis

287 1592 367 1657 ab
394 1591 513 1657 hac
540 1593 887 1660 recensione
916 1593 1329 1677 discrepantes
1360 1593 1664 1660 subicere:

356 1760 405 1814 p.
428 1749 583 1810 52,19
598 1746 869 1816 prospicit
992 1764 1043 1818 p.
1070 1751 1189 1812 53,3
1212 1748 1286 1802 eit
1306 1750 1429 1818 poet
1449 1753 1743 1816 separatus
1765 1745 1892 1802 aad.
2025 1752 2058 1800 6
2079 1746 2222 1813 forie
2347 1717 2414 1799 15
2442 1759 2536 1800 ea:-
2616 1763 2805 1812 con-ao

288 1845 449 1886 emsa
472 1834 536 1886 nt
558 1831 611 1885 K
774 1837 837 1887 16
862 1833 1019 1888 domo
1039 1849 1144 1888 om.
1308 1839 1372 1887 17
1396 1833 1542 1904 quod
1563 1835 1630 1887 nt
1651 1833 1700 1888 Κ
1865 1837 1931 1887 21
1955 1837 2011 1888 te
2032 1848 2138 1888 om.
2297 1837 2364 1886 25
2388 1832 2538 1902 quie-
2555 1835 2863 1880 editioni-D·-

288 1918 413 1986 μὴ
538 1989 573 2002 „
593 1934 643 1988 p.
668 1923 791 1984 54,4
814 1919 1071 1990 choram]
1096 1921 1239 1976 onae
1420 1924 1455 1974 e
1477 1919 1906 1990 ordinationem]
1929 1918 2178 2005 agasonem
2355 1924 2420 1973 12
2443 1919 2540 1975 εεει·
2568 1905 2848 1949 mmm..

290 2019 391 2058 om.
546 2006 879 2073 afelicissime
1029 2011 1093 2062 13
1116 2007 1331 2074 furoris
1355 2023 1458 2062 om.
1613 2010 1678 2059 15
1701 2007 1854 2078 dum]
1879 2013 1981 2063 aut
2127 2013 2191 2061 21
2217 2007 2535 2077 mellique-

291 2095 387 2144 tur
408 2107 608 2159 parum
634 2098 687 2147 et
709 2094 760 2148 ei
782 2109 897 2148 non
920 2094 1356 2163 interpoliantwr
1537 2099 1607 2148 24
1638 2094 1834 2150 Ysaiae
2002 2111 2054 2164 p.
2079 2098 2199 2161 55,3
2224 2094 2396 2149 archa
2415 2109 2539 2150 cum

290 2175 402 2245 hiis
628 2183 663 2232 4
683 2179 749 2234 in
769 2197 879 2249 qua
905 2185 957 2235 et
980 2185 1161 2236 cetera
1181 2197 1324 2250 quae
1346 2181 1413 2236 in
1436 2197 1503 2234 ea
1523 2180 1768 2234 inuenta
1989 2184 2024 2234 8
2046 2179 2302 2250 amplius]
2326 2181 2478 2236 ultra

296 2266 360 2316 11
376 2264 627 2332 poterint
755 2270 821 2319 19
844 2266 1090 2322 caelestis
1216 2271 1283 2320 22
1306 2267 1652 2336 spiritualem
1673 2266 1800 2321 olim
1935 2270 2002 2320 25
2022 2267 2346 2335 permissum
2368 2282 2470 2321 om.

290 2363 343 2418 p.
370 2353 489 2414 56,3
512 2349 701 2405 t'nitae
889 2355 920 2405 7
941 2353 1305 2422 prompt-rint
1492 2357 1525 2420 0
1548 2352 1876 2408 exercebant
2064 2356 2132 2407 10
2153 2352 2475 2408 redtmdare

295 2439 362 2488 14
382 2435 572 2503 reptili
764 2441 828 2490 15
853 2439 1189 2494 cathacliemi
1388 2442 1452 2492 17
1476 2438 1749 2494 ediximus
1941 2442 2010 2492 20
2030 2439 2372 2508 ειφετεήὶωα
2395 2443 2477 2494 est

294 2524 360 2573 21
386 2521 849 2592 siqnificabantur
985 2528 1052 2578 23
1071 2540 1211 2595 aque
1347 2529 1416 2579 24
1432 2524 1533 2580 αἶα
1555 2541 1657 2579 om.
1794 2528 1861 2579 26
1881 2523 2148 2581 audacter
2284 2529 2350 2578 27
2369 2523 2542 2580 domi-

285 2623 397 2662 nus
418 2610 646 2663 ruinam
836 2627 889 2681 p.
913 2614 1032 2675 57,5
1058 2612 1137 2667 sic
1160 2612 1217 2666 et
1242 2616 1293 2667 et
1315 2626 1417 2667 om.
1605 2616 1669 2667 16
1693 2628 1794 2667 uos
1817 2614 1882 2667 nt
1901 2610 1954 2665 Κ
2135 2612 2328 2683 igitur]
2355 2626 2478 2682 erqo

294 2698 365 2747 20
388 2693 597 2765 recepti
616 2696 837 2751 medelis
984 2702 1053 2751 23
1074 2698 1188 2754 olee
1322 2704 1391 2752 22
1414 2699 1475 2755 hi
1494 2700 1624 2770 ipsi]
1647 2699 1730 2769 h&
1865 2716 1916 2770 p.
1943 2703 2061 2765 57,1
2086 2714 2202 2755 non
2219 2697 2546 2766 metuenmt]

296 2788 620 2839 merumnt
789 2788 821 2837 2
846 2784 1069 2839 tradere
1090 2790 1143 2839 et
1312 2790 1345 2839 3
1368 2786 1566 2841 insane
1586 2787 1784 2841 mentis
1959 2791 1992 2841 6
2015 2786 2194 2855 lapsos
2214 2800 2313 2839 seu
2333 2783 2546 2839 adhuc·

296 2882 467 2935 usque
638 2874 670 2922 9
694 2869 759 2925 in
782 2871 946 2925 caelis
968 2877 1047 2927 eet
1208 2876 1274 2926 10
1294 2872 1525 2941 statuta]
1541 2878 1849 2942 praecepta
2010 2877 2073 2925 11
2100 2869 2403 2940 exemplum
2425 2869 2547 2925 dia-

298 2952 411 3008 boli
430 2959 620 3010 secuta
641 2972 794 3011 morte
816 2972 1065 3012 exercere
1086 2963 1311 3012 conetur
1448 2963 1514 3012 14
1531 2963 1585 3013 et
1603 2974 1702 3012 om.
1847 2963 1912 3013 15
1929 2958 2236 3029 intelliqant
2371 2956 2545 3009 inter-

292 3044 594 3108 pretentur
746 3046 809 3095 21
836 3042 1058 3097 nonam
1078 3048 1175 3097 tuo
1327 3048 1395 3097 28
1418 3045 1571 3114 ωηο]
1598 3031 1665 3099 ιῖι
1817 3060 1866 3115 p.
1893 3050 2010 3112 592
2035 3045 2274 3099 nomimis
2294 3042 2549 3097 mutastis

298 3126 487 3181 uelum
620 3128 923 3183 4hiceeset
1058 3130 1269 3185 Salam
1424 3130 2549 3199 llpaenitentiam...l.18‹ticentemet

300 3228 423 3279 om„
446 3212 563 3270 add.
593 3212 823 3271 Grauius
1066 3221 1131 3270 16
1154 3222 1207 3271 et
1231 3218 1616 3272 convertimini
1849 3221 1914 3269 18
1937 3216 2092 3287 adeo]
2118 3216 2242 3272 ideo
2263 3216 2363 3287 (sic
2387 3216 2551 3270 etiam

299 3298 576 3367 Erasmus)
712 3318 762 3371 p.
791 3305 907 3367 60,5
930 3318 1128 3357 nomen
1149 3308 1421 3370 sanctum,
1444 3288 1581 3356 item
1602 3302 1641 3356 l.
1663 3307 1696 3355 8
1837 3308 1901 3356 10
1924 3303 2298 3371 sanctificatus
2318 3302 2482 3368 fuero

301 3390 369 3439 13
395 3386 715 3442 tabescimus
869 3392 933 3441 15
958 3388 1119 3458 sicut]
1142 3388 1238 3443 sed
1393 3392 1457 3442 18
1480 3390 1559 3444 sic
1579 3404 1682 3459 per
1711 3388 1936 3443 Ysaiam
2087 3394 2156 3442 20
2181 3389 2484 3444 Hieremias

299 3478 377 3529 23.
394 3472 529 3528 dicit
642 3477 711 3528 28
734 3474 849 3545 qui]
874 3475 1018 3544 quod
1130 3480 1199 3529 29
1222 3475 1472 3545 quodque
1584 3492 1635 3547 p.
1664 3480 1781 3542 61,5
1805 3476 2002 3543 infixis
2101 3476 2193 3530 ale
2307 3480 2339 3528 9
2363 3462 2550 3544 Petre]

302 3559 513 3629 Simon,
537 3561 670 3615 item
692 3561 732 3617 1.
761 3567 840 3617 14.
866 3567 931 3615 21
1105 3567 1173 3617 10
1197 3568 1357 3617 erant
1518 3567 1580 3615 11
1608 3563 1660 3617 ei
1681 3578 1782 3617 om.
1948 3567 2015 3617 14
2036 3562 2257 3619 morum
2279 3561 2485 3633 diliq'et

299 3650 373 3699 16
396 3646 618 3701 intraui
787 3652 853 3701 23
878 3662 993 3702 ecce
1018 3647 1219 3703 delicta
1244 3648 1534 3703 donantem
1555 3661 1658 3701 om.
1833 3651 1902 3701 28
1924 3664 2036 3717 qua
2193 3664 2241 3717 p.
2269 3651 2387 3711 62,1
2413 3645 2550 3703 allo-2

302 3732 415 3800 filie
569 3738 600 3786 2
628 3732 859 3802 domini]
882 3732 1191 3789 hominibus
1344 3738 1375 3787 3
1401 3733 1742 3805 dediynatwr
1889 3739 1924 3788 4
1945 3734 2186 3804 quamdo]
2211 3733 2486 3803 quondam

304 3824 339 3873 5
366 3823 418 3873 et
438 3818 613 3885 fratri
634 3821 751 3874 eius
774 3835 876 3874 om.
1006 3824 1069 3873 11
1100 3836 1223 3875 eum
1350 3824 1415 3874 13
1439 3822 1620 3887 antica
1757 3823 1822 3874 17
1845 3821 2116 3876 iudicium
2139 3827 2194 3877 et
2213 3820 2486 3875 iustitiam

305 3910 375 3959 22
398 3904 491 3975 ab]
515 3922 554 3959 a
706 3911 773 3960 23
798 3922 921 3961 eum
942 3906 1081 3973 facit
1216 3912 1283 3961 25
1306 3908 1510 3963 resistit
1647 3912 1714 3961 26
1739 3908 1948 3963 exaltat
2082 3924 2132 3977 Ρ.
2159 3911 2275 3973 63,1
2293 3906 2487 3976 perdit

306 3998 339 4046 6
366 3998 733 4047 excaecarunt
870 3998 902 4045 7
923 3994 1213 4048 sceleratus
1239 3999 1291 4048 et
1429 3997 1492 4046 12
1518 3994 1782 4048 caninam
1909 3999 1973 4047 16
1989 3994 2266 4063 peniteret
2392 3998 2460 4046 20
2481 3994 2555 4047 sit

308 4095 465 4132 uana
646 4084 714 4133 24
736 4094 947 4148 quoque
1114 4095 1163 4149 p.
1191 4084 1308 4143 64,7
1330 4080 1504 4147 fuerit
1524 4080 1765 4148 secutus]
1791 4080 1984 4147 fecerit
2171 4084 2234 4132 17
2257 4078 2557 4147 nephanda

302 4180 549 4235 persona
672 4170 739 4218 22
763 4165 1001 4219 tradidit
1124 4182 1173 4236 p.
1200 4170 1317 4231 65,5
1342 4165 1626 4220 remisistis
1753 4170 1784 4218 8
1810 4166 1878 4219 de
1899 4164 2150 4219 manibus
2173 4180 2358 4219 eorum
2379 4180 2482 4218 om.

312 4257 378 4305 12
404 4252 489 4321 de]
514 4253 579 4309 in
730 4257 794 4306 13
818 4252 1055 4320 dispersi
1193 4256 1257 4305 15
1282 4252 1581 4307 custodiam
1723 4256 1787 4304 19
1803 4252 1980 4321 perijt
2116 4256 2180 4304 21
2208 4252 2554 4321 eonyratula-

310 4340 449 4393 mini
641 4343 707 4393 23
730 4354 898 4407 super
919 4353 1032 4393 wno
1046 4343 1330 4406 peccatore
1349 4338 1714 4406 penitentiam
1737 4344 1931 4407 ayente
2124 4343 2190 4391 26
2216 4354 2285 4391 ex
2308 4337 2557 4393 denariis

310 4442 486 4481 umnam
508 4442 694 4481 nonne
829 4441 878 4495 p.
908 4430 1021 4489 66,1
1047 4440 1177 4478 suas
1200 4440 1300 4477 om.
1443 4430 1506 4477 12
1530 4426 1713 4494 inquit
1735 4441 1836 4478 om.
1981 4430 2043 4478 13
2070 4427 2124 4479 et
2151 4430 2214 4478 18
2231 4424 2487 4493 peribitis

312 4518 383 4567 24
405 4516 457 4568 et
480 4527 585 4566 om.
742 4528 794 4581 p.
820 4514 937 4577 67,3
962 4526 1073 4565 esee
1097 4526 1200 4565 om.
1366 4514 1429 4563 14
1449 4510 1614 4577 factis
1642 4550 1721 4565 ...
1751 4510 1994 4566 omnibus
2017 4502 2116 4565 dm.
2282 4514 2346 4563 18
2371 4510 2488 4565 eius
