3217 5150
655 544 700 610 6
1603 539 1964 610 Appendix.

653 699 938 776 loquutur,
979 700 1127 760 nihil
1155 699 1775 775 umquam-indecorum
1802 701 1995 773 geret:
2042 699 2173 774 plus
2204 698 2355 760 enim
2383 699 2649 773 ponderis
2678 698 2915 760 habebit

656 803 1002 864 conscientie.
1029 819 1176 878 quae
1204 801 1350 862 nulli
1379 819 1440 862 se
1469 803 1640 874 alteri
1668 802 1899 863 debebit
1926 801 2041 862 nisi
2068 802 2199 864 sibi.

594 905 638 964 4
743 905 897 977 Quid
925 907 1210 980 scripture.
1223 905 1560 965 interdixit?
1591 906 1887 980 prohibuit
1898 905 2049 964 enim
2062 905 2311 980 spectari
2324 906 2474 979 quod
2484 905 2749 978 probibet
2762 905 2908 978 geri.

653 1009 862 1083 omnis,
905 1009 1154 1082 inquam,
1207 1009 1322 1067 ists
1371 1008 1820 1082 spectaculorum
1860 1023 2073 1083 genere.
2114 1007 2425 1079 damnauit,
2466 1009 2687 1082 qun-ndo
2726 1008 2910 1069 idolo-

652 1112 882 1172 latrium
935 1111 1172 1172 sustulit
1215 1112 1478 1172 ludorum
1528 1111 1777 1172 omnium
1822 1114 2083 1185 matrem,
2134 1112 2283 1172 unde
2332 1111 2474 1172 haec
2522 1110 2798 1172 uanitatis
2846 1112 2911 1170 et
2928 1131 2961 1170 s

651 1215 910 1275 leuitatis
949 1217 1207 1274 monstro
1239 1217 1532 1296 uenerunt.
1583 1216 1733 1288 quod
1772 1215 1921 1274 enim
1966 1215 2353 1290 spectaculum
2398 1215 2519 1274 sine
2560 1212 2729 1286 idolo,
2776 1213 2908 1288 quis

651 1316 820 1376 ludus
865 1317 990 1377 siue
1035 1316 1330 1389 sacrificiO,
1382 1312 1534 1391 quod
1579 1320 1869 1378 certamen
1908 1335 2021 1378 nou
2050 1318 2436 1378 consecratum
2465 1319 2727 1388 mortuo?
2772 1315 2913 1389 quisi

651 1418 802 1480 inter
829 1421 970 1480 haec
997 1419 1344 1480 christianus
1373 1419 1560 1479 fidelis
1589 1419 1765 1480 facit:
1796 1421 1850 1480 si
1876 1419 2259 1481 idololatriam
2288 1419 2471 1494 fugit,
2500 1419 2639 1493 quid
2669 1418 2782 1478 loci
2808 1417 2908 1478 ei?

651 1523 786 1597 quid
828 1523 927 1598 qui
969 1523 1080 1582 inm
1123 1525 1358 1585 sanctus
1387 1524 1467 1584 sit
1495 1525 1565 1584 de
1595 1525 1766 1584 rebus
1794 1524 2117 1585 criminosis
2144 1525 2497 1598 uoluptatem
2528 1523 2681 1596 cepit
2694 1527 2723 1582 ?
2770 1521 2909 1595 quid

650 1628 848 1686 contra
891 1625 1072 1686 Deum
1113 1626 1548 1700 superstitiones
1589 1628 1795 1700 prohat
1824 1645 1967 1702 quas
1996 1631 2152 1688 amat
2180 1629 2315 1688 dum
2344 1629 2607 1702 spectat?
2656 1629 2908 1686 ceterum
2928 1643 2990 1684 ιο

647 1729 793 1788 sciat
819 1729 962 1790 haec
991 1729 1181 1788 omnia
1209 1729 1442 1788 inuenta
1481 1730 1901 1790 daemoniorum
1930 1729 2074 1802 esse,
2126 1747 2239 1791 non
2280 1729 2404 1790 Dei.
2450 1729 2809 1803 impudenter
2848 1728 2910 1788 in

648 1831 888 1892 ecclesia
927 1832 1226 1892 daemonia
1263 1831 1544 1892 exorcizat
1583 1849 1821 1906 quorum
1861 1832 2187 1906 uoluptates
2218 1833 2279 1894 in
2308 1831 2647 1908 spectaculis
2676 1831 2905 1892 laudat:

647 1937 707 1996 et
737 1953 864 1995 cum
893 1935 1066 1996 semel
1099 1935 1188 1994 illi
1219 1935 1551 1997 renuntians
1581 1936 1825 1996 rescisse
1852 1935 1931 1996 sit
1958 1952 2051 1995 res
2079 1936 2263 1996 omnis
2290 1935 2352 1996 iu
2380 1936 2741 2009 baptismate,
2772 1935 2909 1997 dum

647 2041 781 2113 post
811 2039 1098 2098 Christum
1127 2041 1202 2098 ad
1229 2038 1444 2099 diaboli
1474 2039 1859 2113 spectaculum
1886 2039 2067 2112 uadit,
2100 2039 2327 2100 Christe
2356 2041 2649 2112 tamquam
2678 2039 2903 2098 diabolo

644 2141 952 2202 renuntiat.
999 2142 1338 2215 idololatria,
1381 2145 1449 2202 ut
1487 2142 1601 2202 iam
1646 2142 1783 2216 dixi,
1826 2142 2087 2204 ludorum
2133 2141 2383 2202 omnium
2410 2145 2593 2204 mater
2620 2144 2728 2213 est,
2758 2158 2905 2216 quse
2924 2157 2985 2198 ιε»

649 2247 716 2304 ut
765 2245 836 2303 ad
891 2262 954 2304 se
1007 2245 1306 2304 christiani
1357 2245 1554 2305 fideles
1606 2247 1843 2306 ueniant
1894 2245 2189 2305 blanditur
2236 2243 2357 2306 illis
2398 2261 2503 2318 per
2531 2245 2819 2306 oculorum
2846 2247 2908 2306 et

647 2349 866 2408 curium
919 2347 1288 2422 uoluptatem.
1335 2348 1610 2408 Romulus
1640 2347 1822 2408 Conso
1874 2347 2041 2422 quasi
2080 2347 2303 2408 consilii
2348 2349 2453 2408 deo
2492 2348 2564 2408 ob
2604 2347 2907 2421 rapiendas

649 2451 886 2510 Sabinas
929 2451 1209 2512 circenses
1271 2452 1488 2524 primus
1539 2451 1895 2512 consecrauit
1912 2496 1929 2523 ‚
1976 2451 2153 2512 ceteri
2208 2451 2466 2525 reliquis.
2521 2451 2655 2512 dum
2710 2452 2906 2512 urbem

646 2552 830 2614 fumes
873 2557 1222 2629 occupasset,
1267 2556 1340 2615 ad
1363 2555 1805 2645 ‘aduocationem
1851 2555 2049 2630 populi
2077 2554 2353 2631 adquisiti
2382 2557 2517 2617 suut
2545 2555 2667 2617 ludi
2696 2554 2905 2615 scenici

1303 2654 1332 2683 Q

786 2833 818 2888 1
857 2835 914 2885 et
948 2830 1089 2886 nihil
1123 2832 1204 2887 Zv
1340 2833 1514 2901 geret]
1550 2832 1694 2886 dicet
1728 2832 1780 2886 Z
1913 2832 1950 2889 2
1987 2832 2311 2887 couscientia
2343 2832 2407 2895 Z,
2442 2832 2709 2885 sententis
2741 2848 2847 2901 νμυ

643 2918 679 2973 3
717 2916 977 2985 quidquid
1010 2918 1183 2971 omnis
1215 2918 1326 2971 ista
1360 2918 1627 2986 scriptura
1661 2918 1715 2971 Z
1914 2916 2177 2985 expectari
2210 2932 2282 2985 νμ
2489 2918 2765 2985 prohibuit
2800 2918 2853 2971 Z

642 3002 680 3056 4
714 3002 896 3070 inquit
928 3018 960 3056 r
1166 3002 1274 3057 ista
1309 3020 1410 3058 om.
1448 3003 1501 3056 Z
1690 3001 1923 3072 quando]
1961 3002 2225 3071 quomodo
2248 3001 2299 3057 Z
2486 3002 2759 3071 ydolatria
2788 3004 2842 3057 Z

641 3088 679 3145 ὁ
711 3088 810 3143 hec
843 3088 982 3143 unde
1013 3102 1048 3143 r
1263 3091 1322 3143 et
1353 3088 1597 3143 leuitatis
1635 3104 1735 3143 om.
1772 3090 1826 3143 Z
2026 3090 2061 3143 6
2095 3090 2335 3155 monstra
2366 3089 2647 3158 uenerunt]
2682 3090 2905 3145 deusne-

642 3176 774 3228 runt
807 3190 841 3229 r
979 3174 1010 3227 ‘1
1044 3190 1151 3229 non
1185 3190 1254 3229 ex
1289 3176 1402 3231 sine
1427 3195 1467 3245 μ
1489 3192 1558 3229 m.
1583 3178 1625 3229 2
1762 3174 2149 3243 consecratum]
2184 3176 2575 3229 sacramentum
2596 3196 2635 3246 μ
2774 3176 2905 3245 quid

651 3298 668 3313 .
697 3298 709 3311 .
744 3300 756 3313 .
789 3259 937 3330 fugit
973 3276 1075 3317 om.
1113 3262 1166 3315 Z
1363 3263 1398 3317 8
1433 3261 1589 3330 facit]
1628 3262 1732 3315 erit
1766 3276 1798 3314 r
2002 3257 2133 3329 quid
2166 3259 2272 3314 loci
2308 3260 2360 3314 ei
2395 3260 2525 3328 quid
2560 3262 2655 3329 qui
2689 3263 2905 3330 scripsi,
2954 3323 2967 3333 ,

644 3345 773 3413 quid
819 3345 970 3415 loqui
1021 3346 1116 3415 qui
1151 3367 1207 3417 μ,
1265 3346 1391 3416 quid
1428 3348 1522 3415 qui
1557 3362 1604 3413 r,
1664 3347 1757 3415 qui
1803 3348 1991 3401 contre
2036 3333 2164 3401 dnfn
2210 3346 2619 3415 superstitiones
2664 3348 2907 3417 proprias

641 3433 804 3501 fingit
837 3434 930 3502 qui
965 3433 1108 3502 quod
1143 3434 1194 3487 Z
1436 3434 1471 3487 9
1494 3432 1580 3502 de]
1618 3434 1673 3486 et
1707 3432 1773 3487 de
1806 3434 1861 3487 Ζ
2130 3431 2365 3485 criminis
2400 3432 2737 3493 uoluntatem
2772 3454 2811 3501 μ

643 3518 797 3588 quid]
836 3519 930 3587 qni
967 3519 1018 3573 z
1185 3519 1256 3573 10
1289 3502 1418 3573 (iffi
1452 3519 1503 3572 Z
1672 3519 1917 3587 expectat
1940 3537 1979 3587 μ
2152 3518 2407 3588 cetorum]
2442 3522 2585 3572 certe
2620 3534 2741 3573 cum
2764 3519 2814 3573 Ζ

643 3605 708 3658 11
747 3606 930 3659 omnia
964 3605 1094 3660 haec
1129 3606 1210 3661 Ζυ
1347 3603 1713 3674 imprudenter
1748 3621 1780 3658 r
1918 3604 1985 3657 12
2020 3604 2079 3658 in
2113 3620 2214 3658 om.
2250 3624 2291 3673 μ
2428 3606 2729 3674 spectaculo
2765 3605 2816 3659 Ζ

640 3690 710 3745 13
753 3706 809 3745 se
842 3692 1006 3745 semel
1041 3712 1082 3762 μ.
1117 3708 1173 3747 se
1201 3708 1244 3747 e.
1281 3692 1316 3747 1.
1343 3709 1409 3747 m.
1443 3695 1483 3745 2
1792 3692 2107 3747 renuntians
2142 3706 2243 3746 om.
2282 3692 2337 3746 Z
2340 3714 2357 3755 ,-
2402 3698 2579 3747 cencet
2613 3692 2903 3762 legendum

640 3778 998 3832 renunciando
1031 3785 1134 3833 aut
1167 3778 1345 3833 locum
1381 3793 1492 3832 esse
1529 3778 1779 3832 mutilum
1802 3778 2086 3833 Pameliue
2223 3778 2417 3831 rescisa
2451 3798 2507 3847 μ,
2543 3778 2764 3833 remissa.
2787 3779 2840 3831 Z

644 3863 712 3918 15
746 3864 1084 3918 renunciauit
1117 3864 1170 3918 Ζ
1399 3864 1484 3934 ut]
1520 3879 1683 3933 quum
1719 3864 1773 3917 Z
2005 3865 2181 3917 mater
2215 3866 2297 3916 est
2332 3865 2489 3931 quse]
2524 3866 2749 3916 matrem
2786 3863 2838 3916 Ζ

645 3948 715 4006 16
750 3948 932 4003 fideles
968 3964 1066 4005 om.
1101 3964 1136 4005 r
1379 3949 1518 4019 illis]
1554 3950 1734 4018 illosq.
1772 3950 1824 4004 Ζ
2076 3951 2133 4003 et
2168 3948 2397 4018 aurium]
2435 3949 2749 4016 auriumque
2784 3949 2839 4003 Z

641 4034 708 4088 17
753 4036 1110 4105 uoluptatem]
1147 4034 1276 4091 add.
1313 4036 1388 4090 Z:
1453 4036 1800 4105 amplectitur
1850 4050 1977 4090 nam
2272 4034 2451 4103 conso]
2486 4034 2673 4088 consul
2708 4036 2832 4105 Zm

641 4123 794 4189 qussi
829 4122 1036 4176 consuli
1070 4121 1166 4176 deo
1201 4138 1290 4192 τμ,
1327 4138 1426 4177 om.
1466 4122 1519 4176 Z
1706 4194 1711 4201 ι
1757 4122 1823 4175 18
1856 4122 2016 4175 ceteri
2051 4119 2273 4188 reliquis
2307 4120 2519 4188 scripsi,
2556 4122 2742 4175 ceteris
2776 4121 2901 4175 reli-

640 4208 762 4277 quis
795 4224 883 4277 τμ,
931 4210 1090 4263 ceteri
1123 4209 1318 4279 reliqui
1354 4210 1421 4274 Z,
1467 4212 1703 4263 ceterum
1748 4208 1941 4277 reliqui
1976 4224 2036 4271 υς
2070 4207 2142 4274 cf.
2188 4207 2413 4262 Ter-tull.
2448 4207 2517 4261 de
2549 4214 2715 4277 spect.
2753 4224 2797 4263 c.
2832 4212 2896 4263 5.-

637 4294 695 4349 et
729 4295 892 4349 ceteri
929 4310 1136 4363 quoque
1170 4312 1262 4364 per
1288 4294 1527 4349 ordinem
1676 4310 1797 4349 cum
1822 4294 1876 4347 Z
2010 4292 2191 4348 orbem
2214 4308 2287 4362 νμ
2438 4294 2505 4347 19
2528 4294 2899 4349 auocationem

636 4395 686 4445 v,
733 4380 1136 4435 aduocationem
1171 4404 1238 4429 =
1275 4382 1532 4436 solacium
1569 4382 1641 4449 cf.
1686 4379 1909 4435 Tmen.
1948 4378 2196 4434 Patient.
2235 4384 2335 4444 11‚·
2368 4378 2493 4434 Res.
2530 4383 2605 4435 26
2634 4396 2694 4449 p.
2720 4383 2833 4435 262

639 4466 843 4521 scenice
877 4468 932 4521 Z
