3217 5150
673 520 798 587 178
1609 508 1972 580 Appendix.

573 658 580 666 ¹
667 674 970 735 infirmitas
993 673 1254 744 delicata,
1286 688 1432 746 quae
1453 688 1579 731 cum
1599 668 1825 730 situilis
1853 672 1915 730 et
1940 669 2167 740 misera,
2198 669 2268 729 de
2292 667 2515 743 magnis
2545 668 2725 729 efficit
2752 684 2913 743 prae-

670 781 843 838 dam?
881 778 1032 852 quod
1059 777 1320 838 Salomon
1351 775 1603 849 loquitur
1634 774 1861 834 dicens:
1904 772 2219 848 pretium
2247 772 2671 833 meretricis
2700 789 2918 847 quan·

667 885 818 941 tum
873 884 986 941 est
1039 880 1256 956 panis
1299 880 1547 952 unius,
1604 877 1871 938 mulier
1926 880 2171 937 autem
2224 877 2597 951 pretiosas
2640 877 2919 939 animas

675 984 891 1059 capit

612 1095 649 1155 5
755 1088 906 1147 Ante
935 1104 1038 1147 nos
1067 1088 1184 1147 ista
1209 1088 1531 1147 tractantur
1545 1130 1560 1157 ‚
1604 1086 1665 1143 et
1696 1082 1873 1143 nullis
1892 1060 2216 1144 ‘terroribus
2246 1098 2603 1145 coercemur:
2650 1084 2791 1158 quid
2832 1082 2920 1143 fa-
2938 1104 2958 1143 ε

671 1207 926 1251 ceremus
941 1236 956 1264 ‚
987 1190 1040 1250 si
1069 1188 1428 1265 opinionibus
1455 1186 1849 1247 tantummodo
1880 1188 2075 1261 gestas
2108 1186 2381 1246 historias
2410 1186 2778 1246 audiremus?
2824 1189 2925 1248 sed

673 1294 816 1353 haec
841 1296 932 1353 est
959 1310 1181 1368 semper
1205 1290 1575 1351 incredulitas
1597 1290 1877 1349 humanae
1904 1288 2151 1349 duritiae
2166 1332 2183 1361 ,
2212 1291 2281 1349 ut
2300 1306 2417 1349 non
2439 1288 2625 1349 solnm
2646 1290 2927 1351 audiendo

669 1397 770 1455 sed
800 1396 972 1456 etiam
1001 1396 1245 1457 uidendo
1273 1410 1388 1453 non
1415 1394 1610 1453 credat
1636 1392 1849 1452 alteros
1878 1392 2161 1465 interisse,
2192 1392 2307 1453 nisi
2335 1394 2395 1452 et
2422 1410 2485 1453 se
2516 1392 2705 1467 ipsam
2730 1393 2929 1455 uideat

671 1499 938 1559 interire:
983 1515 1090 1557 nec
1133 1497 1410 1558 sociorum
1452 1494 1732 1555 mortibus
1774 1495 2031 1569 quatitur
2046 1540 2063 1567 ‚
2116 1495 2250 1555 dnm
2278 1492 2415 1555 illes
2458 1496 2799 1569 promeritos
2830 1500 2929 1557 aut

673 1601 958 1662 inualidos
988 1600 1276 1675 opinatur.
1309 1616 1370 1659 se
1401 1601 1594 1659 autem
1623 1596 1867 1657 multum
1895 1598 2099 1659 mereri
2142 1600 2243 1657 aut
2281 1598 2527 1659 multum
2552 1599 2748 1660 ualere
2776 1600 2923 1661 fidu·
2941 1614 2987 1653 ιο

671 1705 896 1763 cialiter
923 1706 1123 1777 putat,
1167 1702 1426 1763 nesciens
1467 1701 1727 1776 praeberi
1769 1701 1991 1761 cunctis
2036 1702 2320 1776 exempla,
2372 1718 2502 1762 cnm
2542 1702 2764 1763 fuerint
2792 1704 2921 1777 qui-

673 1809 914 1867 busdam
957 1806 1218 1881 inrogata
1247 1804 1526 1881 supplicia
1541 1849 1557 1877 ,
1602 1805 1753 1864 sicut
1796 1804 2071 1865 Dominus
2114 1804 2177 1864 in
2216 1804 2514 1879 euangelio
2556 1806 2826 1880 proponit
2866 1810 2923 1866 et

673 1910 842 1969 dicit:
899 1908 1426 1987 putatis2gquod
1466 1908 1542 1969 hi
1589 1907 1919 1968 Galilaei
1960 1924 2133 1981 prae
2178 1902 2513 1969 omnibus
2556 1908 2929 1971 Galilaeis

673 2011 978 2072 fuerunt
1019 2016 1456 2087 peccatores
1500 2011 1630 2085 qui
1674 2010 1867 2071 talia
1908 2010 2110 2085 passi
2156 2014 2371 2071 sun‘t?
2415 2028 2571 2071 non.
2619 2012 2783 2072 dico
2814 2030 2927 2073 uo-

673 2115 822 2175 bis:
879 2117 1032 2176 nisi
1087 2116 1628 2191 paenitentiam
1671 2115 2131 2187 habueritis,
2188 2115 2556 2177 similiter
2608 2116 2995 2191 perietisxs

675 2218 874 2279 sicut
915 2220 1040 2279 illi
1087 2236 1308 2295 snpra
1350 2238 1529 2295 quos
1572 2218 1853 2279 cecidit
1908 2218 2146 2278 turris
2188 2218 2263 2278 in
2320 2218 2556 2292 Siloa,
2612 2223 2683 2279 et
2742 2220 2929 2281 occi-

676 2321 788 2381 dit
831 2340 970 2383 eos.
1015 2323 1308 2397 putatis
1353 2324 1693 2397 quoniam
1721 2324 1793 2381 et
1820 2321 1971 2395 ipsi
2000 2320 2381 2381 debitores
2410 2322 2719 2382 fuerunt
2758 2340 2935 2397 prae

675 2424 1010 2487 omnibus
1055 2428 1478 2487 hominibus
1520 2424 2057 2485 habitantibus
2100 2424 2173 2484 in
2216 2425 2728 2486 Hierusalem?
2774 2444 2933 2487 non.

676 2528 834 2591 dico
879 2531 1126 2592 nobis:
1173 2529 1238 2590 si
1281 2547 1418 2591 non
1461 2527 2047 2604 paenitueritis,
2092 2528 2459 2590 similiter
2500 2529 2847 2604 perietis.

617 2631 656 2689 6
761 2633 1034 2695 Miramur
1071 2635 1130 2694 si
1167 2634 1352 2696 Adam
1381 2651 1484 2708 per
1511 2633 1695 2692 Euam
1724 2633 1989 2692 seductus
2018 2635 2111 2692 est
2125 2677 2140 2705 ,
2187 2649 2355 2707 quem
2378 2632 2541 2694 nulla
2565 2634 2931 2694 morientium
2948 2653 2995 2694 zo

673 2738 929 2810 exempla
949 2739 1394 2812 praecesserant,
1417 2735 1534 2796 nisi
1553 2735 1733 2796 iussio
1754 2752 1871 2796 una
1898 2736 2329 2809 constrinxerat,
2354 2753 2482 2796 cnm
2504 2736 2670 2796 modo
2696 2753 2807 2798 nos
2828 2753 2933 2798 nec

674 2841 1112 2900 innumerabiles
1135 2843 1346 2900 mortes
1361 2857 1466 2900 nec
1485 2839 1713 2899 infinita
1732 2839 1893 2899 iussa
1914 2843 2278 2914 conpescunt.
2303 2839 2511 2913 quibus
2529 2840 2933 2902 conuenienter

673 2941 884 3002 dicitur
905 2945 1212 3004 secundum
1247 2943 1689 3018 increpationem
1710 2941 1967 3002 Domini:
1992 2942 2045 3002 si
2068 2941 2255 3002 Adam
2278 2943 2521 3002 uidisset
2538 2943 2753 3002 mortes
2784 2959 2933 3016 quae

675 3044 864 3106 factae
891 3049 1026 3106 sunt
1053 3047 1114 3105 in
1127 3046 1311 3119 uobis,
1348 3045 1484 3107 olim
1511 3046 1574 3104 in
1601 3045 1787 3106 cilicio
1816 3047 1879 3106 et
1896 3045 2084 3107 cinere
2105 3046 2517 3121 paenitentiam
2536 3046 2770 3120 egisset.
2804 3045 2933 3108 dico

675 3149 867 3207 autem
899 3148 1062 3208 uobis
1079 3193 1094 3222 ,
1141 3148 1406 3224 quoniam
1433 3149 1594 3210 Adae
1615 3149 1973 3210 tolerabilius
1994 3150 2107 3209 erit
2126 3149 2189 3208 in
2210 3149 2303 3208 die
2324 3148 2525 3209 iudicii
2544 3165 2717 3223 quam
2744 3149 2931 3210 uobis.
2951 3165 2999 3206 οε

676 3251 843 3323 longe
865 3251 1012 3310 satis
1037 3251 1207 3326 longe
1237 3251 1318 3312 sit
1335 3253 1514 3327 pestis
1539 3253 1658 3313 ista
1678 3255 1738 3313 et
1758 3253 1883 3314 lues
1904 3255 1963 3313 et
1986 3252 2341 3313 clandestina
2368 3252 2669 3326 pernicies.
2700 3270 2735 3312 o
2764 3270 2933 3327 quam

677 3352 1010 3413 inordinalis
1039 3353 1281 3415 feminae
1311 3355 1726 3431 propinquitas.
1754 3355 2037 3416 iaculatur
2065 3355 2227 3416 cuius
2254 3354 2447 3416 uicina
2476 3357 2565 3415 est
2594 3354 2937 3416 delictorum

678 3455 1056 3516 latrocinium.
1089 3475 1204 3517 non
1233 3460 1328 3518 est
1353 3458 1416 3518 in
1444 3459 1552 3519 hac
1581 3459 1851 3520 societate
1882 3458 2185 3518 sinceritas
2212 3458 2603 3534 adprobabilis
2628 3475 2773 3532 qnae
2796 3476 2935 3520 con-

676 3559 912 3621 lisiones
941 3561 1116 3622 habet
1143 3560 1306 3622 uelut
1336 3562 1679 3635 quibusdam
1702 3563 1973 3623 'fluctibus
1998 3561 2365 3622 turbulentia.
2418 3561 2481 3622 in
2520 3562 2631 3622 hac
2674 3561 2933 3623 familia-

813 3783 848 3838 2
881 3783 1037 3839 Pron.
1077 3784 1127 3849 6,
1163 3784 1248 3839 26.
1456 3784 1523 3839 13
1555 3784 1684 3839 Luc.
1723 3784 1806 3851 13,
1843 3783 1996 3839 2—5.

815 3997 848 4049 2
884 4001 1146 4068 quantum
1191 3997 1250 4063 Ο,
1287 4001 1502 4052 tantum
1537 4015 1570 4054 v
1824 3997 1859 4051 3
1896 3997 2054 4051 unius
2088 3997 2244 4068 panis
2278 4013 2310 4052 v
2574 3997 2610 4050 8
2644 3995 2833 4052 uideat
2874 3995 2939 4060 0,

679 4081 880 4136 uiderit
913 4101 946 4138 v
1193 4085 1263 4139 14
1298 4084 1500 4138 fuerint
1533 4101 1568 4139 v
1822 4082 1891 4136 18
1925 4099 2029 4137 non
2066 4099 2165 4140 om.
2210 4083 2258 4140 G
2498 4082 2569 4136 21
2604 4084 2659 4137 et
2692 4083 2801 4136 nisi
2836 4097 2869 4138 υ

683 4183 775 4222 nec
811 4169 867 4222 et
909 4169 954 4225 G
1156 4171 1226 4225 22
1261 4171 1597 4240 compescant
1629 4185 1663 4224 υ
1858 4169 1930 4223 24
1964 4171 2091 4223 sunt
2124 4185 2224 4224 om.
2260 4186 2295 4224 v
2501 4169 2570 4224 26
2605 4168 2739 4223 satis
2775 4167 2945 4238 longe

680 4271 782 4309 om.
818 4274 852 4310 υ
1056 4257 1166 4312 ista
1209 4257 1268 4322 G,
1303 4257 1403 4312 illa
1436 4274 1470 4312 υ
1687 4255 2016 4311 clandistina
2060 4257 2106 4313 0
2318 4257 2386 4311 27
2422 4255 2799 4311 inordinabilis
2834 4273 2870 4312 v

681 4341 1046 4410 propinquitas
1081 4343 1351 4398 iaculatur
1385 4342 1535 4398 cuius
1569 4341 1771 4396 uicinia
1804 4342 2076 4398 Erasmus
2281 4341 2351 4398 28
2385 4341 2751 4412 latrocinium]
2788 4341 2945 4398 leno-

681 4426 878 4481 cinium
913 4429 1050 4484 coni.
1095 4429 1340 4484 Groeaim
1545 4427 1615 4482 29
1648 4427 1988 4483 turbulentas
2038 4429 2141 4485 G²v
