3217 5150
787 550 877 603 De
909 547 1258 635 duodecim
1295 547 1605 602 abusiuis
1642 547 1903 603 saeculi
1938 564 1979 601 c.
2018 547 2173 603 3-4,
2490 552 2601 617 157

349 726 490 784 ergo
534 708 776 770 dormiat
804 708 864 768 iii
902 708 1190 768 thesauris
1241 708 1359 767 tuis
1375 753 1389 781 ,
1443 708 1592 782 quod
1634 709 1869 783 pauperi
1908 711 2181 785 prodesse
2218 710 2423 783 potest.
2468 724 2619 791 nam·

352 814 517 872 diues
546 830 692 887 quae
719 810 1169 887 congregauerit,
1200 811 1294 870 his
1323 811 1437 870 frui
1462 812 1617 871 solus
1640 828 1992 886 nequaquam
2021 811 2232 886 poterit
2254 810 2406 888 [quia
2433 808 2601 868 unius

350 915 596 976 hominis
609 918 814 975 natura
833 914 1034 974 multis
1056 915 1226 974 rebus
1245 931 1361 974 non
1391 913 1709 992 succurrit].
1742 915 1879 990 quid
1902 932 2037 991 ergo
2060 914 2299 975 stultius
2320 916 2411 974 est
2433 930 2601 987 quam

350 1022 583 1095 propter
646 1020 814 1078 unius
876 1017 1118 1079 hominis
1162 1017 1377 1077 uictum
1419 1021 1478 1077 et
1518 1017 1790 1078 uestitum
1864 1020 2048 1078 totam
2110 1018 2275 1092 regni
2335 1016 2603 1077 caelestis

301 1144 326 1181 a
348 1138 653 1198 perennem
682 1121 1089 1182 iocunditatem
1129 1122 1363 1197 perdere
1421 1122 1480 1179 et
1511 1123 1769 1180 aeternos
1809 1121 2019 1181 inferni
2059 1121 2345 1181 cruciatus
2388 1120 2603 1193 absque

235 1278 240 1281 .
346 1226 754 1286 consolationis
812 1224 1250 1300 praestolatione
1307 1224 1497 1283 subire
1510 1227 1539 1283 ἵ
1594 1224 1745 1298 quod
1797 1242 1931 1300 ergo
1976 1214 2282 1298 aliquando
2332 1241 2435 1300 per
2495 1240 2600 1283 ne-

345 1329 676 1389 cessitatem
703 1328 1076 1388 amittendum
1108 1330 1198 1388 est
1224 1344 1327 1402 pro
1357 1330 1588 1387 aeterna
1616 1327 2065 1399 remuneratione
2096 1329 2295 1403 sponte
2325 1326 2603 1386 distribu-

345 1432 555 1492 endum
649 1435 758 1493 est.
866 1431 1097 1509 omnia
1179 1430 1371 1492 enim
1455 1448 1636 1506 quae
1719 1431 2064 1492 uidentur
2150 1432 2219 1491 te
2237 1446 2388 1504 mpo
2412 1430 2607 1489 ralia

345 1538 546 1595 sunt:
593 1552 769 1611 quae
813 1537 1047 1596 autem
1091 1551 1235 1594 non
1277 1534 1639 1594 uidentur
1682 1538 1996 1596 aeterna.
2044 1534 2313 1609 quamdiu
2356 1524 2644 1607 namque'

277 1638 694 1713 10·temporales
767 1656 963 1698 sumus
1034 1637 1441 1712 temporalibus
1523 1638 1863 1713 temporalia
1942 1638 2270 1697 deseruiunt
2340 1638 2399 1695 et
2471 1651 2599 1694 cum

343 1743 482 1802 hinc
519 1742 916 1802 transierimus
936 1787 951 1814 ‚
1017 1742 1266 1801 aeternis
1315 1744 1552 1801 aeterna
1609 1740 1824 1802 solacia
1872 1741 2329 1816 praestabuntur.
2388 1738 2599 1798 idcirco

341 1846 583 1921 diligere
641 1862 754 1905 non
810 1845 1078 1905 debemus
1135 1862 1202 1904 ea
1261 1860 1404 1919 quae
1431 1862 1547 1903 non
1597 1860 1821 1919 semper
1862 1843 2215 1916 habebimus,
2260 1842 2598 1915 praesertim

341 1966 472 2009 cum
531 1950 818 2023 expertem
875 1947 1115 2008 rationis
1175 1964 1409 2008 auarum
1468 1948 1704 2007 diuitem
1762 1947 2021 2007 thesauri
2080 1947 2171 2006 sui
2238 1948 2298 2005 et
2356 1946 2483 2020 agri
2538 1946 2597 2005 et

341 2052 534 2113 omnia
563 2069 706 2128 quae
734 2052 908 2111 habet
937 2052 1279 2125 ostendant,
1331 2052 1430 2127 qui
1457 2053 1578 2113 toto
1610 2051 1796 2113 cordis
1819 2050 2033 2110 intuitu
2061 2050 2167 2110 illa
2210 2048 2405 2123 diligit
2448 2064 2591 2122 quae

265 2176 320 2217 15
341 2172 404 2215 se
435 2172 741 2230 numquam
769 2153 1037 2229 diligunt.
1069 2156 1122 2214 si
1149 2155 1301 2215 enim
1330 2172 1530 2215 aurum
1559 2157 1619 2215 et
1646 2156 1945 2229 argentum
1975 2170 2145 2228 agros
2168 2155 2229 2214 et
2253 2152 2597 2212 uestimenta

341 2258 500 2318 cibos
529 2261 588 2317 et
613 2257 852 2329 metalla
881 2260 940 2317 et
969 2259 1140 2317 bruta
1167 2257 1437 2319 animalia
1465 2258 1594 2333 quis
1626 2258 1890 2318 dilexerit
1904 2303 1919 2332 ,
1970 2258 2115 2317 haec
2175 2255 2363 2316 omnia
2408 2253 2592 2315 uicem

341 2362 455 2422 sibi
484 2361 693 2422 amoris
720 2362 1030 2436 rependere
1056 2379 1171 2422 non
1210 2377 1380 2437 posse
1423 2362 1552 2436 ipsa
1590 2379 1793 2434 rerum,
1823 2363 2027 2421 natura
2069 2359 2339 2421 ostendit.
2390 2358 2528 2433 quid
2558 2374 2596 2417 a

339 2464 560 2525 ratione
581 2465 809 2539 longius
833 2467 924 2524 est
944 2482 1113 2539 quam
1135 2464 1376 2540 diligere
1400 2465 1550 2538 quod
1570 2467 1631 2523 te
1654 2465 1942 2525 redamare
1969 2481 2084 2524 non
2104 2462 2281 2534 ualet,
2312 2464 2372 2521 et
2392 2460 2592 2535 negle-

339 2585 476 2644 gere
505 2567 669 2629 illum
711 2569 811 2644 qui
859 2571 993 2630 tuae
1033 2567 1270 2629 dictioni
1321 2585 1448 2629 cum
1477 2549 1782 2630 dilectione
1811 2568 1998 2629 omnia
2026 2566 2304 2644 praebet?
2355 2567 2590 2641 propter

259 2689 319 2730 so
338 2673 450 2732 hoc
491 2671 671 2747 igitur
715 2689 827 2733 non
871 2672 1040 2748 diligi
1090 2673 1332 2733 mundus
1363 2673 1463 2732 sed
1493 2672 1663 2746 diligi
1690 2671 1981 2747 proximus
2010 2687 2045 2730 a
2072 2669 2191 2730 Deo
2221 2668 2586 2743 praecipitur,

339 2771 480 2850 quia
505 2776 793 2851 proximus
823 2775 1005 2836 uicem
1037 2777 1126 2837 sui
1157 2776 1363 2836 amoris
1405 2777 1598 2850 potest
1628 2777 1937 2850 rependere
1955 2819 1971 2848 ‚
2025 2773 2177 2849 quod
2205 2773 2447 2832 mundus
2477 2771 2586 2830 mi-

474 2974 510 3028 8
542 2974 572 3028 Ι
606 2975 724 3031 Cor.
761 2977 813 3044 4,
852 2977 933 3033 18.

475 3182 506 3235 1
544 3197 800 3252 pauperes
844 3183 936 3239 Xv
1119 3183 1364 3252 prodesse
1405 3185 1606 3255 potest]
1643 3184 1832 3254 podest
1858 3185 2068 3240 reficere
2104 3183 2180 3250 X,
2215 3182 2446 3239 dormire
2480 3199 2589 3238 non

331 3268 469 3326 sinit
501 3285 536 3324 ο
739 3285 864 3324 nam
899 3268 950 3323 d.
988 3269 1080 3338 qui
1113 3271 1403 3340 congregat
1447 3270 1508 3336 V,
1546 3269 1597 3324 d.
1634 3286 1863 3339 namque
1900 3286 2035 3339 quae
2072 3271 2477 3341 congregauerit
2511 3269 2588 3335 X,

328 3353 384 3410 d.
421 3370 651 3424 namque
688 3357 791 3410 etsi
826 3355 1001 3410 multa
1036 3356 1443 3427 congregauerit
1463 3372 1498 3411 v
1663 3357 1700 3410 2
1733 3354 1862 3426 quia
1882 3395 1893 3406 .
1916 3397 1927 3409 .
1951 3397 1963 3410 .
1986 3355 2248 3412 succurrit
2271 3371 2369 3411 om.
2404 3355 2524 3410 GX

326 3441 365 3496 3
403 3441 672 3495 stultitius
721 3440 774 3496 G
807 3442 855 3495 ti
891 3457 934 3496 s.
971 3442 1008 3496 1.
1249 3443 1284 3497 5
1315 3458 1598 3512 perennem
1634 3443 1737 3498 ioc.
1779 3458 1829 3511 p.
1875 3442 2029 3508 G²X,
2066 3442 2278 3516 perdere
2309 3460 2363 3513 p.
2399 3442 2503 3496 iuc.
2538 3458 2587 3511 v,

313 3527 545 3608 perdere
578 3527 963 3583 iocunditatem
1009 3526 1149 3585 G’V
1313 3528 1512 3598 absque
1547 3529 1663 3584 ulla
1706 3529 1849 3584 G²X
2027 3531 2061 3584 6
2098 3530 2243 3599 ergo]
2277 3529 2451 3599 igitur
2485 3547 2519 3585 υ

325 3613 360 3666 7
400 3615 485 3666 est
530 3611 582 3667 G
615 3625 657 3667 8.
695 3612 731 3667 1.
766 3629 834 3666 m.
871 3616 912 3668 2
1178 3614 1621 3684 remuneratione]
1657 3615 2013 3670 retributione
2047 3616 2109 3670 X
2372 3620 2407 3670 8
2441 3614 2585 3670 enim

328 3713 432 3754 om.
470 3697 532 3752 X
733 3700 767 3754 9
802 3701 982 3754 autem
1018 3715 1116 3754 οηι.
1154 3716 1189 3755 v
1401 3703 1622 3756 aeterna
1656 3703 1783 3756 sunt
1818 3701 1883 3756 X
1887 3701 1968 3757 Vv
2186 3702 2256 3756 12
2288 3717 2393 3756 non
2428 3700 2586 3756 debe·-

321 3800 448 3838 mus
483 3784 708 3854 diligere
740 3801 774 3840 v
953 3786 1212 3842 habemus
1256 3787 1310 3842 V
1501 3787 1570 3842 14
1601 3787 1894 3842 ostendunt
1928 3787 1993 3842 Χ
2174 3788 2286 3857 qui]
2322 3788 2451 3855 quia
2482 3805 2517 3843 v

325 3870 423 3940 qui
457 3873 736 3926 toto-..L
774 3875 846 3928 16
877 3872 1060 3927 omnia
1095 3889 1196 3928 m
1241 3857 1302 3939 V,
1337 3873 1465 3929 add.
1500 3874 1566 3929 in
1597 3889 1765 3946 mary.
1812 3875 1864 3930 G
1895 3891 1966 3929 m.
2004 3873 2073 3928 2*
2250 3875 2349 3928 illa
2382 3873 2584 3944 diligat

321 3959 431 4021 X1,
466 3956 592 4013 illas
626 3974 712 4013 res
745 3960 893 4013 amat
925 3975 959 4014 v
1115 3960 1182 4014 15
1215 3977 1506 4032 numquam
1542 3977 1598 4016 se
1633 3955 1727 4016 Xe
1888 3963 1945 4016 et
1980 3977 2137 4032 agros
2173 3963 2268 4016 Χυ
2427 3962 2496 4016 16
2531 3963 2590 4016 et

322 4043 475 4098 cibos
509 4045 596 4100 Xv
767 4045 833 4099 17
871 4045 995 4115 sibi]
1035 4061 1092 4100 se
1134 4046 1184 4101 G
1192 4047 1283 4113 ¹V,
1320 4063 1443 4116 exp.
1490 4047 1544 4102 G
1575 4063 1647 4105 m.
1687 4051 1728 4103 2
1932 4073 1986 4103 ω
2007 4037 2287 4116 rependere
2332 4047 2398 4113 G,
2434 4063 2587 4118 prae-

321 4127 451 4182 bere
497 4128 548 4182 V
779 4131 900 4201 ipsa
933 4147 975 4185 r.
1012 4149 1063 4187 n.
1105 4132 1342 4188 ostendit
1377 4149 1478 4187 om.
1523 4134 1587 4198 V,
1622 4133 1751 4192 aad.
1798 4133 1850 4189 G
1883 4150 1953 4193 m.
1989 4137 2027 4188 2
2272 4133 2401 4202 quid
2437 4133 2581 4187 enim

325 4212 451 4279 GV,
487 4215 616 4284 quid
651 4230 780 4286 ergo
811 4233 847 4272 v
1175 4218 1242 4273 18
1272 4218 1490 4288 longius
1527 4221 1610 4273 est
1646 4236 1679 4273 a
1710 4219 1923 4273 ratione
1966 4220 2020 4275 V
2333 4219 2579 4290 diligere]

322 4314 502 4354 amare
543 4301 597 4356 V
815 4302 972 4375 quod]
1013 4304 1108 4374 qui
1144 4303 1208 4358 X
1218 4350 1228 4360 ,
1433 4304 1707 4359 redamare
1741 4306 1954 4374 scripsi,
1990 4305 2249 4360 redimere
2285 4305 2363 4374 X,
2398 4319 2579 4360 amare

329 4385 473 4441 GVv
642 4388 709 4443 19
743 4387 1004 4445 dii-ctione
1047 4389 1100 4444 G
1131 4389 1182 4458 (c
1219 4405 1359 4445 erae.
1395 4397 1450 4446 et
1484 4407 1513 4445 e
1546 4393 1613 4446 in
1648 4391 1669 4444 i
1705 4407 1849 4446 corr.
1888 4408 1959 4446 m.
1996 4394 2074 4462 2),
2110 4391 2389 4447 dilectioni
2434 4391 2514 4447 Vv

319 4471 396 4528 20
429 4470 618 4544 igitur]
657 4491 780 4546 ergo
825 4475 878 4531 V
1071 4474 1206 4548 sed]
1245 4477 1302 4530 et
1340 4477 1451 4532 GV
