3217 5150
668 577 795 644 292
1601 543 1970 638 Appendix.

1017 731 1367 792 ·Transuena
1396 745 1509 789 nou
1535 731 1720 788 rector
1749 728 2108 788 Sodomorum
2135 727 2334 801 iugera
2359 726 2563 787 libras.

1040 834 1211 894 Nunc
1238 833 1417 908 igitur
1444 835 1573 893 tute
1600 832 1725 905 ipse
1753 831 1898 905 lues,
1930 832 2079 905 quod
2107 833 2307 890 nostra
2335 829 2541 905 cupido
2575 833 2684 903 est,

918 937 1001 996 60
1042 937 1153 1000 Pro
1182 935 1335 998 natis
1366 951 1581 1011 proquo
1610 935 1964 1009 hospitibus:
1995 934 2140 994 satis
2167 951 2318 994 nnus
2345 933 2408 992 in
2435 951 2649 994 omnes.

1038 1042 1207 1102 Dicta
1234 1044 1295 1101 et
1322 1041 1477 1100 faeta
1504 1039 1704 1099 simul:
1751 1039 1913 1112 uulgi
1939 1055 2097 1098 mora
2123 1035 2284 1096 nulla
2313 1037 2576 1098 furentis.

1038 1145 1321 1211 Turbidus
1352 1145 1589 1204 hiberno
1619 1161 1722 1204 ceu
1752 1143 2005 1203 uoluitur
2031 1143 2242 1216 impete
2269 1145 2514 1212 torrens,

1044 1248 1317 1309 Riuorum
1344 1249 1671 1308 innumeros
1701 1263 1813 1306 uno
1843 1246 1986 1321 pede
2015 1245 2285 1305 subuehit
2313 1261 2539 1304 amnes:

1038 1351 1099 1410 Si
1126 1368 1243 1426 qua
1268 1350 1391 1410 illic
1418 1351 1587 1410 arbor
1617 1349 1832 1424 rapidis
1860 1349 2167 1410 offenditur
2182 1348 2384 1419 undis,

914 1455 991 1514 65
1034 1455 1207 1516 Haud
1234 1472 1503 1514 mansura
1531 1455 1628 1514 diu
1657 1456 1934 1529 quantum
1961 1452 2152 1513 radice
2181 1451 2376 1514 licebit

1042 1557 1291 1618 crinitas
1322 1558 1523 1618 durare
1552 1574 1772 1618 moras:
1805 1557 1904 1616 ubi
1931 1557 2130 1617 subter
2157 1557 2388 1616 adesam

1041 1661 1241 1721 Perdit
1268 1662 1503 1721 humum
1532 1660 1900 1722 circumfosso
1929 1660 2046 1720 iam
2072 1659 2306 1720 caudice
2326 1658 2600 1733 pendens,

1042 1765 1171 1826 Huc
1198 1765 1337 1826 illuc
1366 1767 1578 1826 certam
1606 1765 1799 1824 differt
1827 1765 2046 1823 incerta
2073 1764 2312 1824 ruinam.

1042 1868 1213 1928 Haud
1242 1867 1412 1929 aliter
1440 1869 1593 1929 Loth
1620 1867 1682 1927 in
1709 1867 1898 1928 media
1923 1866 2209 1941 uertigine
2237 1867 2402 1941 uulgi

924 1971 1007 2030 70
1048 1971 1306 2032 Nutabat
1334 1972 1489 2031 uinci
1516 1987 1696 2046 prope
1723 1971 1869 2031 iam:
1901 1972 2002 2031 sed
2031 1971 2164 2030 diua
2190 1973 2450 2043 potestas

1044 2074 1341 2148 Subuenit,
1370 2075 1617 2149 angelici
1645 2075 1882 2134 iuuenes
1913 2076 1981 2133 de
2011 2073 2207 2134 limine
2235 2075 2464 2148 raptum

1048 2179 1383 2240 Restituunt
1410 2179 1614 2240 tectis:
1661 2179 1892 2238 demens
1921 2179 2024 2237 sed
2053 2179 2264 2252 uulgus
2293 2177 2504 2236 ibidem

1049 2283 1370 2343 Poenarum
1396 2282 1668 2358 auspiciis
1697 2282 1986 2342 interdum
2013 2281 2224 2341 lumine
2255 2280 2522 2340 multant.

1134 2387 1277 2446 Tum
1305 2387 1531 2447 decreta
1560 2385 1668 2444 Dei
1697 2388 1977 2456 reserant,
2009 2384 2240 2458 dignam
2268 2383 2440 2443 affore
2471 2399 2712 2458 poenam

929 2491 1009 2550 75
1054 2491 1139 2550 De
1170 2491 1325 2551 caelo
1354 2490 1632 2562 Sodomis,
1664 2489 1852 2563 ipsum
1882 2488 2156 2548 meruisse
2185 2487 2432 2547 salutem

1050 2594 1310 2655 Iustitiae
1339 2595 1540 2655 titulo:
1572 2594 1710 2668 quin
1739 2608 1874 2667 ergo
1904 2592 2217 2665 accingeris
2247 2590 2421 2650 istinc

1050 2698 1345 2759 Festinare
1374 2698 1570 2772 fugam
1598 2697 1928 2771 pariterque
1957 2696 2194 2755 educere
2224 2695 2276 2754 si
2307 2711 2469 2769 quem

1052 2802 1249 2861 Gentis
1278 2802 1487 2861 habes:
1518 2818 1624 2860 nos
1651 2800 1886 2860 exitium
1915 2800 2030 2859 iam
2057 2798 2377 2857 inducimus
2407 2796 2553 2855 urbi.

1050 2907 1199 2965 Loth
1227 2921 1467 2980 generos
1498 2906 1648 2965 citus
1677 2904 1989 2993 alloquitur
2005 2950 2020 2978 ‚
2067 2903 2167 2963 sed
2197 2904 2339 2962 dura
2365 2900 2656 2962 hominum
2683 2914 2844 2957 mens

929 3009 1014 3070 80
1057 3008 1295 3070 Credere
1324 3008 1582 3084 despexit
1610 3010 1888 3070 monitum
1916 3008 2159 3083 risitque
2185 3007 2461 3066 timorem.

815 3350 885 3405 58
918 3365 1026 3405 non
1059 3350 1231 3405 rector
1254 3348 1693 3413 A.H'‚·conrector
1713 3345 1820 3412 Rv,
1855 3362 1984 3401 num
2017 3347 2188 3401 rector
2209 3362 2258 3411 v,
2293 3360 2435 3400 nunc
2467 3346 2640 3399 rector
2671 3342 2846 3399 Omen.

678 3436 866 3509 ingera
908 3435 1076 3491 libras
1113 3437 1183 3499 A,
1228 3435 1413 3503 iugera
1456 3436 1564 3489 iras
1596 3435 1675 3499 H,
1722 3436 1786 3488 ut
1818 3434 2031 3503 ingerat
2063 3434 2171 3487 iras
2205 3432 2276 3497 R,
2313 3434 2376 3486 ut
2407 3431 2620 3501 ingerat
2651 3430 2761 3483 iras
2795 3429 2922 3484 Μο-

676 3523 864 3588 ntius,
918 3525 1081 3591 atque
1119 3521 1323 3591 ingerit
1360 3522 1467 3575 iras
1515 3520 1708 3587 Oxou„
1759 3518 2000 3590 duplicat
2049 3519 2160 3574 iras
2201 3518 2511 3583 Fabrici-us,
2557 3518 2743 3587 iugera
2777 3515 2924 3570 libas

678 3612 818 3666 coni.
853 3609 1082 3674 Μᾱῑῑεν,
1126 3610 1311 3678 iugera
1346 3606 1531 3662 adibas
1564 3607 1698 3672 fort.
1903 3606 1972 3661 59
2006 3606 2140 3677 lues]
2177 3605 2321 3659 leues
2349 3606 2411 3659 H
2613 3604 2683 3658 62
2717 3618 2814 3657 ceu
2846 3605 2922 3666 A,

682 3696 809 3755 dnm
842 3696 973 3761 ΗΒ,
1012 3698 1075 3750 ut
1110 3695 1236 3750 dum
1270 3712 1305 3751 v
1517 3694 1585 3750 63
1619 3696 1676 3749 in
1712 3710 1957 3750 numeros
1991 3694 2068 3757 H,
2106 3708 2354 3748 numeros
2389 3691 2460 3753 Β.
2497 3715 2524 3745 ο
2550 3708 2579 3747 c
2611 3706 2829 3745 numero
2863 3689 2920 3742 A

658 3776 738 3852 ⁰(a
773 3786 941 3853 cras.)
1145 3799 1308 3837 unum
1344 3786 1395 3837 A
1597 3780 1853 3837 subuehit
1885 3781 1956 3846 A,
1991 3778 2210 3835 uehitur
2241 3778 2374 3843 ΗΒ,
2421 3778 2590 3833 fertur
2623 3776 2920 3832 Fabricius

683 3877 738 3927 et
770 3886 805 3925 v
962 3872 1194 3925 'amnem
1227 3871 1301 3937 A,
1336 3884 1489 3923 amne
1524 3870 1603 3934 H,
1639 3869 1698 3923 in
1731 3884 1914 3922 amnes
1948 3866 2021 3931 Β,
2055 3865 2116 3921 in
2149 3882 2327 3920 omnes
2361 3882 2396 3921 v
2578 3864 2918 3918 innumerum

682 3974 847 4029 prono
896 3958 1008 4025 (uel
1058 3958 1498 4025 innumeramque
1548 3959 1676 4025 uno)
1721 3954 1854 4024 pede
1908 3952 2161 4009 subuehit
2205 3968 2398 4023 agmen
2448 3952 2588 4007 coni.
2641 3949 2855 4004 Μᾱῑῑετ

685 4044 753 4099 64
790 4044 838 4099 si
873 4060 1005 4114 quas
1040 4042 1121 4099 Βι
1279 4042 1480 4099 rabidis
1514 4044 1656 4097 com'.
1691 4041 1903 4097 Mallem·
2103 4039 2172 4095 65
2204 4053 2454 4094 mensura
2487 4038 2546 4089 Η
2717 4035 2783 4090 67
2823 4036 2923 4089 cir-

685 4172 805 4213 cum
843 4157 958 4211 foeo
991 4157 1048 4210 A
1282 4156 1351 4211 69
1386 4154 1557 4209 medio
1595 4154 1653 4210 Β
1889 4154 2054 4223 uulgo
2085 4153 2153 4207 H
2156 4155 2175 4183 ¹
2413 4152 2483 4205 70
2515 4149 2740 4208 notabat
2773 4151 2857 4202 A¹

687 4244 753 4298 71
791 4242 973 4312 angeli
996 4242 1053 4297 Β
1255 4242 1322 4297 72
1357 4240 1469 4311 sed}
1506 4244 1563 4295 et
1583 4241 1641 4294 A
1845 4240 1913 4294 73
1946 4240 2203 4309 hospiciis
2224 4240 2304 4294 A¹
2511 4236 2749 4290 interdiu
2781 4236 2926 4291 coni.

562 4362 567 4375 ·
682 4330 931 4386 Βωιηιισ
1168 4328 1375 4385 lumina
1410 4329 1467 4385 Β
1702 4343 1754 4396 p.
1788 4341 1834 4380 a.
1871 4325 2137 4381 multatur
2169 4325 2376 4381 lumine
2409 4324 2526 4379 diro
2560 4322 2858 4379 fabricius

691 4416 760 4471 74
794 4418 923 4469 tunc
956 4414 1105 4469 HRv
1286 4416 1487 4469 secreta
1518 4414 1587 4468 H
1716 4412 1875 4467 affore
1909 4413 1988 4478 Η,
2021 4412 2133 4467 fore
2168 4412 2241 4477 Β,
2279 4411 2395 4467 fora
2428 4413 2482 4466 A
2665 4409 2730 4463 ⁷7
2769 4424 2928 4477 quem

690 4502 848 4566 Hm,
884 4502 1080 4569 queant
1115 4500 1209 4565 A¹‚
1246 4500 1377 4568 qnid
1412 4500 1501 4555 Βυ
1803 4498 1874 4554 80
1907 4498 2139 4569 dispexit
2171 4500 2228 4553 A
2533 4498 2768 4565 resitque
2805 4498 2863 4549 Η
