3217 5150
671 498 787 565 176
1591 492 1958 562 Appendix.

659 670 808 712 mam
837 653 1070 727 decipit,
1119 654 1218 726 qui
1247 670 1360 712 non
1389 654 1640 713 cauendo
1667 654 1957 711 contraria.
1984 653 2167 712 noxiis
2194 654 2367 712 rebus
2396 658 2577 714 semet
2599 655 2723 728 ipse
2752 672 2915 715 eom·

659 755 898 815 misen't.
945 756 1044 815 ille
1073 760 1263 816 autem
1291 756 1474 815 tutius
1515 756 1629 815 sibi
1660 757 1907 815 consulit
1920 800 1937 827 ,
1988 757 2089 830 qui
2132 761 2287 817 oiim
2312 757 2495 817 malos
2524 774 2748 831 semper
2776 760 2911 818 infi-

659 860 767 917 dus
797 858 1016 933 species
1045 874 1428 933 quascumque
1455 858 1653 918 noxias
1692 858 2033 917 extimescit.
2098 877 2340 934 quorum
2382 861 2717 921 distantium
2746 861 2911 921 Salo-

659 978 791 1021 mon
821 962 1092 1022 disseruit
1119 962 1345 1021 dicens:
1411 961 1717 1036 sapiens
1760 962 2077 1021 timendo
2120 962 2545 1022 declinabit
2588 965 2675 1023 ab
2720 966 2913 1024 omni

657 1067 868 1125 malo:
933 1063 1316 1139 insipiens
1358 1068 1596 1125 autem
1638 1064 2027 1125 confidens
2082 1066 2194 1125 sui
2234 1068 2591 1127 miscetur
2632 1068 2953 1142 iniquas

657 1184 926 1243 magnum
965 1169 1278 1242 sapientiae
1319 1167 1546 1227 diuinae
1573 1168 1873 1226 eonsilium
1900 1168 2199 1229 inuentum
2224 1172 2349 1241 est,
2394 1170 2495 1228 ubi
2532 1170 2763 1230 timoris
2804 1186 2913 1230 au-

657 1270 792 1331 xilio
821 1272 1142 1332 liberemur.
1185 1288 1394 1346 mag-nn
1421 1272 1735 1345 conpendia
1764 1270 2153 1345 prouidentiae
2168 1318 2184 1344 ,
2226 1274 2293 1331 ut
2320 1272 2629 1347 aliquando
2658 1274 2765 1333 fiet
2794 1273 2913 1332 uir-

657 1378 754 1433 tus
781 1379 842 1433 et
871 1375 1117 1435 uictoria
1143 1391 1248 1447 per
1274 1374 1556 1435 timorem.
1601 1390 1811 1448 magna.
1838 1375 2091 1433 remedia.
2117 1375 2393 1435 Dominus
2422 1377 2667 1436 eontulit
2708 1379 2785 1436 ad
2814 1392 2911 1436 sa-

658 1478 838 1537 lutem
852 1522 868 1550 ,
919 1481 986 1537 ut
1013 1478 1226 1537 habeut
1253 1479 1314 1537 et
1342 1476 1580 1536 timidus
1611 1476 1837 1535 laudem
1852 1522 1868 1548 ,
1914 1477 2064 1537 sicut
2118 1478 2387 1537 Salomon
2422 1480 2653 1553 repetit·
2676 1480 2911 1540 dioens:

655 1582 912 1641 beatus
961 1580 1072 1639 uir
1113 1582 1238 1654 qui
1281 1582 1574 1639 ueretur
1638 1580 1875 1639 omnia
1936 1596 2061 1653 per
2120 1584 2399 1641 metum.
2468 1582 2983 1643 inaestimabilius>

655 1682 880 1743 Domini
913 1683 1296 1742 misericordia
1323 1699 1468 1757 quae
1507 1681 1759 1757 undique
1788 1682 2005 1742 homini
2046 1700 2151 1743 suo
2178 1685 2423 1743 eontulit
2451 1685 2694 1759 gloriam
2724 1690 2789 1746 et
2816 1688 2914 1747 in-

653 1786 1183 1859 comprehensibilis
1233 1786 1422 1859 pietas
1461 1802 1606 1859 quae
1652 1786 1959 1845 seeundum
1996 1802 2223 1859 pugnus
2265 1786 2425 1847 dedit
2450 1790 2512 1848 et
2536 1788 2765 1863 palmas
2781 1835 2798 1863 ,
2840 1794 2914 1850 ut

653 1888 982 1947 confidendo
1033 1888 1410 1947 masculorum
1461 1888 1763 1947 saeuitiam
1814 1904 2145 1962 superemus
2196 1894 2255 1949 et
2284 1890 2532 1951 timendo
2562 1891 2911 1953 feminarum

653 1990 1044 2050 blandimenta
1073 1991 1386 2062 uincamus,
1419 1991 1719 2049 dummodo
1748 1993 1807 2050 et
1838 1992 1909 2051 de
1938 1992 2153 2052 uirtute
2180 1995 2241 2052 et
2270 1994 2342 2053 de
2370 1993 2704 2054 infirmitate
2734 2012 2913 2071 super

655 2110 758 2153 nos
787 2093 999 2167 glorias
1027 2092 1300 2152 Dominus
1327 2096 1610 2167 operetur,
1640 2096 1707 2152 ut
1732 2094 1795 2153 in
1822 2095 2083 2154 omnibus
2110 2100 2173 2155 et
2199 2112 2303 2170 per
2331 2098 2519 2157 omnia
2546 2099 2909 2173 omnipoten·
2928 2118 2975 2158 ιε

655 2199 776 2255 tem
827 2200 1006 2257 semet
1035 2196 1158 2270 ipse
1209 2198 1454 2255 testetur
1481 2196 1745 2257 diuidens
1796 2198 2147 2259 differentias
2198 2200 2615 2273 triumphorum
2628 2246 2645 2273 ,
2692 2203 2759 2260 ut
2788 2206 2911 2263 tam

653 2298 910 2357 consiliis
941 2316 1111 2372 qnam
1139 2299 1357 2358 uiribus
1385 2317 1421 2358 a
1449 2300 1613 2360 nobis
1646 2302 1797 2359 bella
1818 2301 2121 2361 uincantur
2146 2319 2251 2362 neo
2280 2302 2333 2365 si
2351 2303 2702 2364 uinoeremus
2725 2304 2909 2366 solius

661 2402 791 2461 fidei
843 2401 1177 2461 fortitudine
1229 2405 1426 2462 eontra
1475 2402 1829 2463 Salomonem
1874 2421 2051 2464 neena
2098 2409 2293 2464 esseut
2340 2422 2513 2480 opera
2564 2408 2903 2481 sapientise.

661 2522 812 2565 nunc
839 2504 1020 2580 igitur
1047 2504 1362 2580 sapientiae
1392 2522 1550 2565 arma
1579 2507 1863 2581 gestanda
1880 2552 1895 2580 ‚
1948 2508 2045 2567 ubi
2096 2507 2331 2567 feminei
2380 2511 2442 2569 et
2492 2509 2693 2569 uiriles
2732 2528 2907 2571 sexus

653 2612 942 2668 certamen
975 2609 1254 2670 indicunt.
1285 2609 1436 2668 unde
1465 2609 1725 2670 Salomon
1755 2610 1838 2670 sio
1866 2611 2106 2670 instruit
2133 2611 2357 2671 dicens:
2402 2614 2973 2687 prudentiam,2o

652 2713 858 2785 inquit,
903 2718 1020 2772 fao
1069 2715 1306 2772 notam
1349 2712 1522 2786 tibi,
1581 2717 1659 2771 ut
1701 2716 1772 2771 te
1816 2717 2068 2773 seruet
2118 2731 2157 2772 a.
2208 2713 2517 2774 muliere
2546 2715 2795 2776 aliena
2836 2721 2908 2778 et

653 2814 992 2888 pessima.
1039 2814 1228 2874 uidete
1257 2833 1406 2875 nuno
1437 2815 1799 2889 prudentiam
1830 2817 1891 2876 in
1920 2817 2033 2876 isto
2062 2817 2233 2890 bello,
2264 2835 2377 2877 non
2404 2819 2571 2878 fidem
2600 2819 2769 2880 nobis
2800 2821 2905 2880 da-

651 2921 772 2977 tam
799 2932 927 2976 esse
956 2917 1249 2976 uictricem
1279 2933 1424 2991 quae
1447 2934 1552 2977 nos
1575 2917 1907 2979 timiditatis
1930 2921 2177 2980 remedio
2206 2920 2526 2994 liberasset,
2557 2925 2617 2982 et
2644 2926 2904 2984 oontem-

652 3019 889 3093 plamini
933 3035 1076 3093 quae
1106 3022 1241 3078 sunt
1267 3021 1432 3080 modo
1461 3037 1621 3078 arma
1649 3023 1937 3094 sumenda,
1970 3023 2022 3081 si
2051 3023 2230 3082 uultis
2260 3025 2471 3084 habere
2494 3025 2640 3100 legis
2670 3026 2904 3086 auxilia..

653 3124 833 3182 estote
861 3121 1052 3180 timidi
1093 3124 1160 3182 ut
1189 3122 1320 3182 sitis
1366 3123 1667 3198 intrepidi:
1724 3127 1785 3183 et
1811 3123 1949 3185 lieet
1976 3126 2149 3186 timor
2174 3127 2238 3184 in
2260 3127 2567 3187 certamine
2596 3128 2903 3190 infirmitas
2921 3147 2969 3188 οε,

640 3235 780 3284 'esse
809 3223 1091 3296 uideatur,
1133 3228 1324 3286 tamen
1355 3227 1663 3286 secundum
1692 3227 1929 3286 uerbum
1980 3229 2224 3302 apostoli
2276 3231 2521 3290 uirtus
2578 3231 2651 3289 in
2694 3231 2813 3290 inf
2818 3235 2903 3292 ir-

651 3326 914 3386 mitate
957 3326 1377 3401 perficitur.
1424 3329 1769 3404 separamini
1799 3330 2069 3405 deprecor
2089 3375 2103 3404 ,
2134 3333 2478 3406 separamini
2505 3350 2542 3393 a
2568 3335 2905 3409 oontagione

651 3429 942 3502 pestifera.

782 3708 819 3761 4
853 3707 1008 3762 Pron.
1047 3709 1128 3773 14,
1168 3708 1248 3763 16.
1621 3710 1689 3765 10
1724 3710 1826 3764 Sir.
1864 3711 1948 3774 25,
1985 3711 2070 3765 11.
2429 3713 2499 3768 20
2532 3713 2693 3770 Pron.
2728 3714 2781 3782 2,
2820 3715 2901 3770 16.

647 3793 716 3848 26
751 3794 810 3849 II
847 3794 964 3850 Cor.
1003 3795 1084 3861 12,
1121 3796 1172 3849 9.

784 4069 819 4122 2
853 4070 1024 4124 totius
1067 4069 1136 4127 0¹
1333 4073 1366 4127 7
1400 4071 1699 4127 liberentur
1734 4071 1802 4128 0¹
2001 4073 2066 4127 11
2101 4073 2337 4143 undique
2373 4075 2435 4142 C,
2472 4075 2763 4146 unicuique
2798 4095 2832 4132 v

561 4159 580 4180 ⁸
649 4169 746 4208 suo
783 4155 842 4219 0,
879 4171 1030 4210 suem
1065 4172 1099 4208 υ
1406 4158 1472 4212 13
1508 4157 1809 4212 confitendo
1842 4174 1877 4214 v
2175 4161 2243 4214 15
2276 4161 2523 4215 dominus
2557 4162 2763 4232 glorias
2798 4169 2856 4219 v·

648 4242 717 4295 16
751 4243 865 4295 tem
901 4257 1002 4297 om.
1042 4242 1183 4318 Cj'm
1215 4259 1326 4298 rae.
1501 4242 1567 4298 17
1601 4241 1714 4298 Nee
1750 4243 1807 4309 0,
1844 4260 1913 4298 ne
1946 4262 1981 4300 v
2141 4245 2429 4300 uicerimus
2462 4262 2497 4302 υ
2704 4249 2773 4303 19
2808 4263 2901 4318 ge-

649 4327 841 4382 standa
877 4332 1004 4384 sunt
1047 4329 1093 4385 0
1265 4329 1446 4384 uirilis
1479 4347 1514 4387 v
1692 4330 1763 4386 20
1792 4329 2041 4385 indicunt
2076 4331 2135 4399 G,
2170 4331 2431 4390 indicitur
2462 4349 2498 4389 v
2690 4333 2761 4387 21
2798 4333 2901 4389 ali-

648 4429 744 4468 ene
781 4415 851 4470 0·
988 4415 1057 4468 27
1094 4430 1128 4467 a
1161 4431 1260 4468 om.
1297 4431 1332 4470 v
