3217 5150
909 547 1000 601 De
1029 546 1291 602 Pascha
1327 548 1677 626 computus
1715 562 1759 599 c.
1796 546 1947 600 7-8.
2428 544 2555 611 255

301 710 420 769 kal.
467 708 652 783 April.
707 706 856 767 feria
883 708 1004 765 III:
1050 709 1209 767 sexto
1251 724 1396 766 anno
1449 706 1817 766 embolismus
1864 682 2001 765 non.
2047 704 2232 779 April.
2286 704 2431 764 feria.
2459 704 2551 761 II:

299 812 546 886 septimo
575 827 722 871 anno
776 811 1008 870 bissext.
1056 809 1231 868 VIIII
1261 808 1374 870 kal.
1409 810 1550 883 Apr.
1582 808 1729 868 feria
1757 808 1871 868 VI:
1921 811 2118 868 octauo
2160 824 2306 867 anno
2360 808 2555 867 embo-

302 915 510 981 lismus
562 913 744 990 pridie
797 914 928 973 idus
977 913 1163 988 April.
1212 912 1368 972 feria·
1399 912 1471 971 V.
1517 929 1647 973 ecce
1700 912 1913 986 itaque,
1966 912 2241 985 quomodo
2296 910 2557 985 superius

303 1019 757 1093 computauimus
811 1018 959 1093 quod
1009 1020 1142 1091 post
1185 1034 1361 1077 annos
1406 1019 1534 1078 octo
1561 1017 1615 1076 V
1646 1016 1761 1078 kal.
1791 1017 1935 1095 Apr.
1967 1016 2174 1075 iterum
2203 1016 2441 1075 inuenta
2468 1018 2557 1076 est

259 1144 282 1182 ε
303 1120 410 1181 XV
440 1122 596 1181 luna.
645 1120 729 1181 sic
780 1122 910 1194 post
960 1137 1136 1179 annos
1191 1124 1316 1180 octo
1371 1120 1555 1194 pridie
1606 1120 1736 1179 idus
1787 1120 1928 1193 Apr.
1982 1120 2219 1179 inuenta
2262 1122 2354 1179 est
2383 1118 2559 1177 XIIII

298 1226 438 1284 luna
490 1227 549 1283 et
597 1223 742 1284 feria
789 1242 904 1284 non
955 1224 1204 1283 secunda
1251 1222 1526 1298 quomodo
1578 1226 1711 1283 ante
1760 1216 1862 1283 sed
1912 1223 2113 1298 quinta
2160 1222 2249 1282 est
2301 1221 2555 1282 inuenta.

299 1332 359 1387 et
390 1328 517 1388 ideo
550 1327 857 1387 secundum
885 1328 1125 1388 eundem
1170 1326 1430 1402 pinacem
1476 1344 1589 1387 non
1618 1328 1720 1401 per
1748 1329 1872 1386 octo
1904 1343 2081 1387 annos
2112 1327 2214 1385 sed
2242 1340 2344 1400 per
2374 1341 2552 1385 annos
2673 1388 2683 1395 ‚

301 1432 554 1491 sedecim
583 1433 656 1491 ad
694 1430 844 1491 diem
897 1447 1064 1490 suum
1117 1431 1364 1503 primum
1395 1430 1580 1491 redire
1611 1430 1995 1490 ostendimus:
2042 1430 2099 1489 et
2128 1430 2189 1488 in
2218 1446 2283 1489 eo
2311 1426 2557 1487 bissexti

305 1553 482 1596 annos
514 1535 819 1595 secundum
852 1552 1078 1595 cursum
1108 1535 1246 1594 solis
1279 1535 1403 1594 sine
1433 1552 1620 1595 errore
1650 1534 2037 1609 ignorantium
2066 1533 2409 1593 notauimus.
2458 1531 2557 1606 qui

235 1662 286 1701 m
305 1643 364 1700 et
391 1641 516 1715 ipse
548 1638 684 1697 XVI
713 1637 879 1698 annis
918 1637 1201 1713 suppletis
1245 1638 1384 1698 licet
1413 1637 1487 1696 ad
1527 1639 1745 1697 certum
1776 1637 1926 1697 diem
1958 1655 2122 1697 suum
2148 1636 2399 1695 immisso
2430 1652 2553 1695 em-

297 1744 540 1806 bolismo
595 1760 722 1802 cum
747 1741 924 1800 XIIII
950 1741 1088 1800 luna
1145 1740 1408 1813 occurrit,
1461 1744 1653 1800 tamen
1704 1742 1777 1801 ad
1828 1740 2133 1821 secundam
2183 1738 2383 1799 feriam
2433 1754 2548 1797 non
2618 1754 2624 1761 ’

302 1847 551 1908 occurrit
601 1846 702 1905 sed
752 1844 827 1905 ad
873 1846 1134 1920 primam.
1180 1846 1262 1905 sic
1316 1861 1492 1917 aeque
1545 1845 1793 1905 secunda
1846 1843 2237 1905 sedecennitas
2290 1842 2557 1916 suppleta

303 1949 552 2011 occurrit
604 1950 677 2008 ad
722 1948 1027 2023 septimam
1070 1947 1290 2023 feriam,
1348 1948 1522 2007 tertia
1551 1964 1685 2008 uero
1716 1947 1863 2008 feria
1896 1951 2077 2021 sexta,
2129 1949 2338 2022 quarta
2366 1948 2556 2005 autem

301 2040 451 2113 feria
505 2053 723 2127 quinta.
789 2052 992 2125 quinta
1045 2051 1436 2113 sedecennitas
1485 2051 1633 2111 feria
1682 2054 1904 2126 quarta,
1958 2053 2121 2111 sexta
2163 2049 2556 2110 sedecennitas

233 2177 284 2216 ιε
303 2156 448 2216 feria
479 2158 702 2229 quarta,
734 2157 979 2231 septima
1010 2158 1221 2229 autem,
1253 2174 1382 2216 cum
1413 2155 1769 2231 suppleuerit
1809 2172 1988 2216 annos
2018 2154 2191 2228 CXII,
2246 2154 2555 2215 reuertitur

297 2261 372 2319 ad
415 2258 599 2333 pridie
629 2260 706 2317 id.
738 2258 880 2333 Apr.
912 2262 972 2318 et
1012 2258 1302 2319 inuenitur
1342 2259 1482 2319 luna
1509 2258 1685 2317 XIIII
1714 2266 1773 2318 et
1813 2259 1958 2319 feria
1986 2258 2066 2319 ΙΙ.
2114 2258 2179 2317 hi
2230 2273 2366 2333 ergo
2418 2258 2555 2316 sunt

305 2364 444 2423 anni
473 2354 630 2421 CXII
660 2362 722 2421 in
775 2362 979 2437 quibus
1032 2364 1304 2439 gyrantes
1357 2365 1416 2423 et
1445 2379 1480 2421 a
1509 2363 1690 2437 primo
1733 2362 1825 2421 die
1864 2362 2119 2422 Paschae
2162 2362 2463 2421 obseruate
2492 2358 2555 2418 in

303 2467 568 2541 Aegypto
601 2468 997 2539 computantes
1031 2482 1210 2525 annos
1242 2482 1422 2540 usque
1465 2466 1537 2525 ad
1569 2464 1860 2524 Christum
1888 2464 2272 2540 peruenimus,
2316 2464 2375 2521 et
2405 2461 2553 2521 diem

301 2570 586 2646 passionis
617 2571 677 2630 et
704 2570 1136 2630 resurrectionis
1170 2570 1295 2631 eius
1327 2567 1695 2629 ostendimus.

228 2689 278 2730 so
380 2673 550 2732 Prius
580 2676 670 2732 est
698 2676 891 2733 tamen
920 2676 986 2733 ut
1013 2673 1266 2748 reliquos
1295 2689 1473 2732 annos
1514 2675 1641 2733 octo
1672 2671 1891 2747 pinacis
1923 2673 2406 2732 demonstremus:
2453 2661 2549 2728 us‘-
2573 2668 2613 2727 8

295 2795 404 2852 que
455 2777 516 2837 in
568 2779 832 2838 octauum
884 2777 1036 2836 enim
1085 2776 1558 2850 computauimus.
1622 2793 1769 2836 nono
1820 2760 2014 2849 it'aque
2063 2792 2210 2835 anno
2270 2772 2553 2835 communi

430 3012 463 3064 1
500 3011 656 3082 april.
695 3023 797 3067 om.
833 3028 864 3066 c
1039 3015 1187 3065 sexto
1210 3012 1392 3066 ...12
1425 3009 1562 3068 feria
1596 2969 1677 3066 VI
1711 3029 1809 3068 om.
1848 3029 1877 3068 c
2060 3015 2095 3066 2
2129 3013 2423 3068 bissextum
2458 3013 2553 3066 sed
2671 3038 2677 3045 ’
2716 3022 2724 3030 ’

293 3099 564 3152 communi
600 3096 915 3152 embolismo
949 3097 1007 3151 II
1041 3098 1114 3152 id.
1153 3113 1262 3168 apr.
1301 3099 1332 3152 b
1609 3100 1645 3154 3
1680 3115 1795 3154 ecce
1831 3099 2037 3172 itaque]
2074 3091 2132 3154 et
2166 3102 2418 3168 castaque
2454 3116 2483 3155 c

289 3186 328 3238 4
361 3185 490 3252 post
525 3199 622 3238 om.
663 3184 694 3239 b
911 3200 1048 3239 anno
1084 3187 1276 3239 octauo
1311 3185 1444 3238 vm
1479 3186 1586 3240 kal.
1624 3202 1733 3255 apr.
1771 3204 1801 3241 c
2023 3188 2058 3241 5
2093 3202 2232 3242 anno
2269 3189 2459 3242 octauo
2494 3187 2553 3241 11

291 3270 366 3326 id.
407 3287 436 3324 o
589 3273 672 3325 est
707 3287 804 3325 om.
845 3287 875 3326 c
1028 3271 1063 3325 6
1099 3273 1170 3342 et]
1211 3272 1304 3326 sed
1341 3273 1373 3326 b
1411 3342 1418 3354 ⁸
1529 3289 1637 3328 non
1671 3289 1775 3328 om,
1810 3290 1840 3328 c
1995 3273 2255 3342 quomodo
2293 3277 2418 3328 ante
2463 3273 2549 3339 W,

293 3356 559 3426 quomodo
583 3373 628 3422 c,
664 3373 762 3412 om.
789 3357 822 3411 b
958 3358 989 3411 7
1027 3358 1316 3412 secundum
1345 3375 1392 3415 e.
1419 3376 1468 3428 p.
1507 3360 1721 3428 scripsi,
1760 3359 1888 3414 XIV
1923 3360 2106 3415 lunam
2142 3360 2329 3415 eodem
2362 3361 2553 3429 pinace

301 3443 393 3508 W,
430 3458 536 3497 non
570 3444 712 3498 hunc
747 3443 930 3498 eodem
964 3443 1210 3512 pinacem
1245 3460 1289 3510 c,
1328 3445 1472 3499 hunc
1507 3445 1748 3500 eumdem
1782 3446 2029 3515 pinacem
2064 3449 2095 3502 b
2256 3463 2423 3501 annos
2460 3447 2551 3501 sed

291 3545 387 3599 per
424 3545 588 3584 annos
625 3529 850 3584 sedecim
885 3529 972 3599 ad]
1011 3529 1103 3583 sed
1139 3530 1344 3585 decima
1379 3548 1408 3586 c
1567 3533 1602 3586 8
1636 3532 1696 3586 in
1731 3533 1811 3603 eo]
1850 3532 1969 3587 ideo
2006 3534 2037 3587 b
2192 3535 2225 3589 9
2262 3533 2549 3588 secundum

290 3633 504 3671 ctu-sum
543 3616 675 3671 solis
710 3632 810 3671 om.
849 3633 877 3671 c
1132 3617 1206 3672 10·
1235 3617 1364 3671 XVI
1400 3634 1520 3672 ann.
1560 3635 1604 3685 c,
1641 3618 1769 3673 XVI
1804 3618 1912 3673 dec.
1950 3635 2121 3672 annus
2155 3619 2186 3672 b
2428 3635 2551 3690 sup·
2578 3620 2582 3625 ’

288 3702 470 3772 pietus
504 3705 565 3758 bc
794 3703 1021 3772 certum]
1057 3703 1265 3757 coelum
1301 3704 1332 3759 b
1562 3704 1807 3759 immisso
1850 3706 1941 3770 W,
1977 3706 2037 3758 in
2072 3706 2134 3761 bc
2326 3713 2336 3723 “
2365 3706 2429 3760 11
2466 3708 2561 3760 ta-

291 3805 446 3844 men.
471 3829 482 3842 .
505 3828 519 3843 .
540 3789 772 3844 occurrit
806 3805 906 3844 om.
944 3806 973 3845 c
1194 3789 1422 3845 secunda
1457 3789 1596 3844 feria
1631 3792 1663 3846 b
1882 3791 1949 3845 12
1982 3791 2157 3860 prims
2192 3808 2221 3848 c
2429 3808 2552 3862 sup-

291 3875 408 3944 plet
444 3879 688 3931 occurrat
722 3891 752 3931 c
956 3876 1026 3930 13
1059 3877 1230 3930 tertia
1251 3915 1263 3932 .
1285 3917 1296 3929 .
1320 3918 1331 3930 .
1358 3875 1496 3931 feria
1533 3878 1725 3946 quinta
1758 3893 1861 3932 om.
1898 3893 1929 3932 c
2146 3879 2215 3934 14
2250 3878 2551 3934 sedecenni-

292 3963 380 4016 tas
417 3961 658 4017 ostendit
689 3962 788 4017 fer.
824 3962 856 4016 b
1078 3961 1216 4017 feria
1253 3965 1445 4032 quarta
1485 3965 1635 4017 sexta
1671 3963 2033 4019 sedecennitas
2068 3981 2169 4020 om.
2207 3981 2237 4020 c
2462 3966 2549 4021 de-

291 4048 533 4102 cennitas
569 4049 601 4103 b
847 4048 916 4103 15
950 4047 1182 4117 septima
1219 4047 1424 4119 autem]
1461 4049 1807 4119 septimplum
1841 4051 2053 4121 tempus
2089 4051 2121 4105 b
2313 4105 2319 4116 ,
2360 4051 2549 4122 imple-

289 4133 433 4188 uerit
468 4149 640 4189 annus
675 4135 708 4190 b
905 4133 973 4188 16
1008 4133 1076 4187 ad
1109 4133 1166 4188 11
1202 4133 1323 4189 idus
1357 4151 1420 4191 cv
1605 4136 1903 4206 inuenitur]
1936 4136 2093 4191 uenit
2128 4154 2157 4193 c
2354 4141 2549 4208 quarta

291 4219 500 4274 decima
535 4223 592 4276 et
628 4220 857 4278 secunda
891 4219 1023 4274 feria
1059 4221 1090 4276 b
1356 4222 1421 4276 17
1464 4221 1618 4279 CXII
1652 4223 1711 4277 in
1744 4237 1847 4280 om.
1884 4239 1914 4279 c
2164 4225 2409 4294 gyrantis
2447 4225 2479 4279 b

215 4343 220 4346 -
293 4303 363 4360 ad
396 4304 541 4360 diem
575 4307 807 4376 primum
842 4307 875 4362 b
1087 4306 1404 4363 obseruatae
1439 4309 1471 4364 b
1698 4310 1765 4365 18
1799 4325 1965 4365 annos
2003 4314 2377 4381 computantes
2412 4326 2475 4367 cv

291 4407 324 4446 a
357 4407 458 4448 om.
495 4409 526 4448 c
883 4393 1252 4464 perueniemus
1289 4413 1320 4452 c
1680 4397 1748 4451 19
1784 4398 1839 4451 et
1872 4397 2271 4455 resurrectionis
2310 4413 2410 4454 om.
2448 4412 2477 4453 c

292 4477 362 4533 20
395 4479 568 4548 primo
603 4483 669 4535 ut
703 4481 939 4552 reliquus
975 4497 1146 4538 annus
1181 4481 1318 4537 VIII
1353 4483 1567 4554 pinaces
1601 4500 1633 4540 c
1838 4483 1907 4538 21
1943 4499 2219 4540 commune
2253 4485 2284 4540 b
