3217 5150
571 542 655 599 Ad
693 543 957 611 vigilium
993 543 1292 610 episcopum
1327 540 1392 595 de
1426 540 1647 595 Iudaica
1682 540 2057 595 incredulitate
2092 558 2135 595 c.
2177 542 2329 595 1-2,
2462 546 2575 609 121

323 704 478 764 diam
507 703 734 763 Domini
787 702 1074 778 spreuisse
1127 701 1413 762 doceatur.
1459 702 1738 776 propheta
1765 701 1905 761 item
1932 701 2081 761 alius
2128 702 2575 762 beniuolentiam

323 806 430 867 Dei
479 806 870 866 exhortatione
919 804 1358 879 praedicationis
1410 806 1653 865 offerens
1706 807 1766 864 et
1816 804 2112 865 insinuans
2158 806 2475 879 proclamat
2525 808 2585 864 et

325 912 530 971 suadet
559 910 782 970 dicens:
825 907 1300 968 reuertimini
1343 909 1430 967 ad
1473 924 1594 984 me,
1642 911 1715 966 et
1756 925 1889 982 ego
1934 911 2269 968 reuertar
2312 910 2399 968 ad
2427 926 2575 982 noe,

324 1016 514 1074 dicit
557 1012 923 1073 Dominus.
969 1012 1118 1071 alius
1167 1028 1302 1071 uero
1353 1011 1659 1071 similiter:
1714 1011 2159 1072 misericordiam
2210 1030 2373 1072 suam
2418 1013 2575 1072 Deus

279 1144 304 1181 s
324 1117 730 1191 sempiternam
781 1130 1010 1175 manere
1063 1117 1460 1174 demonstrans
1513 1114 1737 1175 addidit
1789 1114 2021 1175 dicens:
2067 1116 2233 1176 nolo
2277 1133 2379 1176 mo
2396 1119 2577 1175 rtem

323 1220 740 1293 morientia,
787 1223 1137 1295 quantum
1193 1221 1276 1277 ut
1319 1221 1748 1278 reuertatur
1792 1221 1861 1278 et
1904 1218 2147 1291 uiuat,
2216 1218 2401 1278 dicit
2444 1219 2577 1278 Do·

321 1325 580 1385 minus·

410 1427 558 1497 Quid
588 1430 678 1487 est
707 1444 844 1501 ergo
873 1425 1104 1498 reuerti,
1149 1442 1319 1500 quam
1349 1425 1410 1484 in
1440 1425 1728 1485 Christum
1760 1427 2037 1486 credendo
2066 1442 2167 1500 per
2196 1442 2323 1486 eum
2354 1427 2453 1499 qui
2482 1428 2571 1485 est
2592 1424 2633 1483 2

320 1533 419 1592 uia
469 1530 737 1590 ueniendi
768 1531 841 1589 ad
889 1532 1110 1603 patrem
1141 1530 1258 1588 Deo
1300 1528 1724 1589 reconciliatum
1775 1546 1941 1604 posse
1993 1527 2207 1588 saluari
2220 1532 2248 1587 ⁴?
2294 1530 2573 1603 quomodo

247 1654 303 1694 io
321 1637 516 1695 autem
559 1634 774 1695 reuerti
817 1634 889 1692 ad
935 1632 1114 1692 Deum
1159 1634 1398 1706 possunt
1445 1632 1544 1706 qui
1589 1633 1643 1691 ei
1683 1648 1789 1705 per
1832 1650 1997 1707 quem
2026 1634 2115 1691 est
2144 1632 2363 1706 agnitio
2394 1635 2453 1691 et
2480 1650 2577 1692 re-

319 1737 508 1797 uersio
549 1738 622 1795 ad
660 1737 844 1796 Deum
886 1735 1238 1795 uoluntatem
1267 1734 1371 1794 Dei
1417 1734 1773 1809 praedicanti
1818 1736 2045 1795 credere
2074 1735 2379 1795 noluerunt
2398 1740 2427 1795 ?
2474 1738 2577 1795 aut

321 1840 600 1913 quomodo
629 1838 810 1899 Deum
839 1839 1229 1899 satisfactione
1259 1837 1486 1911 placare
1515 1841 1806 1912 poterunt,
1850 1838 1949 1911 qui
1992 1854 2121 1897 eum
2150 1839 2249 1913 qui
2278 1842 2371 1897 est
2399 1838 2575 1898 satis·-

321 1942 498 2002 factie
533 1945 592 2001 et
621 1942 867 2016 placatio
898 1959 1001 2015 pro
1031 1942 1194 2001 nobis
1223 1942 1374 2015 apud
1420 1944 1643 2015 patrem
1682 1940 1961 2016 sacrilega
1988 1941 2413 2016 impugnatione
2443 1959 2575 2016 per·-

321 2046 486 2121 sequi
539 2044 914 2105 maluerunt?
985 2044 1047 2104 si
1093 2046 1276 2103 enim
1341 2047 1771 2104 aduocatum
1818 2044 2187 2104 Christum
2230 2044 2577 2105 habemus

247 2174 300 2212 ιε
319 2150 499 2223 apud
547 2148 772 2207 Deum
815 2151 1128 2223 patrem,
1175 2147 1402 2207 initiare
1450 2148 1647 2222 utique
1700 2166 1768 2207 ea
1818 2163 1962 2221 quae
2007 2166 2111 2207 nos
2143 2148 2335 2207 docuit
2365 2152 2425 2207 et
2454 2165 2577 2207 mo-

321 2254 454 2313 nuit
504 2270 758 2328 quaeque
803 2255 953 2327 apud
986 2254 1208 2327 patrem
1239 2252 1530 2311 locuturus
1559 2256 1652 2311 est
1682 2252 1925 2313 sollicito
1956 2252 2155 2312 timore
2186 2252 2371 2312 facere
2400 2253 2573 2312 debe-

321 2374 472 2416 mus.
519 2355 703 2431 igitur
727 2372 834 2416 nos
864 2356 966 2430 qui
995 2358 1186 2415 mente
1213 2356 1272 2414 in
1304 2355 1530 2416 Domini
1575 2358 1791 2415 metum
1820 2373 1999 2429 prona
2026 2356 2419 2416 mandatorum
2450 2356 2572 2415 eius

321 2460 558 2520 monitis
613 2459 932 2519 insistimus
964 2462 1023 2519 et
1051 2458 1306 2533 religiosi
1335 2477 1403 2518 ac
1433 2458 1778 2519 uenerabilis
1824 2460 2011 2519 cordis
2040 2459 2150 2519 fide
2182 2459 2575 2519 credulitatem

323 2564 397 2624 de
427 2563 550 2624 eins
579 2562 781 2623 timore
811 2562 1183 2641 concepimuS,
1216 2560 1352 2637 quid
1382 2561 1535 2622 aliud
1567 2562 1749 2636 sequi,
1796 2561 1930 2636 quid
1962 2579 2185 2636 cupere,
2217 2561 2356 2636 quid
2386 2561 2575 2637 magis

243 2693 306 2734 ω
325 2669 476 2728 uelle
527 2685 596 2728 ac
643 2671 836 2727 tenere
887 2667 1176 2739 debemus,
1229 2683 1400 2741 quam
1451 2669 1518 2726 ut
1567 2668 1721 2727 omni
1750 2686 1786 2728 a
1831 2668 1995 2727 nobis
2044 2666 2254 2727 mentis
2304 2667 2573 2740 antiquae

463 2887 497 2940 3
531 2885 659 2940 Mal.
696 2885 749 2951 3,
783 2885 830 2940 7.
1040 2886 1074 2939 5
1111 2885 1200 2939 ΕΖ.
1238 2885 1320 2949 18,
1356 2884 1441 2939 23.
1656 2885 1723 2939 14
1758 2885 1785 2937 I
1822 2884 1895 2936 10.
1933 2884 1985 2952 2,
2025 2884 2071 2937 1.

461 3094 492 3147 1
528 3075 658 3147 dsfffi
690 3094 741 3147 Ζ
895 3093 1154 3163 propheta
1188 3092 1320 3146 item
1357 3091 1516 3161 alius]
1553 3089 1679 3144 inde
1716 3091 1975 3158 propheta
2014 3090 2289 3145 Baluzius
2448 3091 2483 3144 2
2519 3092 2579 3145 in

315 3179 696 3234 exhortatione
731 3180 784 3233 Z
1055 3177 1446 3248 praedicatione
1485 3178 1547 3242 T,
1593 3175 1905 3246 praedicans
1941 3176 1992 3230 Z
2264 3175 2487 3230 offerens
2523 3181 2579 3231 et

319 3267 400 3333 (et
433 3281 532 3320 om.
569 3285 626 3335 μ,
659 3267 718 3320 in
759 3267 828 3335 T)
862 3265 1141 3319 insinuans
1185 3265 1312 3333 Τεμ,
1349 3280 1451 3317 om.
1490 3264 1540 3317 Z
1768 3263 2063 3332 proclamet
2105 3264 2156 3317 T
2380 3263 2415 3317 3
2455 3279 2578 3317 sua-

316 3353 448 3408 deat
482 3354 562 3420 1⁸¹,
597 3351 884 3406 insuadeat
926 3353 990 3417 T,
1026 3351 1273 3404 insuadet
1307 3356 1330 3403 t
1583 3350 1621 3404 4
1653 3349 1800 3419 uero]
1838 3365 2045 3418 quoque
2080 3349 2171 3419 Ζμ,
2427 3365 2581 3404 suam

317 3441 452 3494 deus
497 3440 608 3504 TZ,
644 3439 730 3492 dei
766 3458 822 3507 μ,
859 3436 1064 3492 domini
1099 3443 1124 3492 t
1328 3438 1363 3491 5
1399 3436 1783 3504 sempiternum
1826 3436 1877 3490 T
2077 3436 2113 3489 8
2147 3437 2292 3506 ergo]
2330 3435 2477 3490 aliud
2512 3437 2577 3502 Z,

317 3541 450 3595 ergo
485 3525 634 3579 alind
671 3544 710 3594 μ
951 3523 1166 3592 reuerti]
1205 3522 1274 3576 ad
1309 3522 1583 3577 dominum
1620 3522 1751 3576 add.
1780 3523 2055 3576 Baluziue
2092 3538 2165 3576 ex
2198 3539 2231 3575 r
2469 3537 2581 3576 cre-

316 3612 534 3667 dentem
572 3611 626 3664 Z
825 3610 860 3664 9
895 3625 928 3664 a
960 3610 1116 3679 patre
1158 3609 1228 3663 Tt
1434 3608 1656 3677 salum]
1694 3609 1921 3662 salutari
1956 3609 2011 3664 Ζ
2204 3609 2275 3662 10
2306 3591 2435 3661 ᾱῐιῖι
2473 3628 2511 3675 μ

316 3697 390 3751 ad
423 3697 580 3752 deum
615 3699 838 3766 possunt
871 3695 1068 3750 reuerti
1100 3695 1152 3748 Ζ
1286 3709 1446 3762 qnam
1477 3695 1528 3748 T
1660 3693 1935 3764 agnitione
1966 3696 2062 3750 Te
2204 3694 2269 3747 11
2306 3677 2435 3747 ᾱῐιῐῐι
2462 3693 2519 3746 Ζ

317 3785 602 3839 uoluntate
637 3785 686 3834 Z
931 3781 1000 3836 12
1032 3781 1128 3835 deo
1163 3782 1219 3835 Z
1463 3779 1831 3834 satisfactione
1866 3781 2051 3849 aliqua
2083 3780 2136 3834 Z
2372 3781 2583 3849 plaeere

319 3870 488 3940 ΤΖμι
523 3919 540 3946 ,
729 3870 1023 3938 potuerunt
1060 3867 1206 3931 TZv,
1239 3855 1422 3936 poteri
1453 3887 1510 3937 μ,
1551 3868 1824 3936 potuerint
1858 3867 2063 3936 Remiq.
2307 3867 2375 3920 13
2410 3865 2575 3920 sacri-

315 3959 504 4026 legum
537 3955 976 4025 inpugnationem
1017 3955 1068 4008 T
1329 3954 1397 4008 14
1430 3954 1723 4009 maluerint
1758 3974 1797 4023 μ
2062 3951 2371 4006 haberemus
2414 3953 2510 4006 Τι’

314 4045 392 4100 15
423 4026 552 4097 «iffi
585 4044 639 4097 Z
769 4041 988 4095 initiare
1021 4042 1234 4109 scripsi,
1269 4040 1493 4094 uitiato·
1535 4041 1596 4105 T,
1632 4056 1735 4095 om.
1774 4040 1828 4093 Z
1831 4040 1935 4108 Τμ,
1970 4054 2185 4098 seruare
2220 4055 2253 4093 v
2391 4038 2581 4106 utique

311 4147 420 4186 om.
457 4147 494 4184 v
664 4144 726 4183 ea
761 4144 832 4183 ex
866 4144 924 4182 re
958 4144 1020 4183 ea
1053 4133 1076 4182 t
1251 4127 1482 4196 monuit]
1519 4129 1675 4182 nouit
1710 4127 1765 4180 Z
1933 4125 2001 4179 16
2036 4125 2291 4194 quaeque]
2331 4141 2433 4194 que
2467 4125 2521 4178 Z

310 4215 480 4286 apud]
508 4215 577 4269 ad
599 4236 640 4285 μ
793 4215 1002 4269 locutus
1029 4214 1196 4283 Zt’n2
1346 4214 1410 4268 17
1447 4229 1544 4268 nos
1567 4229 1669 4268 om„
1698 4213 1755 4266 Z
1896 4213 2076 4265 mente
2110 4196 2204 4266 disi
2235 4212 2296 4275 T,
2332 4211 2391 4264 in
2424 4210 2581 4264 deum

309 4303 498 4357 mente
534 4302 584 4355 Z
828 4303 976 4355 metu
1014 4315 1183 4369 prona
1215 4305 1296 4368 ἐμ,
1333 4315 1500 4369 prona
1536 4303 1743 4354 metum
1777 4297 1831 4353 Z
2078 4297 2145 4352 18
2178 4297 2333 4352 corde
2368 4297 2424 4350 et
2458 4295 2513 4349 Ζ

311 4387 426 4444 flde
461 4390 516 4441 et
551 4387 616 4452 Z,
651 4387 804 4441 fidem
844 4390 900 4441 et
935 4387 1211 4441 Baluzius
1245 4402 1316 4440 ex
1350 4401 1382 4439 r
1645 4385 1712 4439 19
1747 4384 1876 4454 quid
1912 4384 2105 4454 magis]
2143 4399 2205 4438 ac
2238 4383 2411 4452 magis
2448 4382 2503 4435 Z

309 4473 390 4530 20
423 4489 484 4527 ac
519 4489 621 4528 om.
659 4473 713 4527 Z
921 4474 1066 4526 omni
1101 4474 1151 4542 a]
1190 4455 1309 4527 offis.
1350 4472 1413 4537 T,
1448 4471 1662 4527 omnino
1698 4487 1731 4524 a
1768 4477 1790 4525 t
1996 4473 2259 4538 antequae
2304 4470 2354 4523 T
