3217 5150
948 522 1038 577 De
1074 523 1335 593 duplici
1370 522 1700 593 martyrio
1736 538 1778 577 c.
1816 524 2037 578 38-40.
2488 526 2613 593 247

295 686 300 693 ’
362 687 422 745 te
453 701 605 744 mors
635 684 801 744 orbat
829 685 1211 758 praematura,
1269 684 1601 758 pestilentia
1653 685 1862 760 spoliat
1916 686 1975 744 te
2019 682 2351 757 carissimis,
2407 701 2616 759 sponsa

366 788 568 849 liberis
603 786 832 847 amicis:
874 787 1020 849 ferto
1052 786 1337 861 patienter
1366 788 1424 846 et
1453 787 1578 847 dic:
1616 776 1881 848 ‘Domino
1912 787 2000 846 ita
2025 788 2231 860 uisum,
2292 790 2353 845 et
2380 788 2464 848 sic
2493 787 2612 849 for-

364 892 542 953 tassis
573 893 632 951 et
659 889 824 951 nobis
851 890 1186 964 expediebat
1230 892 1288 950 et
1338 890 1569 952 nostris.
1633 890 1735 951 sit
1776 908 2031 950 nomen
2072 889 2360 950 Domini
2402 891 2615 951 bene-

365 995 571 1055 dictu
585 978 683 1055 ιη’.
745 996 880 1054 sunt
932 997 990 1055 et
1037 993 1220 1053 morbi
1270 994 1371 1069 qui
1414 1012 1528 1055 non
1569 995 1759 1055 minus
1802 997 2023 1053 atroces
2053 992 2268 1053 habent
2312 994 2614 1067 cruciatus,

321 1121 343 1159 s
365 1116 538 1174 quam
565 1098 687 1157 ulla
713 1100 909 1173 potest
936 1096 1148 1157 inferre
1179 1100 1457 1157 tortorum
1487 1098 1749 1171 saeuitia,
1782 1097 1964 1159 ueluti
1985 1096 2276 1172 pleuritis,
2322 1096 2613 1169 ischiasiS,

359 1205 632 1280 podagra,
661 1202 964 1277 paralysis,
995 1202 1265 1273 calculus,
1289 1218 1490 1261 renum
1511 1204 1570 1262 et
1591 1201 1819 1262 uesicae
1849 1199 2210 1261 exulceratio.
2242 1200 2361 1259 tale
2392 1200 2445 1260 si
2474 1200 2610 1273 quid

361 1305 652 1380 acciderit,
684 1322 756 1365 ne
786 1321 946 1365 mens
979 1307 1347 1381 exasperetur
1377 1306 1451 1365 ad
1479 1306 1918 1379 impatientiam,
1950 1321 2021 1363 ne
2049 1304 2249 1378 lingua
2272 1306 2530 1380 erumpat
2552 1305 2613 1362 in

359 1426 528 1473 uoces
573 1408 935 1484 blasphemas
949 1453 964 1482 ,
1025 1408 1129 1469 sed
1179 1425 1307 1468 cum
1356 1408 1526 1469 beato
1552 1408 1743 1469 Dauid
1791 1412 1851 1469 et
1901 1408 2036 1468 Heli
2086 1408 2379 1468 sacerdote
2431 1407 2613 1466 dicat:

358 1513 708 1574 Dominus
753 1512 1198 1591 est,'3=‚.faciat
1264 1512 1448 1587 quod
1491 1512 1750 1572 bonum
1794 1514 1909 1573 est
1950 1512 2025 1571 in
2070 1511 2307 1572 oculis
2352 1510 2613 1584 ipsius.

288 1636 340 1675 ιο
360 1618 446 1677 ita
476 1615 629 1675 mala
660 1632 803 1689 quae
834 1632 947 1674 non
975 1614 1302 1675 inferuntur
1350 1616 1422 1675 ob
1453 1614 1669 1675 Christi
1698 1614 2109 1689 professionem
2135 1617 2423 1676 uertemus
2452 1614 2615 1674 nobis

359 1721 422 1780 in
454 1734 717 1779 coronam
746 1719 805 1778 et
835 1718 1061 1779 Christo
1093 1717 1156 1777 in
1183 1718 1444 1793 gloriam.
1477 1702 1543 1779 ac
1574 1717 1676 1778 fiet
1703 1718 1966 1791 fortasse,
2016 1719 2085 1776 ut
2109 1716 2385 1777 Dominus
2417 1706 2616 1776 nostra

365 1822 670 1883 tolerantia
697 1822 1041 1897 propitiatus
1072 1824 1174 1881 aut
1202 1822 1426 1883 auferat
1455 1821 1794 1883 afflictiones
1826 1824 1927 1881 aut
1956 1822 2215 1895 mitigetz
2252 1822 2401 1895 quod
2430 1821 2617 1880 sinon

357 1927 444 2000 fit,
477 1928 671 1986 tamen
699 1927 809 1986 hac
839 1926 1062 1986 ratione
1090 1924 1386 2001 faciemus,
1434 1928 1499 1985 ut
1528 1927 1679 2000 quod
1709 1928 1898 1986 animo
1935 1924 2260 1999 impatienti
2285 1924 2492 1984 fuisset
2520 1925 2611 1999 in,-

357 2029 662 2090 tolerabile
691 2028 794 2089 fiat
824 2030 1109 2104 patientia
1135 2031 1354 2091 mitius.
1401 2029 1496 2089 his
1541 2032 1714 2105 atque
1766 2029 2091 2089 huiusmodi
2120 2028 2471 2104 argumentis
2502 2046 2614 2087 non

288 2152 338 2193 ιι,
362 2132 686 2194 desinemus
747 2150 850 2192 nos
902 2133 1148 2193 inuicem
1178 2130 1483 2193 exhortari*
1523 2134 1596 2192 ad
1646 2133 2046 2193 illustrandam
2074 2132 2303 2191 Domini
2349 2132 2613 2206 gloriam,

362 2237 526 2297 cuius
556 2236 794 2295 titulum
825 2240 885 2296 et
913 2235 1168 2311 insignia
1197 2237 1468 2311 gerimus.
1505 2238 1862 2311 praestemus
1892 2236 1983 2295 illi
2011 2234 2350 2311 martyrium
2401 2235 2462 2294 in
2512 2252 2613 2295 suo

361 2340 602 2415 quisque
632 2342 789 2399 statu
819 2343 880 2400 et
910 2339 1130 2413 ordine,
1175 2357 1290 2399 non
1321 2339 1503 2400 solum
1533 2340 1596 2399 in
1628 2336 1911 2424 aduersis2
1955 2355 2155 2399 uerum
2186 2338 2359 2398 etiam
2388 2338 2451 2397 in
2478 2355 2614 2412 pro-

361 2444 563 2517 speris.
622 2443 682 2501 in
735 2444 996 2502 aduersis
1050 2460 1426 2517 agnoscamus
1475 2460 1723 2503 amorem
1774 2443 1958 2518 patris
2008 2440 2357 2516 flagellantis
2401 2458 2507 2502 nos
2538 2441 2613 2500 ad

355 2547 765 2609 correctionem
798 2549 858 2606 et
887 2546 1107 2622 gratias
1137 2564 1372 2622 agamus
1403 2546 1633 2608 caritati
1664 2564 1778 2620 qua
1804 2545 1999 2622 diligit
2028 2562 2131 2606 nos
2162 2547 2229 2604 ut
2256 2543 2403 2605 filios
2422 2591 2439 2619 ‚
2473 2561 2613 2620 quos

284 2667 338 2708 πο
362 2652 627 2711 abdicare
657 2668 772 2710 non
802 2650 930 2711 uult
960 2652 1062 2711 sed
1093 2652 1422 2711 emendatos
1453 2650 1724 2725 recipere.
1752 2651 1834 2738 ,ιιι
1862 2648 2154 2725 prosperis
2183 2665 2360 2724 aeque
2391 2649 2613 2723 gratias

357 2771 596 2829 agamus
623 2754 786 2814 illius
816 2753 1083 2828 bonitati,
1106 2772 1220 2829 qua
1251 2755 1579 2814 consolatur
1599 2772 1705 2816 nos
1722 2757 1790 2813 ut
1819 2753 2201 2813 tentationum
2230 2752 2453 2827 pondus
2474 2769 2610 2826 pos-

357 2857 535 2917 simus
565 2858 879 2918 sustincre:
912 2857 998 2916 ita
1026 2856 1127 2917 fiet
1156 2860 1222 2917 ut
1253 2859 1377 2918 tota
1407 2857 1530 2917 uita
1559 2860 1757 2918 nostra
1786 2857 1935 2917 nihil
1966 2855 2121 2916 aliud
2144 2857 2223 2916 sit
2253 2873 2422 2929 quam
2443 2855 2612 2915 testi-

339 2962 626 3046 monium,
661 2961 962 3022 declarans
992 2961 1144 3036 apud
1173 2962 1469 3023 credentes
1499 2964 1558 3021 et
1587 2961 1909 3022 incredulos
1940 2960 2279 3035 sapientiam
2301 2958 2613 3020 bonitatem

355 3065 802 3137 misericordiam
833 3082 900 3125 ac
929 3065 1230 3126 ueritatem
1259 3063 1365 3124 Dei
1411 3064 1593 3139 patris
1647 3068 1706 3124 et
1759 3064 1863 3124 filii
1908 3064 2069 3124 illius
2114 3065 2246 3124 Iesu
2278 3066 2337 3124 et
2368 3063 2613 3137 Spiritus

283 3187 335 3228 2⁵
357 3168 563 3228 sancti.
594 3186 777 3229 amen.

495 3389 528 3442 9
565 3387 624 3442 Π
659 3388 792 3457 Reg.
829 3389 912 3452 15,
948 3387 1033 3443 26.
