3217 5150
684 510 774 563 De
808 507 1312 577 singularitate
1347 506 1755 560 clericorum
1792 521 1834 559 c.
1873 504 2095 560 33--36.
2386 508 2507 571 211

263 674 330 729 ut
359 670 458 744 qui
489 670 633 727 bene
665 684 838 742 agere
867 668 1192 727 laboramus
1235 666 1387 724 inter
1417 664 1675 723 luxurias
1705 682 2009 738 euagemur
2040 668 2100 725 et
2130 664 2514 725 discurramus

261 791 364 847 per
416 772 650 831 semitas
703 773 1093 845 peccatorum,
1159 768 1482 827 retinacula
1526 768 1883 827 dimittamus
1929 772 1989 827 et
2031 769 2196 827 frena
2238 768 2513 829 laxemus.

265 892 462 935 eamus
492 890 842 948 quacumque
871 891 974 931 nos
1005 872 1246 931 mundus
1275 870 1583 930 abstulerit
1614 874 1673 930 et
1701 871 2039 946 ubicumque
2071 872 2333 932 diabolus
2360 872 2514 933 inui-

265 979 512 1049 tauerit,
565 977 744 1036 libere
793 976 1137 1035 fornicemur
1187 974 1546 1034 inuideamus
1596 974 1886 1047 rapiamus
1938 974 2296 1048 fraudemuS,
2331 977 2519 1036 omnia

219 1102 246 1141 ⁵
264 1083 422 1142 mala
465 1082 651 1141 securi
696 1081 1144 1139 committamus:
1204 1079 1545 1154 martyrium
1591 1079 1892 1138 subueniet
1944 1080 2003 1136 et
2056 1080 2377 1140 suademus,
2438 1080 2523 1141 sic

263 1186 422 1245 enim
449 1185 666 1244 Paulus
698 1183 990 1258 apostolus
1020 1182 1350 1258 pollicetur:
1412 1182 1771 1241 faciamus
1833 1182 2023 1241 mala
2080 1183 2158 1241 ut
2216 1184 2522 1243 ueniant

267 1290 481 1347 bona:
514 1304 602 1363 qu
619 1305 810 1347 orum
841 1286 1206 1346 damnatio
1236 1286 1442 1345 iusta
1471 1288 1602 1347 est.
1636 1285 1770 1345 hnic
1797 1285 2071 1361 martyrio
2100 1302 2261 1361 spem
2288 1268 2523 1346 tradant

269 1408 414 1465 quos
442 1388 835 1449 mathematici
865 1390 1179 1449 docuerunt
1207 1390 1414 1448 habere
1469 1391 1537 1448 de
1583 1389 1833 1448 crastino
1862 1389 2299 1464 praescientiam
2330 1392 2389 1449 et
2416 1391 2521 1449 has

269 1510 512 1554 coronas
565 1494 864 1567 expectent
907 1492 1006 1568 qui
1049 1509 1223 1566 supra
1251 1492 1488 1566 angelos
1534 1495 1594 1551 et
1626 1492 1909 1551 Christum
1948 1509 2049 1567 per
2078 1493 2400 1566 astrologos
2428 1493 2520 1552 di-

199 1616 250 1653 ιο
272 1596 536 1657 dicerunt
566 1597 712 1656 scire
741 1600 998 1670 tempora
1028 1614 1172 1672 quae
1202 1598 1367 1671 pater
1395 1596 1458 1654 in
1480 1613 1585 1655 sua
1615 1596 1807 1670 posuit
1837 1598 2141 1670 potestate,
2168 1600 2235 1655 ut
2263 1597 2359 1656 uel
2386 1599 2525 1656 tunc

269 1702 639 1761 recordentur
668 1702 800 1759 ante
831 1700 1088 1775 martyrii
1118 1702 1343 1773 tempus
1374 1701 1518 1760 bene
1549 1716 1722 1773 agere
1754 1700 2036 1772 debuisse,
2068 1683 2195 1760 cum
2226 1700 2374 1759 diem
2406 1700 2522 1760 Do-

271 1804 417 1863 mini
445 1804 728 1863 senserint
757 1803 906 1863 sicut
934 1804 1137 1863 furem.
1183 1805 1284 1862 sed
1316 1804 1614 1863 credamus
1657 1820 1828 1877 super
1872 1802 2004 1863 illos
2046 1804 2383 1877 martyrium
2413 1803 2527 1863 iam

267 1906 498 1979 iamque
526 1909 792 1981 pendere.
825 1906 1056 1966 interim
1086 1906 1422 1981 priusquam
1451 1908 1730 1981 martyres
1760 1906 1919 1978 fiant,
1952 1906 2181 1981 legibus
2212 1906 2525 1979 subiacent,

273 2012 341 2069 ut
369 2010 579 2069 iudicio
611 2010 984 2082 subiciantur,
1016 2010 1129 2068 nisi
1159 2010 1333 2069 armis
1365 2013 1746 2069 exarmentur.
1778 2011 2047 2069 audaciae
2077 2010 2241 2069 nefas
2272 2013 2361 2070 est
2402 2010 2527 2069 illis

201 2135 250 2175 ιε»
277 2114 556 2173 aduersus
585 2114 984 2173 auctoritatem
1013 2113 1240 2173 Domini
1269 2116 1574 2187 parentum
1593 2130 1866 2189 personas
1892 2114 2140 2173 obicere:
2174 2113 2382 2187 quibus
2404 2113 2527 2188 ipse

281 2216 564 2276 Dominus
593 2216 1058 2276 contradictionis
1090 2217 1260 2276 huius
1291 2217 1536 2276 abstulit
1565 2233 1779 2277 uocem.
1840 2217 1911 2275 in
1971 2216 2377 2291 legalibus,
2438 2217 2530 2273 in-

281 2320 438 2392 quit,
497 2322 784 2393 patrum
853 2322 1270 2379 uestrorum
1340 2320 1584 2379 nolite
1657 2320 2030 2379 ambulare
2102 2322 2171 2379 et
2230 2320 2531 2379 iustifi-

275 2422 613 2482 cationes
673 2440 907 2483 eorum
965 2422 1200 2484 nolite
1255 2423 1639 2484 custodire
1690 2428 1760 2483 et
1816 2423 1889 2481 in
1948 2423 2229 2483 studiis
2290 2441 2533 2487 eorum

274 2525 516 2588 nolite
575 2529 1027 2590 commisceri
1086 2532 1156 2588 et
1213 2527 1449 2588 nolite
1521 2528 1915 2604 inquinari.
2001 2547 2128 2606 ego
2189 2529 2532 2590 Dominus

203 2631 470 2691 20Deus
528 2635 802 2691 uester.
876 2633 949 2690 in
1007 2633 1437 2706 praeceptis
1511 2633 1687 2692 meis
1747 2633 2117 2692 ambulate
2178 2637 2250 2692 et
2307 2633 2530 2692 iusti-

275 2733 686 2794 ficationes
730 2753 920 2800 meas
967 2736 1354 2795 custodite.

366 2839 564 2897 Sciant
593 2857 744 2897 nunc
774 2839 1038 2913 adempta
1081 2839 1196 2899 sibi
1227 2857 1351 2899 esse
1402 2839 1721 2913 parentalia
1750 2840 2066 2913 patrocinia
2096 2842 2194 2914 qui
2223 2841 2337 2899 huc
2361 2842 2531 2914 atque
2553 2833 2633 2891 36

279 2940 426 3000 illuc
467 2943 822 3000 recurrentes
854 2942 1362 3003 contradictionum
1392 2941 1648 3002 latebras
1681 2945 1989 3016 quaerunt,
2036 2961 2107 3002 ne
2152 2961 2418 3017 umquam
2446 2944 2532 3003 fe-

280 3046 454 3104 minis
479 3049 738 3106 careant:
772 3048 829 3106 et
859 3047 994 3121 quia
1015 3047 1264 3122 undique
1294 3047 1639 3106 defensionis
1661 3048 1931 3122 suffragio
1954 3048 2311 3132 deseruntur,
2342 3048 2403 3105 in
2432 3063 2535 3106 no-

213 3149 521 3208 25uissimo
553 3151 772 3209 cunctis
804 3150 1156 3223 argumentis
1189 3151 1490 3210 exhaustis
1520 3151 1863 3210 sententiam
1875 3151 2039 3210 Pauli
2064 3147 2314 3227 ¹apostoli
2344 3151 2537 3224 opitu-

285 3252 399 3311 lari
429 3252 540 3312 sibi
571 3253 874 3326 opinantur
905 3257 963 3312 et
995 3254 1220 3312 dicunt:
1282 3256 1366 3312 tu
1425 3255 1546 3327 qui
1609 3272 1716 3326 ee,
1777 3257 1853 3311 ut
1904 3255 1983 3312 de
2028 3271 2244 3314 seruo
2291 3253 2538 3314 alieno

281 3355 616 3414 iudices?
679 3358 937 3430 agnoscit
989 3357 1250 3431 equidem
1299 3358 1514 3416 Paulus
1569 3357 1863 3432 apostolus
1914 3357 2341 3417 constitutionis
2395 3373 2533 3416 suae

283 3459 468 3518 uerba
496 3460 718 3532 prolata
743 3506 757 3532 ‚
809 3461 908 3518 sed
939 3461 1465 3520 constitutionarios
1498 3463 1555 3520 et
1584 3460 1901 3534 prolatores
1932 3461 2087 3534 ipsos
2117 3461 2363 3534 ignorat.
2420 3459 2538 3518 illis

283 3564 436 3622 enim
468 3564 712 3623 contulit
743 3565 1124 3625 defensionem
1153 3565 1252 3639 qui
1282 3565 1498 3624 nullam
1522 3569 1743 3637 partem
1772 3565 1921 3638 legis
1943 3565 2283 3639 inpugnant,
2316 3563 2375 3620 et
2397 3562 2539 3636 ipsis

209 3687 266 3724 30
286 3667 498 3726 tribuit
525 3667 900 3741 patrocinium
930 3668 1030 3741 qui
1060 3686 1126 3727 ex
1157 3670 1289 3728 uoto
1320 3685 1421 3727 suo
1453 3667 1673 3741 aliquid
1716 3667 1936 3727 faciunt
1978 3684 2083 3726 nec
2112 3665 2413 3741 quicquam
2445 3683 2541 3725 ec-

426 3939 462 3992 6
495 3937 647 3992 Rom.
686 3937 740 4000 3,
776 3938 824 3990 8.
1040 3937 1106 3991 16
1142 3937 1230 3990 Ez.
1267 3939 1352 4002 20,
1393 3937 1472 3991 18.
1511 3937 1592 3992 19.
1802 3938 1871 3990 26
1904 3937 2055 3990 Rom.
2096 3937 2175 4000 14,
2212 3936 2263 3990 4.

427 4178 462 4230 2
496 4179 551 4232 et
587 4177 756 4248 frena]
794 4177 946 4232 frena
989 4179 1034 4234 C
1237 4179 1270 4233 5
1307 4178 1562 4232 subuenit
1597 4179 1665 4234 0ι
1872 4179 1951 4232 sic
1986 4195 2055 4232 eae
2090 4179 2141 4232 si
2184 4180 2228 4234 Ο
2419 4180 2454 4233 8
2490 4182 2549 4233 et

287 4264 394 4316 has
435 4263 492 4326 Ο,
531 4263 628 4318 has
664 4282 697 4320 v
881 4265 915 4316 9
951 4281 1106 4332 super
1142 4281 1174 4318 v
1231 4312 1240 4322 .
1362 4265 1430 4320 10
1463 4268 1528 4318 ut
1571 4265 1619 4320 Ο
1648 4282 1685 4318 ιι
1718 4266 1782 4319 in
1816 4281 1923 4319 ras.
2114 4265 2179 4318 18
2214 4268 2272 4320 in
2308 4282 2407 4320 om.
2444 4282 2479 4318 v

285 4349 362 4404 24
393 4349 452 4402 in
488 4367 586 4402 om.
622 4366 656 4402 v
814 4350 1134 4406 nouissimo·
1177 4351 1236 4414 Ο,
1270 4351 1582 4405 nouissimis
1617 4368 1651 4405 υ
1811 4352 1880 4406 25
1916 4351 2163 4405 exhausti
2200 4353 2477 4406 Baluziue

287 4435 365 4491 26
403 4435 522 4501 quis
557 4451 611 4488 es
649 4438 714 4490 ut
750 4436 809 4500 Ο,
847 4437 938 4504 qui
973 4452 1028 4490 es
1069 4437 1161 4504 qui
1199 4453 1258 4499 υς
1295 4437 1366 4502 cf.
1403 4440 1536 4504 212,
1573 4443 1608 4492 6

1992 4531 2071 4589 14
2103 4531 2135 4566 *
