<?xml version="1.0" encoding="UTF-8"?>
<!DOCTYPE html PUBLIC "-//W3C//DTD XHTML 1.0 Transitional//EN"
    "http://www.w3.org/TR/xhtml1/DTD/xhtml1-transitional.dtd">
<html xmlns="http://www.w3.org/1999/xhtml" xml:lang="en" lang="en">
 <head>
  <title>
</title>
<meta http-equiv="Content-Type" content="text/html;charset=utf-8" />
  <meta name='ocr-system' content='tesseract 3.04.00' />
  <meta name='ocr-capabilities' content='ocr_page ocr_carea ocr_par ocr_line ocrx_word'/>
</head>
<body>
  <div class='ocr_page' id='page_1' title='image "./corpusscriptoru29wissgoog_0447.png"; bbox 0 0 3217 5150; ppageno 0'>
   <div class='ocr_carea' id='block_1_1' title="bbox 2465 537 2544 585">
    <p class='ocr_par' dir='ltr' id='par_1_1' title="bbox 2465 537 2544 585">
     <span class='ocr_line' id='line_1_1' title="bbox 2465 537 2544 585; baseline -0.013 0"><span class='ocrx_word' id='word_1_1' title='bbox 2465 537 2544 585; x_wconf 82' lang='lat' dir='ltr'><strong>lx</strong></span> 
     </span>
    </p>
   </div>
   <div class='ocr_carea' id='block_1_2' title="bbox 284 673 2873 2210">
    <p class='ocr_par' dir='ltr' id='par_1_2' title="bbox 284 673 2545 868">
     <span class='ocr_line' id='line_1_2' title="bbox 285 673 2545 761; baseline -0.001 -19"><span class='ocrx_word' id='word_1_2' title='bbox 285 676 512 760; x_wconf 89' lang='lat' dir='ltr'><strong>quibus</strong></span> <span class='ocrx_word' id='word_1_3' title='bbox 570 675 754 741; x_wconf 90' lang='lat' dir='ltr'><strong>rebus</strong></span> <span class='ocrx_word' id='word_1_4' title='bbox 791 676 1132 761; x_wconf 41' lang='lat' dir='ltr'><strong>,permotus</strong></span> <span class='ocrx_word' id='word_1_5' title='bbox 1187 693 1383 758; x_wconf 86' lang='lat' dir='ltr'><strong>pauca</strong></span> <span class='ocrx_word' id='word_1_6' title='bbox 1435 676 1691 741; x_wconf 83' lang='lat' dir='ltr'><strong>tantum</strong></span> <span class='ocrx_word' id='word_1_7' title='bbox 1748 693 1941 757; x_wconf 89' lang='lat' dir='ltr'><strong>eaque</strong></span> <span class='ocrx_word' id='word_1_8' title='bbox 1991 673 2349 741; x_wconf 75' lang='lat' dir='ltr'><strong>dubitanter</strong></span> <span class='ocrx_word' id='word_1_9' title='bbox 2402 674 2545 739; x_wconf 89' lang='lat' dir='ltr'><strong>inde</strong></span> 
     </span>
     <span class='ocr_line' id='line_1_3' title="bbox 284 804 505 868; baseline 0 -17"><span class='ocrx_word' id='word_1_10' title='bbox 284 804 505 868; x_wconf 78' lang='lat' dir='ltr'><strong>recepi.</strong></span> 
     </span>
    </p>

    <p class='ocr_par' dir='ltr' id='par_1_3' title="bbox 287 876 2873 2210">
     <span class='ocr_line' id='line_1_4' title="bbox 376 876 2541 983; baseline -0.001 -21"><span class='ocrx_word' id='word_1_11' title='bbox 376 876 545 963; x_wconf 83' lang='lat' dir='ltr'><strong>Huic</strong></span> <span class='ocrx_word' id='word_1_12' title='bbox 575 898 970 963; x_wconf 83' lang='lat' dir='ltr'><strong>Taurinensis</strong></span> <span class='ocrx_word' id='word_1_13' title='bbox 1012 898 1422 965; x_wconf 86' lang='lat' dir='ltr'><strong>bibliothecae</strong></span> <span class='ocrx_word' id='word_1_14' title='bbox 1463 898 1813 983; x_wconf 75' lang='lat' dir='ltr'><strong>fragmento</strong></span> <span class='ocrx_word' id='word_1_15' title='bbox 1856 897 2193 981; x_wconf 86' lang='lat' dir='ltr'><strong>adiungam</strong></span> <span class='ocrx_word' id='word_1_16' title='bbox 2234 896 2353 961; x_wconf 88' lang='lat' dir='ltr'><strong>duo</strong></span> <span class='ocrx_word' id='word_1_17' title='bbox 2384 914 2541 977; x_wconf 90' lang='lat' dir='ltr'><strong>quae</strong></span> 
     </span>
     <span class='ocr_line' id='line_1_5' title="bbox 289 1006 2863 1096; baseline -0.002 -21"><span class='ocrx_word' id='word_1_18' title='bbox 289 1009 412 1075; x_wconf 89' lang='lat' dir='ltr'><strong>uiri</strong></span> <span class='ocrx_word' id='word_1_19' title='bbox 443 1009 788 1076; x_wconf 74' lang='lat' dir='ltr'><strong>doctissimi</strong></span> <span class='ocrx_word' id='word_1_20' title='bbox 811 1008 1015 1073; x_wconf 87' lang='lat' dir='ltr'><strong>Noltii</strong></span> <span class='ocrx_word' id='word_1_21' title='bbox 1043 1009 1414 1075; x_wconf 83' lang='lat' dir='ltr'><strong>liberalitati</strong></span> <span class='ocrx_word' id='word_1_22' title='bbox 1445 1009 1669 1075; x_wconf 85' lang='lat' dir='ltr'><strong>debeo:</strong></span> <span class='ocrx_word' id='word_1_23' title='bbox 1700 1027 1893 1074; x_wconf 88' lang='lat' dir='ltr'><strong>unum</strong></span> <span class='ocrx_word' id='word_1_24' title='bbox 1918 1007 2027 1096; x_wconf 90' lang='grc' dir='ltr'><strong>(Ο)</strong></span> <span class='ocrx_word' id='word_1_25' title='bbox 2054 1008 2218 1090; x_wconf 89' lang='lat' dir='ltr'><strong>quod</strong></span> <span class='ocrx_word' id='word_1_26' title='bbox 2246 1008 2312 1073; x_wconf 90' lang='lat' dir='ltr'><strong>in</strong></span> <span class='ocrx_word' id='word_1_27' title='bbox 2338 1006 2545 1074; x_wconf 88' lang='lat' dir='ltr'><strong>codice</strong></span> <span class='ocrx_word' id='word_1_28' title='bbox 2560 1030 2863 1083; x_wconf 71' lang='lat' dir='ltr'><strong>Fragmentum</strong></span> 
     </span>
     <span class='ocr_line' id='line_1_6' title="bbox 287 1098 2873 1235; baseline -0.001 -49"><span class='ocrx_word' id='word_1_29' title='bbox 287 1120 722 1186; x_wconf 78' lang='lat' dir='ltr'><strong>Aurelianensi</strong></span> <span class='ocrx_word' id='word_1_30' title='bbox 768 1120 886 1185; x_wconf 87' lang='lat'><strong>131</strong></span> <span class='ocrx_word' id='word_1_31' title='bbox 937 1120 1090 1185; x_wconf 78' lang='lat' dir='ltr'><strong>olim</strong></span> <span class='ocrx_word' id='word_1_32' title='bbox 1119 1120 1498 1187; x_wconf 72' lang='lat' dir='ltr'><strong>moriacensi</strong></span> <span class='ocrx_word' id='word_1_33' title='bbox 1540 1120 1647 1207; x_wconf 79' lang='lat' dir='ltr'><strong>(cf.</strong></span> <span class='ocrx_word' id='word_1_34' title='bbox 1679 1120 1919 1186; x_wconf 75' lang='lat' dir='ltr'><strong>Haenel</strong></span> <span class='ocrx_word' id='word_1_35' title='bbox 1948 1140 2007 1204; x_wconf 80' lang='lat' dir='ltr'><strong>p.</strong></span> <span class='ocrx_word' id='word_1_36' title='bbox 2041 1120 2193 1197; x_wconf 80' lang='lat'>273)</span> <span class='ocrx_word' id='word_1_37' title='bbox 2235 1119 2342 1202; x_wconf 87' lang='lat' dir='ltr'><strong>qui</strong></span> <span class='ocrx_word' id='word_1_38' title='bbox 2386 1136 2542 1185; x_wconf 75' lang='lat' dir='ltr'><strong>saec.</strong></span> <span class='ocrx_word' id='word_1_39' title='bbox 2564 1098 2873 1235; x_wconf 57' lang='lat' dir='ltr'><strong>*fflgffl‘*</strong></span> 
     </span>
     <span class='ocr_line' id='line_1_7' title="bbox 289 1230 2546 1319; baseline -0.001 -21"><span class='ocrx_word' id='word_1_40' title='bbox 289 1232 414 1298; x_wconf 87' lang='lat' dir='ltr'><strong>VH</strong></span> <span class='ocrx_word' id='word_1_41' title='bbox 469 1252 604 1298; x_wconf 89' lang='lat' dir='ltr'><strong>esse</strong></span> <span class='ocrx_word' id='word_1_42' title='bbox 657 1232 886 1298; x_wconf 78' lang='lat' dir='ltr'><strong>dicitur</strong></span> <span class='ocrx_word' id='word_1_43' title='bbox 937 1233 1264 1299; x_wconf 90' lang='lat' dir='ltr'><strong>inuentum</strong></span> <span class='ocrx_word' id='word_1_44' title='bbox 1313 1233 1631 1319; x_wconf 87' lang='lat' dir='ltr'><strong>integrum</strong></span> <span class='ocrx_word' id='word_1_45' title='bbox 1682 1230 1782 1297; x_wconf 89' lang='lat' dir='ltr'><strong>De</strong></span> <span class='ocrx_word' id='word_1_46' title='bbox 1829 1230 2210 1296; x_wconf 67' lang='lat' dir='ltr'><strong>mortalitate</strong></span> <span class='ocrx_word' id='word_1_47' title='bbox 2256 1230 2546 1296; x_wconf 89' lang='lat' dir='ltr'><strong>libellum</strong></span> 
     </span>
     <span class='ocr_line' id='line_1_8' title="bbox 289 1328 2549 1429; baseline -0.001 -20"><span class='ocrx_word' id='word_1_48' title='bbox 289 1346 354 1410; x_wconf 92' lang='lat' dir='ltr'><strong>et</strong></span> <span class='ocrx_word' id='word_1_49' title='bbox 383 1344 630 1429; x_wconf 87' lang='lat' dir='ltr'><strong>partem</strong></span> <span class='ocrx_word' id='word_1_50' title='bbox 673 1342 982 1429; x_wconf 83' lang='lat' dir='ltr'><strong>epistulae</strong></span> <span class='ocrx_word' id='word_1_51' title='bbox 1010 1344 1094 1409; x_wconf 86' lang='lat'><strong>63</strong></span> <span class='ocrx_word' id='word_1_52' title='bbox 1123 1328 1418 1409; x_wconf 81' lang='lat' dir='ltr'><strong>continet.</strong></span> <span class='ocrx_word' id='word_1_53' title='bbox 1457 1344 1526 1408; x_wconf 90' lang='lat' dir='ltr'><strong>in</strong></span> <span class='ocrx_word' id='word_1_54' title='bbox 1554 1343 1985 1409; x_wconf 83' lang='lat' dir='ltr'><strong>constituenda</strong></span> <span class='ocrx_word' id='word_1_55' title='bbox 2024 1341 2285 1407; x_wconf 88' lang='lat' dir='ltr'><strong>lectione</strong></span> <span class='ocrx_word' id='word_1_56' title='bbox 2313 1340 2549 1406; x_wconf 85' lang='lat' dir='ltr'><strong>nullius</strong></span> 
     </span>
     <span class='ocr_line' id='line_1_9' title="bbox 288 1452 2544 1539; baseline -0.002 -19"><span class='ocrx_word' id='word_1_57' title='bbox 288 1455 414 1522; x_wconf 87' lang='lat' dir='ltr'><strong>fere</strong></span> <span class='ocrx_word' id='word_1_58' title='bbox 457 1456 759 1521; x_wconf 85' lang='lat' dir='ltr'><strong>momenti</strong></span> <span class='ocrx_word' id='word_1_59' title='bbox 805 1456 936 1521; x_wconf 91' lang='lat' dir='ltr'><strong>erat</strong></span> <span class='ocrx_word' id='word_1_60' title='bbox 981 1474 1210 1539; x_wconf 86' lang='lat' dir='ltr'><strong>magna</strong></span> <span class='ocrx_word' id='word_1_61' title='bbox 1251 1474 1360 1520; x_wconf 85' lang='lat' dir='ltr'><strong>nec</strong></span> <span class='ocrx_word' id='word_1_62' title='bbox 1403 1454 1588 1520; x_wconf 87' lang='lat' dir='ltr'><strong>laude</strong></span> <span class='ocrx_word' id='word_1_63' title='bbox 1632 1474 1745 1520; x_wconf 89' lang='lat' dir='ltr'><strong>nec</strong></span> <span class='ocrx_word' id='word_1_64' title='bbox 1786 1454 2239 1537; x_wconf 84' lang='lat' dir='ltr'><strong>uituperatione</strong></span> <span class='ocrx_word' id='word_1_65' title='bbox 2265 1452 2544 1537; x_wconf 88' lang='lat' dir='ltr'><strong>dignum.</strong></span> 
     </span>
     <span class='ocr_line' id='line_1_10' title="bbox 287 1563 2549 1651; baseline -0.002 -19"><span class='ocrx_word' id='word_1_66' title='bbox 287 1567 560 1633; x_wconf 88' lang='lat' dir='ltr'><strong>alterum</strong></span> <span class='ocrx_word' id='word_1_67' title='bbox 616 1586 736 1650; x_wconf 88' lang='lat' dir='ltr'><strong>quo</strong></span> <span class='ocrx_word' id='word_1_68' title='bbox 779 1587 922 1651; x_wconf 90' lang='lat' dir='ltr'><strong>pars</strong></span> <span class='ocrx_word' id='word_1_69' title='bbox 969 1567 1176 1633; x_wconf 90' lang='lat' dir='ltr'><strong>libelli</strong></span> <span class='ocrx_word' id='word_1_70' title='bbox 1221 1566 1332 1631; x_wconf 76' lang='lat' dir='ltr'><strong>Aa</strong></span> <span class='ocrx_word' id='word_1_71' title='bbox 1377 1564 1709 1631; x_wconf 73' lang='lat' dir='ltr'><strong>Donatum</strong></span> <span class='ocrx_word' id='word_1_72' title='bbox 1760 1566 2044 1632; x_wconf 87' lang='lat' dir='ltr'><strong>seruatur</strong></span> <span class='ocrx_word' id='word_1_73' title='bbox 2087 1565 2197 1630; x_wconf 92' lang='lat' dir='ltr'><strong>ubi</strong></span> <span class='ocrx_word' id='word_1_74' title='bbox 2240 1563 2549 1629; x_wconf 88' lang='lat' dir='ltr'><strong>inuenerit</strong></span> 
     </span>
     <span class='ocr_line' id='line_1_11' title="bbox 287 1666 2547 1759; baseline -0.003 -16"><span class='ocrx_word' id='word_1_75' title='bbox 287 1677 352 1743; x_wconf 84' lang='lat' dir='ltr'>N</span> <span class='ocrx_word' id='word_1_76' title='bbox 349 1679 476 1745; x_wconf 86' lang='lat' dir='ltr'><strong>olte</strong></span> <span class='ocrx_word' id='word_1_77' title='bbox 533 1680 758 1759; x_wconf 84' lang='lat' dir='ltr'><strong>nesci0‚</strong></span> <span class='ocrx_word' id='word_1_78' title='bbox 818 1679 927 1745; x_wconf 90' lang='lat' dir='ltr'><strong>sed</strong></span> <span class='ocrx_word' id='word_1_79' title='bbox 980 1679 1210 1744; x_wconf 87' lang='lat' dir='ltr'><strong>litteris</strong></span> <span class='ocrx_word' id='word_1_80' title='bbox 1275 1666 1624 1743; x_wconf 74' lang='lat' dir='ltr'><strong>uncialibus</strong></span> <span class='ocrx_word' id='word_1_81' title='bbox 1683 1680 2007 1744; x_wconf 82' lang='lat' dir='ltr'><strong>exaratum</strong></span> <span class='ocrx_word' id='word_1_82' title='bbox 2064 1696 2197 1743; x_wconf 88' lang='lat' dir='ltr'><strong>esse</strong></span> <span class='ocrx_word' id='word_1_83' title='bbox 2254 1674 2547 1741; x_wconf 86' lang='lat' dir='ltr'><strong>affirmat.</strong></span> 
     </span>
     <span class='ocr_line' id='line_1_12' title="bbox 289 1787 2550 1874; baseline -0.001 -19"><span class='ocrx_word' id='word_1_84' title='bbox 289 1790 630 1873; x_wconf 88' lang='lat' dir='ltr'><strong>scripturas</strong></span> <span class='ocrx_word' id='word_1_85' title='bbox 673 1789 805 1856; x_wconf 85' lang='lat' dir='ltr'><strong>eius</strong></span> <span class='ocrx_word' id='word_1_86' title='bbox 847 1808 982 1856; x_wconf 89' lang='lat' dir='ltr'><strong>sero</strong></span> <span class='ocrx_word' id='word_1_87' title='bbox 1026 1791 1306 1874; x_wconf 85' lang='lat' dir='ltr'><strong>acceptas</strong></span> <span class='ocrx_word' id='word_1_88' title='bbox 1347 1807 1490 1855; x_wconf 86' lang='lat' dir='ltr'><strong>cum</strong></span> <span class='ocrx_word' id='word_1_89' title='bbox 1517 1789 1586 1854; x_wconf 90' lang='lat' dir='ltr'><strong>in</strong></span> <span class='ocrx_word' id='word_1_90' title='bbox 1616 1788 2081 1856; x_wconf 85' lang='lat' dir='ltr'><strong>adnotationem</strong></span> <span class='ocrx_word' id='word_1_91' title='bbox 2109 1806 2313 1853; x_wconf 89' lang='lat' dir='ltr'><strong>meam</strong></span> <span class='ocrx_word' id='word_1_92' title='bbox 2346 1787 2550 1853; x_wconf 86' lang='lat' dir='ltr'><strong>trans-</strong></span> 
     </span>
     <span class='ocr_line' id='line_1_13' title="bbox 287 1898 2550 1985; baseline -0.002 -18"><span class='ocrx_word' id='word_1_93' title='bbox 287 1901 552 1967; x_wconf 77' lang='lat' dir='ltr'><strong>scribere</strong></span> <span class='ocrx_word' id='word_1_94' title='bbox 600 1918 723 1967; x_wconf 90' lang='lat' dir='ltr'><strong>non</strong></span> <span class='ocrx_word' id='word_1_95' title='bbox 773 1921 1036 1985; x_wconf 86' lang='lat' dir='ltr'><strong>possem,</strong></span> <span class='ocrx_word' id='word_1_96' title='bbox 1095 1922 1174 1968; x_wconf 91' lang='lat' dir='ltr'><strong>ne</strong></span> <span class='ocrx_word' id='word_1_97' title='bbox 1224 1901 1376 1984; x_wconf 90' lang='lat' dir='ltr'><strong>quid</strong></span> <span class='ocrx_word' id='word_1_98' title='bbox 1429 1921 1568 1967; x_wconf 88' lang='lat' dir='ltr'><strong>mea</strong></span> <span class='ocrx_word' id='word_1_99' title='bbox 1626 1902 1809 1983; x_wconf 88' lang='lat' dir='ltr'><strong>culpa</strong></span> <span class='ocrx_word' id='word_1_100' title='bbox 1860 1899 2021 1967; x_wconf 89' lang='lat' dir='ltr'><strong>esset</strong></span> <span class='ocrx_word' id='word_1_101' title='bbox 2070 1899 2391 1977; x_wconf 85' lang='lat' dir='ltr'><strong>omissum,</strong></span> <span class='ocrx_word' id='word_1_102' title='bbox 2449 1898 2550 1963; x_wconf 91' lang='lat' dir='ltr'><strong>hic</strong></span> 
     </span>
     <span class='ocr_line' id='line_1_14' title="bbox 291 2010 2551 2098; baseline -0.002 -19"><span class='ocrx_word' id='word_1_103' title='bbox 291 2012 546 2079; x_wconf 84' lang='lat' dir='ltr'><strong>subieci.</strong></span> <span class='ocrx_word' id='word_1_104' title='bbox 581 2012 804 2097; x_wconf 77' lang='lat' dir='ltr'><strong>incipit</strong></span> <span class='ocrx_word' id='word_1_105' title='bbox 836 2014 1260 2098; x_wconf 82' lang='lat' dir='ltr'><strong>fragmentum</strong></span> <span class='ocrx_word' id='word_1_106' title='bbox 1281 2032 1318 2079; x_wconf 87' lang='lat' dir='ltr'><strong>a</strong></span> <span class='ocrx_word' id='word_1_107' title='bbox 1340 2011 1550 2079; x_wconf 88' lang='lat' dir='ltr'><strong>uerbis</strong></span> <span class='ocrx_word' id='word_1_108' title='bbox 1579 2031 1686 2077; x_wconf 82' lang='lat' dir='ltr'><strong>ros</strong></span> <span class='ocrx_word' id='word_1_109' title='bbox 1712 2011 1791 2077; x_wconf 84' lang='lat' dir='ltr'><strong>in</strong></span> <span class='ocrx_word' id='word_1_110' title='bbox 1816 2012 1999 2077; x_wconf 72' lang='lat' dir='ltr'><strong>rebus</strong></span> <span class='ocrx_word' id='word_1_111' title='bbox 2028 2016 2135 2091; x_wconf 90' lang='lat'><strong>(=</strong></span> <span class='ocrx_word' id='word_1_112' title='bbox 2166 2030 2309 2095; x_wconf 85' lang='lat' dir='ltr'><strong>pag.</strong></span> <span class='ocrx_word' id='word_1_113' title='bbox 2338 2010 2551 2089; x_wconf 66' lang='lat'>1438)</span> 
     </span>
     <span class='ocr_line' id='line_1_15' title="bbox 287 2122 2551 2210; baseline -0.001 -21"><span class='ocrx_word' id='word_1_114' title='bbox 287 2124 601 2189; x_wconf 76' lang='lat' dir='ltr'><strong>sublimen</strong></span> <span class='ocrx_word' id='word_1_115' title='bbox 846 2144 986 2210; x_wconf 84' lang='lat' dir='ltr'><strong>pag.</strong></span> <span class='ocrx_word' id='word_1_116' title='bbox 1024 2126 1165 2204; x_wconf 85' lang='lat'>15‚1</span> <span class='ocrx_word' id='word_1_117' title='bbox 1197 2126 1379 2191; x_wconf 72' lang='lat' dir='ltr'><strong>intra</strong></span> <span class='ocrx_word' id='word_1_118' title='bbox 1409 2126 1482 2190; x_wconf 90' lang='lat' dir='ltr'><strong>ut</strong></span> <span class='ocrx_word' id='word_1_119' title='bbox 1511 2124 1679 2191; x_wconf 85' lang='lat' dir='ltr'><strong>edidi</strong></span> <span class='ocrx_word' id='word_1_120' title='bbox 1934 2125 1974 2190; x_wconf 94' lang='lat'>8</span> <span class='ocrx_word' id='word_1_121' title='bbox 2004 2124 2168 2205; x_wconf 73' lang='lat' dir='ltr'><strong>quod</strong></span> <span class='ocrx_word' id='word_1_122' title='bbox 2197 2143 2318 2189; x_wconf 93' lang='lat' dir='ltr'><strong>om.</strong></span> <span class='ocrx_word' id='word_1_123' title='bbox 2351 2122 2551 2205; x_wconf 88' lang='lat' dir='ltr'><strong>spatio</strong></span> 
     </span>
    </p>
   </div>
   <div class='ocr_carea' id='block_1_3' title="bbox 289 2234 2552 2541">
    <p class='ocr_par' dir='ltr' id='par_1_4' title="bbox 289 2234 2552 2541">
     <span class='ocr_line' id='line_1_16' title="bbox 290 2234 2552 2321; baseline -0.002 -18"><span class='ocrx_word' id='word_1_124' title='bbox 290 2254 486 2303; x_wconf 87' lang='lat' dir='ltr'><strong>uacuo</strong></span> <span class='ocrx_word' id='word_1_125' title='bbox 516 2238 558 2303; x_wconf 85' lang='lat'>5</span> <span class='ocrx_word' id='word_1_126' title='bbox 588 2237 718 2303; x_wconf 83' lang='lat' dir='ltr'><strong>litt.</strong></span> <span class='ocrx_word' id='word_1_127' title='bbox 749 2237 964 2303; x_wconf 87' lang='lat' dir='ltr'><strong>relicto</strong></span> <span class='ocrx_word' id='word_1_128' title='bbox 1255 2237 1332 2302; x_wconf 93' lang='lat'><strong>11</strong></span> <span class='ocrx_word' id='word_1_129' title='bbox 1364 2240 1435 2301; x_wconf 82' lang='lat' dir='ltr'><strong>at</strong></span> <span class='ocrx_word' id='word_1_130' title='bbox 1465 2254 1586 2301; x_wconf 92' lang='lat' dir='ltr'><strong>om.</strong></span> <span class='ocrx_word' id='word_1_131' title='bbox 1884 2237 1966 2301; x_wconf 88' lang='lat'><strong>14</strong></span> <span class='ocrx_word' id='word_1_132' title='bbox 1994 2254 2058 2300; x_wconf 85' lang='lat' dir='ltr'><strong>se</strong></span> <span class='ocrx_word' id='word_1_133' title='bbox 2085 2235 2291 2316; x_wconf 75' lang='lat' dir='ltr'><strong>incipi</strong></span> <span class='ocrx_word' id='word_1_134' title='bbox 2322 2234 2552 2321; x_wconf 72' lang='lat' dir='ltr'><strong>abscssse</strong></span> 
     </span>
     <span class='ocr_line' id='line_1_17' title="bbox 289 2346 2552 2429; baseline -0 -16"><span class='ocrx_word' id='word_1_135' title='bbox 289 2348 464 2415; x_wconf 78' lang='lat' dir='ltr'><strong>credi</strong></span> <span class='ocrx_word' id='word_1_136' title='bbox 694 2349 783 2415; x_wconf 82' lang='lat'><strong>20</strong></span> <span class='ocrx_word' id='word_1_137' title='bbox 811 2348 1002 2414; x_wconf 78' lang='lat' dir='ltr'><strong>nulla</strong></span> <span class='ocrx_word' id='word_1_138' title='bbox 1029 2368 1155 2415; x_wconf 85' lang='lat' dir='ltr'><strong>esse</strong></span> <span class='ocrx_word' id='word_1_139' title='bbox 1183 2368 1325 2415; x_wconf 81' lang='lat' dir='ltr'><strong>cam</strong></span> <span class='ocrx_word' id='word_1_140' title='bbox 1343 2348 1576 2429; x_wconf 74' lang='lat' dir='ltr'><strong>pote-rit</strong></span> <span class='ocrx_word' id='word_1_141' title='bbox 1605 2368 1750 2413; x_wconf 80' lang='lat' dir='ltr'><strong>cam</strong></span> <span class='ocrx_word' id='word_1_142' title='bbox 1778 2346 1960 2413; x_wconf 84' lang='lat' dir='ltr'><strong>semel</strong></span> <span class='ocrx_word' id='word_1_143' title='bbox 2185 2348 2267 2412; x_wconf 82' lang='lat'><strong>21</strong></span> <span class='ocrx_word' id='word_1_144' title='bbox 2298 2351 2552 2412; x_wconf 80' lang='lat' dir='ltr'><strong>satura-</strong></span> 
     </span>
     <span class='ocr_line' id='line_1_18' title="bbox 290 2459 2465 2541; baseline -0 -17"><span class='ocrx_word' id='word_1_145' title='bbox 290 2460 389 2524; x_wconf 77' lang='lat' dir='ltr'><strong>ait</strong></span> <span class='ocrx_word' id='word_1_146' title='bbox 647 2461 730 2526; x_wconf 81' lang='lat'><strong>27</strong></span> <span class='ocrx_word' id='word_1_147' title='bbox 761 2466 878 2526; x_wconf 80' lang='lat' dir='ltr'><strong>aut</strong></span> <span class='ocrx_word' id='word_1_148' title='bbox 905 2479 1027 2526; x_wconf 93' lang='lat' dir='ltr'><strong>om.</strong></span> <span class='ocrx_word' id='word_1_149' title='bbox 1287 2462 1370 2526; x_wconf 82' lang='lat'><strong>28</strong></span> <span class='ocrx_word' id='word_1_150' title='bbox 1403 2461 1669 2526; x_wconf 90' lang='lat' dir='ltr'><strong>alterum</strong></span> <span class='ocrx_word' id='word_1_151' title='bbox 1716 2464 1867 2523; x_wconf 79' lang='lat' dir='ltr'><strong>sant</strong></span> <span class='ocrx_word' id='word_1_152' title='bbox 1906 2478 2027 2525; x_wconf 93' lang='lat' dir='ltr'><strong>om.</strong></span> <span class='ocrx_word' id='word_1_153' title='bbox 2074 2459 2241 2541; x_wconf 85' lang='lat' dir='ltr'><strong>(fort.</strong></span> <span class='ocrx_word' id='word_1_154' title='bbox 2276 2460 2465 2537; x_wconf 85' lang='lat' dir='ltr'><strong>recte)</strong></span> 
     </span>
    </p>
   </div>
   <div class='ocr_carea' id='block_1_4' title="bbox 287 2569 2718 4552">
    <p class='ocr_par' dir='ltr' id='par_1_5' title="bbox 293 2569 2557 2861">
     <span class='ocr_line' id='line_1_19' title="bbox 294 2569 2551 2659; baseline -0.001 -22"><span class='ocrx_word' id='word_1_155' title='bbox 294 2593 356 2655; x_wconf 91' lang='lat' dir='ltr'><strong>p.</strong></span> <span class='ocrx_word' id='word_1_156' title='bbox 393 2572 535 2652; x_wconf 85' lang='lat'>16‚1</span> <span class='ocrx_word' id='word_1_157' title='bbox 573 2570 962 2659; x_wconf 72' lang='lat' dir='ltr'><strong>iuyissaiuido</strong></span> <span class='ocrx_word' id='word_1_158' title='bbox 1143 2572 1190 2638; x_wconf 91' lang='lat'>4</span> <span class='ocrx_word' id='word_1_159' title='bbox 1217 2593 1376 2637; x_wconf 90' lang='lat' dir='ltr'><strong>nam</strong></span> <span class='ocrx_word' id='word_1_160' title='bbox 1403 2576 1458 2637; x_wconf 85' lang='lat' dir='ltr'><strong>et</strong></span> <span class='ocrx_word' id='word_1_161' title='bbox 1485 2571 1743 2654; x_wconf 80' lang='lat' dir='ltr'><strong>facilem</strong></span> <span class='ocrx_word' id='word_1_162' title='bbox 1771 2571 1918 2636; x_wconf 84' lang='lat' dir='ltr'><strong>bon.</strong></span> <span class='ocrx_word' id='word_1_163' title='bbox 1946 2623 1961 2636; x_wconf 91' lang='lat'><strong>.</strong></span> <span class='ocrx_word' id='word_1_164' title='bbox 1991 2570 2231 2657; x_wconf 64' lang='lat' dir='ltr'><strong>,ntalem</strong></span> <span class='ocrx_word' id='word_1_165' title='bbox 2404 2570 2447 2636; x_wconf 84' lang='lat'>5</span> <span class='ocrx_word' id='word_1_166' title='bbox 2476 2569 2551 2634; x_wconf 85' lang='lat' dir='ltr'><strong>in</strong></span> 
     </span>
     <span class='ocr_line' id='line_1_20' title="bbox 293 2669 2557 2784; baseline -0.001 -36"><span class='ocrx_word' id='word_1_167' title='bbox 293 2669 404 2748; x_wconf 70' lang='lat' dir='ltr'><strong>dm</strong></span> <span class='ocrx_word' id='word_1_168' title='bbox 461 2684 649 2751; x_wconf 82' lang='lat' dir='ltr'><strong>solid.</strong></span> <span class='ocrx_word' id='word_1_169' title='bbox 681 2681 735 2771; x_wconf 84' lang='grc' dir='ltr'><strong>,ΙΙ</strong></span> <span class='ocrx_word' id='word_1_170' title='bbox 790 2684 980 2768; x_wconf 73' lang='lat' dir='ltr'><strong>fidem</strong></span> <span class='ocrx_word' id='word_1_171' title='bbox 1014 2688 1224 2784; x_wconf 23' lang='lat' dir='ltr'><strong>‘tuam</strong></span> <span class='ocrx_word' id='word_1_172' title='bbox 1293 2683 1468 2750; x_wconf 77' lang='lat' dir='ltr'><strong>sala.</strong></span> <span class='ocrx_word' id='word_1_173' title='bbox 1497 2734 1511 2748; x_wconf 91' lang='lat'><strong>.</strong></span> <span class='ocrx_word' id='word_1_174' title='bbox 1540 2681 1692 2769; x_wconf 77' lang='lat' dir='ltr'><strong>.{lris</strong></span> <span class='ocrx_word' id='word_1_175' title='bbox 1756 2681 2019 2748; x_wconf 78' lang='lat' dir='ltr'><strong>auditus</strong></span> <span class='ocrx_word' id='word_1_176' title='bbox 2075 2681 2245 2767; x_wconf 76' lang='lat' dir='ltr'><strong>obless.</strong></span> <span class='ocrx_word' id='word_1_177' title='bbox 2318 2680 2557 2765; x_wconf 85' lang='lat' dir='ltr'><strong>reliqua</strong></span> 
     </span>
     <span class='ocr_line' id='line_1_21' title="bbox 293 2795 540 2861; baseline -0.004 0"><span class='ocrx_word' id='word_1_178' title='bbox 293 2795 540 2861; x_wconf 83' lang='lat' dir='ltr'><strong>desunt.</strong></span> 
     </span>
    </p>

    <p class='ocr_par' dir='ltr' id='par_1_6' title="bbox 287 2902 2718 4552">
     <span class='ocr_line' id='line_1_22' title="bbox 381 2902 2718 2992; baseline -0.003 -18"><span class='ocrx_word' id='word_1_179' title='bbox 381 2909 554 2975; x_wconf 87' lang='lat' dir='ltr'><strong>Inter</strong></span> <span class='ocrx_word' id='word_1_180' title='bbox 583 2907 1042 2974; x_wconf 84' lang='lat' dir='ltr'><strong>uetustissimos</strong></span> <span class='ocrx_word' id='word_1_181' title='bbox 1073 2906 1365 2992; x_wconf 81' lang='lat' dir='ltr'><strong>Cypriani</strong></span> <span class='ocrx_word' id='word_1_182' title='bbox 1395 2906 1634 2972; x_wconf 86' lang='lat' dir='ltr'><strong>codices</strong></span> <span class='ocrx_word' id='word_1_183' title='bbox 1665 2905 1949 2972; x_wconf 81' lang='lat' dir='ltr'><strong>exstabat</strong></span> <span class='ocrx_word' id='word_1_184' title='bbox 1976 2905 2129 2970; x_wconf 92' lang='lat' dir='ltr'><strong>olim</strong></span> <span class='ocrx_word' id='word_1_185' title='bbox 2161 2902 2553 2984; x_wconf 82' lang='lat' dir='ltr'><strong>Veronensis,</strong></span> <span class='ocrx_word' id='word_1_186' title='bbox 2660 2912 2718 2978; x_wconf 88' lang='lat' dir='ltr'><strong>V</strong></span> 
     </span>
     <span class='ocr_line' id='line_1_23' title="bbox 295 3017 2551 3103; baseline -0.002 -17"><span class='ocrx_word' id='word_1_187' title='bbox 295 3039 481 3103; x_wconf 89' lang='lat' dir='ltr'><strong>quem</strong></span> <span class='ocrx_word' id='word_1_188' title='bbox 513 3021 844 3102; x_wconf 84' lang='lat' dir='ltr'><strong>postquam</strong></span> <span class='ocrx_word' id='word_1_189' title='bbox 862 3018 1154 3085; x_wconf 85' lang='lat' dir='ltr'><strong>Latinius</strong></span> <span class='ocrx_word' id='word_1_190' title='bbox 1183 3019 1263 3084; x_wconf 90' lang='lat' dir='ltr'><strong>ad</strong></span> <span class='ocrx_word' id='word_1_191' title='bbox 1297 3018 1716 3084; x_wconf 85' lang='lat' dir='ltr'><strong>adornandam</strong></span> <span class='ocrx_word' id='word_1_192' title='bbox 1746 3017 2082 3083; x_wconf 80' lang='lat' dir='ltr'><strong>editionem</strong></span> <span class='ocrx_word' id='word_1_193' title='bbox 2102 3017 2551 3095; x_wconf 82' lang='lat' dir='ltr'><strong>Manutianam‚</strong></span> 
     </span>
     <span class='ocr_line' id='line_1_24' title="bbox 295 3128 2555 3213; baseline -0 -18"><span class='ocrx_word' id='word_1_194' title='bbox 295 3148 451 3212; x_wconf 90' lang='lat' dir='ltr'><strong>quae</strong></span> <span class='ocrx_word' id='word_1_195' title='bbox 479 3131 712 3196; x_wconf 83' lang='lat' dir='ltr'><strong>Romae</strong></span> <span class='ocrx_word' id='word_1_196' title='bbox 739 3131 974 3213; x_wconf 86' lang='lat' dir='ltr'><strong>prodiit</strong></span> <span class='ocrx_word' id='word_1_197' title='bbox 1003 3149 1059 3198; x_wconf 86' lang='lat' dir='ltr'><strong>a.</strong></span> <span class='ocrx_word' id='word_1_198' title='bbox 1094 3129 1260 3197; x_wconf 84' lang='lat'>1563</span> <span class='ocrx_word' id='word_1_199' title='bbox 1290 3129 1599 3210; x_wconf 85' lang='lat' dir='ltr'><strong>adhibuit,</strong></span> <span class='ocrx_word' id='word_1_200' title='bbox 1644 3129 1895 3213; x_wconf 89' lang='lat' dir='ltr'><strong>quantis</strong></span> <span class='ocrx_word' id='word_1_201' title='bbox 1924 3129 2217 3194; x_wconf 87' lang='lat' dir='ltr'><strong>laudibus</strong></span> <span class='ocrx_word' id='word_1_202' title='bbox 2247 3128 2555 3194; x_wconf 84' lang='lat' dir='ltr'><strong>cumulari</strong></span> 
     </span>
     <span class='ocr_line' id='line_1_25' title="bbox 296 3240 2551 3326; baseline -0.001 -18"><span class='ocrx_word' id='word_1_203' title='bbox 296 3245 548 3324; x_wconf 88' lang='lat' dir='ltr'><strong>coeptus</strong></span> <span class='ocrx_word' id='word_1_204' title='bbox 593 3243 679 3309; x_wconf 90' lang='lat' dir='ltr'><strong>sit</strong></span> <span class='ocrx_word' id='word_1_205' title='bbox 721 3243 846 3308; x_wconf 87' lang='lat' dir='ltr'><strong>dici</strong></span> <span class='ocrx_word' id='word_1_206' title='bbox 874 3244 1110 3326; x_wconf 88' lang='lat' dir='ltr'><strong>nequit.</strong></span> <span class='ocrx_word' id='word_1_207' title='bbox 1159 3243 1236 3309; x_wconf 90' lang='lat' dir='ltr'><strong>de</strong></span> <span class='ocrx_word' id='word_1_208' title='bbox 1265 3243 1472 3326; x_wconf 86' lang='lat' dir='ltr'><strong>codice</strong></span> <span class='ocrx_word' id='word_1_209' title='bbox 1501 3241 1785 3308; x_wconf 84' lang='lat' dir='ltr'><strong>Latinius</strong></span> <span class='ocrx_word' id='word_1_210' title='bbox 1816 3241 1967 3307; x_wconf 89' lang='lat' dir='ltr'><strong>haec</strong></span> <span class='ocrx_word' id='word_1_211' title='bbox 1998 3241 2248 3324; x_wconf 88' lang='lat' dir='ltr'><strong>scripsit</strong></span> <span class='ocrx_word' id='word_1_212' title='bbox 2276 3241 2341 3305; x_wconf 92' lang='lat' dir='ltr'><strong>in</strong></span> <span class='ocrx_word' id='word_1_213' title='bbox 2370 3240 2551 3323; x_wconf 88' lang='lat' dir='ltr'><strong>epist.</strong></span> 
     </span>
     <span class='ocr_line' id='line_1_26' title="bbox 297 3339 2557 3439; baseline -0.001 -20"><span class='ocrx_word' id='word_1_214' title='bbox 297 3353 377 3419; x_wconf 89' lang='lat' dir='ltr'><strong>ad</strong></span> <span class='ocrx_word' id='word_1_215' title='bbox 405 3353 602 3419; x_wconf 84' lang='lat' dir='ltr'><strong>Andr.</strong></span> <span class='ocrx_word' id='word_1_216' title='bbox 632 3339 904 3420; x_wconf 86' lang='lat' dir='ltr'><strong>Masium</strong></span> <span class='ocrx_word' id='word_1_217' title='bbox 949 3355 1016 3419; x_wconf 97' lang='lat' dir='ltr'><strong>II</strong></span> <span class='ocrx_word' id='word_1_218' title='bbox 1057 3376 1116 3439; x_wconf 88' lang='lat' dir='ltr'><strong>p.</strong></span> <span class='ocrx_word' id='word_1_219' title='bbox 1153 3355 1305 3421; x_wconf 85' lang='lat'>101:</span> <span class='ocrx_word' id='word_1_220' title='bbox 1352 3353 1897 3436; x_wconf 72' lang='lat' dir='ltr'><strong>Antiquissimum</strong></span> <span class='ocrx_word' id='word_1_221' title='bbox 1937 3353 2201 3418; x_wconf 81' lang='lat' dir='ltr'><strong>codicem</strong></span> <span class='ocrx_word' id='word_1_222' title='bbox 2237 3371 2442 3417; x_wconf 65' lang='lat' dir='ltr'><strong>unium</strong></span> <span class='ocrx_word' id='word_1_223' title='bbox 2482 3372 2557 3417; x_wconf 77' lang='lat' dir='ltr'><strong>ex</strong></span> 
     </span>
     <span class='ocr_line' id='line_1_27' title="bbox 316 3464 2558 3533; baseline -0.002 -2"><span class='ocrx_word' id='word_1_224' title='bbox 316 3465 660 3531; x_wconf 73' lang='lat' dir='ltr'><strong>Veronensi</strong></span> <span class='ocrx_word' id='word_1_225' title='bbox 699 3467 1064 3533; x_wconf 76' lang='lat' dir='ltr'><strong>bibliotheca</strong></span> <span class='ocrx_word' id='word_1_226' title='bbox 1105 3467 1436 3532; x_wconf 72' lang='lat' dir='ltr'><strong>adnectam</strong></span> <span class='ocrx_word' id='word_1_227' title='bbox 1477 3465 1709 3532; x_wconf 83' lang='lat' dir='ltr'><strong>litteris</strong></span> <span class='ocrx_word' id='word_1_228' title='bbox 1746 3464 2125 3530; x_wconf 76' lang='lat' dir='ltr'><strong>maiusculis</strong></span> <span class='ocrx_word' id='word_1_229' title='bbox 2164 3466 2313 3528; x_wconf 81' lang='lat' dir='ltr'><strong>ante</strong></span> <span class='ocrx_word' id='word_1_230' title='bbox 2351 3481 2558 3528; x_wconf 85' lang='lat' dir='ltr'><strong>annos</strong></span> 
     </span>
     <span class='ocr_line' id='line_1_28' title="bbox 296 3573 2559 3664; baseline -0.001 -23"><span class='ocrx_word' id='word_1_231' title='bbox 296 3577 490 3664; x_wconf 84' lang='lat' dir='ltr'><strong>mille,</strong></span> <span class='ocrx_word' id='word_1_232' title='bbox 521 3581 592 3641; x_wconf 77' lang='lat' dir='ltr'><strong>ut</strong></span> <span class='ocrx_word' id='word_1_233' title='bbox 611 3581 791 3658; x_wconf 75' lang='lat' dir='ltr'><strong>puto,</strong></span> <span class='ocrx_word' id='word_1_234' title='bbox 825 3578 1137 3660; x_wconf 76' lang='lat' dir='ltr'><strong>scriptam</strong></span> <span class='ocrx_word' id='word_1_235' title='bbox 1166 3576 1503 3660; x_wconf 71' lang='lat' dir='ltr'><strong>diliyenter</strong></span> <span class='ocrx_word' id='word_1_236' title='bbox 1532 3597 1677 3642; x_wconf 80' lang='lat' dir='ltr'><strong>cum</strong></span> <span class='ocrx_word' id='word_1_237' title='bbox 1706 3577 1798 3642; x_wconf 92' lang='grc' dir='ltr'><strong>Ιο.</strong></span> <span class='ocrx_word' id='word_1_238' title='bbox 1833 3576 2145 3656; x_wconf 76' lang='lat' dir='ltr'><strong>Baptista</strong></span> <span class='ocrx_word' id='word_1_239' title='bbox 2175 3573 2559 3657; x_wconf 71' lang='lat' dir='ltr'><strong>Sinyhicello</strong></span> 
     </span>
     <span class='ocr_line' id='line_1_29' title="bbox 287 3685 2561 3771; baseline -0.002 -17"><span class='ocrx_word' id='word_1_240' title='bbox 287 3689 621 3769; x_wconf 78' lang='lat' dir='ltr'><strong>percurri.-</strong></span> <span class='ocrx_word' id='word_1_241' title='bbox 671 3708 748 3754; x_wconf 76' lang='lat' dir='ltr'><strong>ex</strong></span> <span class='ocrx_word' id='word_1_242' title='bbox 789 3706 856 3754; x_wconf 85' lang='lat' dir='ltr'><strong>eo</strong></span> <span class='ocrx_word' id='word_1_243' title='bbox 899 3689 972 3753; x_wconf 80' lang='lat' dir='ltr'><strong>id</strong></span> <span class='ocrx_word' id='word_1_244' title='bbox 1014 3689 1323 3770; x_wconf 77' lang='lat' dir='ltr'><strong>inprimis</strong></span> <span class='ocrx_word' id='word_1_245' title='bbox 1370 3690 1618 3771; x_wconf 81' lang='lat' dir='ltr'><strong>factam</strong></span> <span class='ocrx_word' id='word_1_246' title='bbox 1660 3692 1748 3752; x_wconf 85' lang='lat' dir='ltr'><strong>est</strong></span> <span class='ocrx_word' id='word_1_247' title='bbox 1794 3687 1981 3764; x_wconf 78' lang='lat' dir='ltr'><strong>lucri,</strong></span> <span class='ocrx_word' id='word_1_248' title='bbox 2030 3691 2101 3751; x_wconf 78' lang='lat' dir='ltr'><strong>ut</strong></span> <span class='ocrx_word' id='word_1_249' title='bbox 2148 3685 2353 3750; x_wconf 79' lang='lat' dir='ltr'><strong>malta</strong></span> <span class='ocrx_word' id='word_1_250' title='bbox 2398 3704 2561 3766; x_wconf 77' lang='lat' dir='ltr'><strong>quac</strong></span> 
     </span>
     <span class='ocr_line' id='line_1_30' title="bbox 299 3796 2561 3883; baseline -0 -19"><span class='ocrx_word' id='word_1_251' title='bbox 299 3798 628 3882; x_wconf 77' lang='lat' dir='ltr'><strong>Cypriane</strong></span> <span class='ocrx_word' id='word_1_252' title='bbox 656 3799 1033 3866; x_wconf 65' lang='lat' dir='ltr'><strong>tribuantur</strong></span> <span class='ocrx_word' id='word_1_253' title='bbox 1063 3799 1256 3866; x_wconf 75' lang='lat' dir='ltr'><strong>notha</strong></span> <span class='ocrx_word' id='word_1_254' title='bbox 1283 3819 1410 3865; x_wconf 85' lang='lat' dir='ltr'><strong>esse</strong></span> <span class='ocrx_word' id='word_1_255' title='bbox 1439 3799 1929 3883; x_wconf 70' lang='lat' dir='ltr'><strong>intelliyeremas</strong></span> <span class='ocrx_word' id='word_1_256' title='bbox 1942 3820 1963 3862; x_wconf 91' lang='lat'><strong>.·</strong></span> <span class='ocrx_word' id='word_1_257' title='bbox 1991 3798 2162 3863; x_wconf 74' lang='lat' dir='ltr'><strong>nihil</strong></span> <span class='ocrx_word' id='word_1_258' title='bbox 2184 3799 2359 3862; x_wconf 91' lang='lat' dir='ltr'><strong>enim</strong></span> <span class='ocrx_word' id='word_1_259' title='bbox 2378 3796 2561 3863; x_wconf 79' lang='lat' dir='ltr'><strong>habet</strong></span> 
     </span>
     <span class='ocr_line' id='line_1_31' title="bbox 297 3909 2561 3993; baseline -0.001 -18"><span class='ocrx_word' id='word_1_260' title='bbox 297 3911 659 3976; x_wconf 72' lang='lat' dir='ltr'><strong>admixtum</strong></span> <span class='ocrx_word' id='word_1_261' title='bbox 695 3929 929 3990; x_wconf 60' lang='lat' dir='ltr'><strong>eorum</strong></span> <span class='ocrx_word' id='word_1_262' title='bbox 967 3932 1130 3993; x_wconf 77' lang='lat' dir='ltr'><strong>qaae</strong></span> <span class='ocrx_word' id='word_1_263' title='bbox 1167 3911 1304 3976; x_wconf 79' lang='lat' dir='ltr'><strong>uiri</strong></span> <span class='ocrx_word' id='word_1_264' title='bbox 1344 3911 1508 3977; x_wconf 81' lang='lat' dir='ltr'><strong>docti</strong></span> <span class='ocrx_word' id='word_1_265' title='bbox 1551 3915 1701 3975; x_wconf 87' lang='lat' dir='ltr'><strong>ante</strong></span> <span class='ocrx_word' id='word_1_266' title='bbox 1741 3929 1855 3974; x_wconf 89' lang='lat' dir='ltr'><strong>nos</strong></span> <span class='ocrx_word' id='word_1_267' title='bbox 1892 3909 2061 3992; x_wconf 81' lang='lat' dir='ltr'><strong>falso</strong></span> <span class='ocrx_word' id='word_1_268' title='bbox 2092 3909 2419 3992; x_wconf 76' lang='lat' dir='ltr'><strong>Cypriane</strong></span> <span class='ocrx_word' id='word_1_269' title='bbox 2446 3909 2561 3973; x_wconf 78' lang='lat' dir='ltr'><strong>ad-</strong></span> 
     </span>
     <span class='ocr_line' id='line_1_32' title="bbox 295 4020 2561 4106; baseline -0 -19"><span class='ocrx_word' id='word_1_270' title='bbox 295 4023 541 4105; x_wconf 77' lang='lat' dir='ltr'><strong>scripta</strong></span> <span class='ocrx_word' id='word_1_271' title='bbox 561 4042 688 4088; x_wconf 84' lang='lat' dir='ltr'><strong>esse</strong></span> <span class='ocrx_word' id='word_1_272' title='bbox 707 4023 1020 4106; x_wconf 73' lang='lat' dir='ltr'><strong>suspicati</strong></span> <span class='ocrx_word' id='word_1_273' title='bbox 1039 4028 1192 4088; x_wconf 80' lang='lat' dir='ltr'><strong>swnt</strong></span> <span class='ocrx_word' id='word_1_274' title='bbox 1215 4024 1432 4089; x_wconf 76' lang='lat' dir='ltr'><strong>uerius</strong></span> <span class='ocrx_word' id='word_1_275' title='bbox 1456 4043 1651 4106; x_wconf 75' lang='lat' dir='ltr'><strong>qaam</strong></span> <span class='ocrx_word' id='word_1_276' title='bbox 1672 4026 2066 4088; x_wconf 76' lang='lat' dir='ltr'><strong>censuerant.</strong></span> <span class='ocrx_word' id='word_1_277' title='bbox 2104 4020 2274 4086; x_wconf 79' lang='lat' dir='ltr'><strong>Ordo</strong></span> <span class='ocrx_word' id='word_1_278' title='bbox 2301 4021 2561 4102; x_wconf 76' lang='lat' dir='ltr'><strong>scripto-</strong></span> 
     </span>
     <span class='ocr_line' id='line_1_33' title="bbox 297 4133 2560 4216; baseline 0.001 -22"><span class='ocrx_word' id='word_1_279' title='bbox 297 4151 445 4198; x_wconf 79' lang='lat' dir='ltr'><strong>rwm</strong></span> <span class='ocrx_word' id='word_1_280' title='bbox 479 4153 690 4216; x_wconf 71' lang='lat' dir='ltr'><strong>paene</strong></span> <span class='ocrx_word' id='word_1_281' title='bbox 735 4133 902 4200; x_wconf 81' lang='lat' dir='ltr'><strong>idem</strong></span> <span class='ocrx_word' id='word_1_282' title='bbox 943 4135 1022 4200; x_wconf 77' lang='lat' dir='ltr'><strong>im</strong></span> <span class='ocrx_word' id='word_1_283' title='bbox 1060 4135 1367 4213; x_wconf 79' lang='lat' dir='ltr'><strong>omnibus,</strong></span> <span class='ocrx_word' id='word_1_284' title='bbox 1421 4135 1590 4201; x_wconf 79' lang='lat' dir='ltr'><strong>unde</strong></span> <span class='ocrx_word' id='word_1_285' title='bbox 1636 4153 1767 4199; x_wconf 87' lang='lat' dir='ltr'><strong>non</strong></span> <span class='ocrx_word' id='word_1_286' title='bbox 1808 4133 1968 4198; x_wconf 86' lang='lat' dir='ltr'><strong>satis</strong></span> <span class='ocrx_word' id='word_1_287' title='bbox 2010 4133 2247 4197; x_wconf 77' lang='lat' dir='ltr'><strong>mirari</strong></span> <span class='ocrx_word' id='word_1_288' title='bbox 2279 4150 2560 4214; x_wconf 76' lang='lat' dir='ltr'><strong>possam,</strong></span> 
     </span>
     <span class='ocr_line' id='line_1_34' title="bbox 297 4243 2561 4326; baseline 0 -18"><span class='ocrx_word' id='word_1_289' title='bbox 297 4263 426 4324; x_wconf 80' lang='lat' dir='ltr'><strong>qua</strong></span> <span class='ocrx_word' id='word_1_290' title='bbox 467 4245 676 4326; x_wconf 81' lang='lat' dir='ltr'><strong>fronte</strong></span> <span class='ocrx_word' id='word_1_291' title='bbox 715 4249 911 4311; x_wconf 83' lang='lat' dir='ltr'><strong>totwm</strong></span> <span class='ocrx_word' id='word_1_292' title='bbox 948 4246 1282 4313; x_wconf 68' lang='lat' dir='ltr'><strong>inaertevit</strong></span> <span class='ocrx_word' id='word_1_293' title='bbox 1321 4246 1896 4312; x_wconf 78' lang='lat' dir='ltr'><strong>audacissimorum</strong></span> <span class='ocrx_word' id='word_1_294' title='bbox 1936 4244 2263 4309; x_wconf 74' lang='lat' dir='ltr'><strong>hominum</strong></span> <span class='ocrx_word' id='word_1_295' title='bbox 2300 4243 2405 4309; x_wconf 82' lang='lat' dir='ltr'><strong>uel</strong></span> <span class='ocrx_word' id='word_1_296' title='bbox 2443 4244 2561 4308; x_wconf 89' lang='lat' dir='ltr'><strong>im-</strong></span> 
     </span>
     <span class='ocr_line' id='line_1_35' title="bbox 289 4355 2563 4437; baseline -0 -17"><span class='ocrx_word' id='word_1_297' title='bbox 289 4355 534 4435; x_wconf 81' lang='lat' dir='ltr'><strong>peritia</strong></span> <span class='ocrx_word' id='word_1_298' title='bbox 571 4357 674 4424; x_wconf 79' lang='lat' dir='ltr'><strong>uel</strong></span> <span class='ocrx_word' id='word_1_299' title='bbox 719 4356 965 4424; x_wconf 82' lang='lat' dir='ltr'><strong>leuitas.</strong></span> <span class='ocrx_word' id='word_1_300' title='bbox 1015 4359 1214 4437; x_wconf 88' lang='lat' dir='ltr'><strong>Nam,</strong></span> <span class='ocrx_word' id='word_1_301' title='bbox 1254 4362 1326 4422; x_wconf 82' lang='lat' dir='ltr'><strong>at</strong></span> <span class='ocrx_word' id='word_1_302' title='bbox 1354 4359 1554 4437; x_wconf 78' lang='lat' dir='ltr'><strong>uides,</strong></span> <span class='ocrx_word' id='word_1_303' title='bbox 1595 4358 1673 4422; x_wconf 88' lang='lat' dir='ltr'><strong>in</strong></span> <span class='ocrx_word' id='word_1_304' title='bbox 1700 4357 1945 4422; x_wconf 79' lang='lat' dir='ltr'><strong>excusis</strong></span> <span class='ocrx_word' id='word_1_305' title='bbox 1972 4355 2193 4422; x_wconf 88' lang='lat' dir='ltr'><strong>omnia</strong></span> <span class='ocrx_word' id='word_1_306' title='bbox 2213 4374 2421 4436; x_wconf 75' lang='lat' dir='ltr'><strong>paene</strong></span> <span class='ocrx_word' id='word_1_307' title='bbox 2450 4372 2563 4419; x_wconf 77' lang='lat' dir='ltr'><strong>suo</strong></span> 
     </span>
     <span class='ocr_line' id='line_1_36' title="bbox 300 4465 2563 4552; baseline 0.001 -23"><span class='ocrx_word' id='word_1_308' title='bbox 300 4465 426 4530; x_wconf 86' lang='lat' dir='ltr'><strong>loco</strong></span> <span class='ocrx_word' id='word_1_309' title='bbox 465 4471 654 4546; x_wconf 88' lang='lat' dir='ltr'><strong>mota,</strong></span> <span class='ocrx_word' id='word_1_310' title='bbox 697 4469 917 4534; x_wconf 84' lang='lat' dir='ltr'><strong>omnia</strong></span> <span class='ocrx_word' id='word_1_311' title='bbox 954 4468 1236 4550; x_wconf 77' lang='lat' dir='ltr'><strong>diuulsa,</strong></span> <span class='ocrx_word' id='word_1_312' title='bbox 1286 4487 1420 4534; x_wconf 83' lang='lat' dir='ltr'><strong>non</strong></span> <span class='ocrx_word' id='word_1_313' title='bbox 1447 4474 1750 4550; x_wconf 82' lang='lat' dir='ltr'><strong>tempora,</strong></span> <span class='ocrx_word' id='word_1_314' title='bbox 1794 4487 1925 4533; x_wconf 85' lang='lat' dir='ltr'><strong>non</strong></span> <span class='ocrx_word' id='word_1_315' title='bbox 1952 4469 2221 4552; x_wconf 73' lang='lat' dir='ltr'><strong>neyotia,</strong></span> <span class='ocrx_word' id='word_1_316' title='bbox 2264 4485 2394 4532; x_wconf 84' lang='lat' dir='ltr'><strong>non</strong></span> <span class='ocrx_word' id='word_1_317' title='bbox 2410 4486 2563 4548; x_wconf 77' lang='lat' dir='ltr'><strong>per-</strong></span> 
     </span>
    </p>
   </div>
  </div>
 </body>
</html>
