3217 5150
918 529 1007 581 De
1041 527 1312 595 duplici
1347 527 1676 596 martyrio
1713 543 1755 579 c.
1793 527 1981 581 8-10.
2443 528 2569 593 227

297 706 427 765 que
463 690 634 750 etiam
667 690 726 748 in
758 687 958 747 caelis:
989 688 1074 747 ita
1103 686 1493 747 testimonium
1523 686 1683 745 illius
1716 686 2123 761 quodammodo
2152 688 2574 747 consummatur

301 793 644 853 testimonio
675 794 1020 862 sanctorum,
1055 790 1218 863 quasi
1250 792 1328 849 sit
1359 808 1472 849 una
1499 790 1691 863 passio
1722 788 1951 847 Domini
1980 792 2038 848 et
2068 806 2377 849 seruorum.
2410 789 2471 848 id
2500 806 2571 849 ne

303 897 448 971 quis
479 896 770 955 existimet
801 912 1003 969 parum
1035 892 1303 968 religiose
1334 892 1550 953 dictum
1571 938 1586 963 ,
1639 891 1845 951 beatus
1875 892 2087 951 Paulus
2128 892 2295 953 nobis
2326 893 2569 967 patroci-

305 1002 490 1059 natur
517 999 604 1059 ita
633 997 890 1059 scribens
925 997 999 1055 ad
1031 996 1428 1057 Colossenses:
1474 996 1592 1070 qui
1622 1013 1807 1055 nunc
1849 996 2127 1069 gaudeo
2174 996 2245 1055 in
2286 996 2570 1069 passio-

253 1124 282 1163 5
303 1102 536 1163 nibus
563 1118 698 1175 pro
725 1101 974 1172 uobis,
1036 1102 1106 1159 et
1134 1099 1502 1173 adimpleo
1533 1117 1615 1159 ea.
1641 1115 1819 1174 quae
1864 1098 2130 1159 desunt
2159 1098 2573 1171 passionum
2692 1156 2697 1163 .

207 1268 216 1277 ⁸
303 1204 701 1265 christiin
731 1204 946 1265 oa'rne
975 1220 1129 1269 mea
1157 1220 1282 1277 pro
1309 1219 1613 1277 corpore
1643 1202 1821 1275 eius,
1866 1202 2057 1277 quod
2086 1203 2199 1261 est
2227 1201 2569 1263 ecclesia.

307 1310 450 1384 quis
480 1310 632 1369 enim
661 1309 864 1379 nescit,
896 1308 1126 1383 france,
1179 1325 1350 1382 quam
1379 1308 1610 1367 uberem
1662 1308 2003 1380 prouentum
2054 1306 2253 1367 effudit
2301 1305 2573 1367 ecclesiae

311 1430 504 1488 seges,
553 1412 946 1487 ‘apostolorum
991 1430 1058 1473 ac
1107 1413 1424 1472 ceterorum
1452 1414 1769 1485 martyrum
1799 1410 2078 1483 sanguine
2127 1410 2409 1484 irrigata?
2463 1426 2573 1484 quo

309 1517 452 1590 plus
481 1516 775 1591 sanguinis
805 1516 1044 1575 effusum
1069 1518 1178 1587 est,
1209 1516 1314 1575 hoc
1343 1514 1526 1588 magis
1557 1513 1809 1572 effloruit
1832 1512 2136 1573 multitudo
2165 1512 2437 1586 fidelium,
2464 1514 2571 1574 hoc

224 1637 290 1675 ιο
315 1618 498 1679 latius
529 1620 744 1693 sparsit
771 1636 906 1679 suas
936 1618 1278 1692 propagines
1309 1618 1412 1677 illa
1441 1618 1613 1677 beata
1640 1617 1779 1676 uitis
1810 1634 1847 1675 a
1870 1615 2101 1677 Christo
2132 1616 2309 1691 stirpe
2332 1634 2573 1691 surgens

307 1725 374 1782 et
403 1739 684 1795 occupans
713 1722 904 1783 orbem
951 1721 1280 1781 uniuersum
1330 1736 1683 1795 quacumque
1714 1722 1879 1794 patet
1928 1720 2003 1780 ab
2052 1720 2269 1781 oriente
2324 1722 2397 1781 ad
2426 1720 2573 1781 occi-

313 1826 568 1897 dentem,
599 1826 672 1885 ab
703 1824 964 1899 aquilone
996 1840 1176 1898 usque
1205 1824 1278 1883 ad
1311 1825 1587 1907 anstrum.

403 1930 550 1989 Ecce
566 1974 580 2000 ,
632 1929 842 1989 fratres
895 1926 1256 1994 dilectissimi
1272 1972 1287 1999 ,
1339 1944 1375 1985 a
1425 1925 1657 1985 Domini
1688 1926 2025 1987 redemtoris
2054 1926 2407 2014 temporibus
2435 1926 2571 1987 anni
2596 1922 2679 1981 10

321 2034 608 2093 fluxerunt
635 2033 768 2106 plus
795 2033 980 2093 minus
1007 2032 1238 2091 ducenti
1261 2030 1645 2104 quadraginta
1659 2077 1674 2104 ,
1706 2032 1931 2106 iamque
1959 2029 2133 2091 huius
2155 2030 2293 2090 uitis
2306 2030 2571 2106 palmites

231 2155 294 2193 ιε»
317 2152 502 2212 paene
531 2136 708 2195 latius
740 2153 800 2197 se
831 2139 1166 2210 sparserunt
1220 2152 1391 2208 quam
1419 2134 1737 2194 Romanum
1766 2133 2067 2209 imperium
2081 2181 2095 2207 ,
2146 2134 2349 2195 efferas
2399 2135 2575 2195 etiam

317 2239 583 2299 nationes
612 2244 802 2299 musto
858 2238 1100 2312 spiritus
1133 2238 1486 2297 inebriantes
1541 2240 1601 2297 et
1656 2255 1799 2312 quos
1849 2238 2009 2299 nulla
2060 2238 2199 2299 ferri
2230 2238 2320 2297 uis
2350 2240 2577 2298 domare

317 2344 526 2417 potuit,
557 2342 777 2405 emollit
807 2341 1042 2416 sanguis
1073 2341 1230 2401 illius
1259 2340 1396 2414 agni
1424 2340 1672 2401 candidj.
1726 2342 1823 2415 qui
1875 2343 2114 2403 naturae
2158 2358 2363 2401 causas
2414 2358 2575 2401 scru-
2656 2384 2666 2391 .

319 2448 538 2518 tantur,
593 2449 830 2507 narrant
859 2426 1218 2505 adamantem
1250 2444 1442 2503 nanae
1472 2443 1735 2519 chalybis
1777 2444 2010 2504 duritiei
2036 2446 2325 2505 cedentem
2357 2442 2577 2505 hircino

321 2550 600 2625 sanguine
631 2553 978 2614 maceratum
1009 2550 1130 2610 ictu
1157 2549 1494 2610 malleorum
1523 2547 1805 2608 dissilire:
1859 2548 2053 2609 nullus
2104 2549 2296 2610 autem
2346 2550 2577 2610 adamas

223 2674 296 2714 so
319 2655 488 2716 corde
517 2671 686 2714 saxeo
715 2656 1072 2728 peecatorum
1103 2653 1316 2713 durior.
1367 2655 1474 2712 hoc
1527 2652 1709 2726 igitur
1736 2669 1833 2710 cor
1884 2652 2148 2724 ferreum,
2194 2670 2290 2713 cor
2320 2668 2572 2724 saxeum,

203 2813 211 2820 .
317 2774 418 2818 cor
437 2757 567 2830 plus
589 2773 760 2830 quam
783 2755 1208 2816 adamantinum
1231 2755 1450 2816 emollit
1471 2756 1707 2829 sanguis
1731 2755 1945 2816 Christi
1968 2758 2027 2814 et
2049 2754 2220 2816 huius
2242 2759 2574 2830 martyrum,

317 2860 422 2934 qui
456 2861 794 2936 supplerunt
824 2860 975 2934 quod
989 2859 1164 2918 ,illius
1190 2859 1554 2933 passionibus
1583 2860 1797 2920 deerat.
1828 2861 1936 2920 hoc
1964 2862 2295 2934 argumento
2326 2876 2577 2920 summus

321 2963 426 3022 ille
455 2966 656 3036 pastor
685 2967 744 3023 et
771 2966 836 3022 ut
865 2964 1072 3024 Petrus
1117 2963 1200 3022 ait
1229 2962 1494 3036 princeps
1525 2965 1818 3037 pastorum
1858 2961 2203 3024 testificatus
2242 2964 2334 3024 est
2362 2977 2423 3022 se
2453 2979 2579 3025 esse

319 3068 609 3139 pastorem
637 3068 846 3128 bonum
861 3113 876 3139 ‚
931 3067 1066 3141 quia
1097 3067 1345 3126 animam
1373 3083 1534 3125 suam
1582 3066 1777 3140 posuit
1806 3045 1909 3140 pro
1938 3066 2157 3138 ouibus,
2196 3066 2361 3126 nobis
2390 3082 2579 3126 exem-

233 3194 300 3232 2⁵
323 3171 483 3245 plum
509 3167 790 3244 praebens
805 3215 819 3242 ,
875 3173 940 3229 ut
967 3171 1068 3246 qui
1122 3187 1222 3244 pro
1274 3172 1470 3228 nostra
1501 3167 1899 3242 qualicumque
1944 3165 2203 3243 portione
2234 3170 2389 3230 uices
2420 3169 2577 3228 illius

321 3274 576 3348 gerimus
592 3319 606 3346 ‚
640 3273 828 3348 parati
857 3273 1038 3334 simus
1063 3275 1140 3366 et·
1153 3273 1265 3346 ipsi
1297 3291 1398 3346 pro
1443 3289 1617 3348 grege
1646 3271 1927 3344 dominico
1958 3272 2290 3347 sanguinem
2322 3273 2577 3344 fimdere,

322 3377 440 3436 nisi
469 3376 752 3437 malumus
783 3377 962 3436 uideri
1005 3375 1342 3436 mercenarii
1387 3393 1557 3449 quam
1606 3377 1886 3448 pastores.
1940 3375 2157 3437 domini
2200 3376 2391 3436 uerbis
2441 3393 2577 3436 oon-

320 3483 542 3554 gruunt
571 3480 745 3540 uerba
773 3479 1057 3555 discipuli.
1102 3497 1230 3540 cum
1262 3479 1412 3542 enim
1443 3477 1687 3540 dixisset
1713 3496 1775 3540 se
1802 3478 2051 3553 gaudere
2094 3479 2155 3538 in
2198 3479 2579 3554 passionibus,

325 3583 532 3656 quibus
562 3586 980 3644 consummaret
1011 3582 1308 3655 passiones
1338 3582 1578 3654 Christi,
1605 3581 1935 3655 perpetiens
1962 3585 2025 3642 et
2067 3581 2191 3656 ipse
2218 3597 2320 3654 pro
2350 3597 2580 3656 corpore

237 3708 306 3746 zo
328 3685 564 3759 Christi,
597 3687 748 3760 quod
777 3689 868 3746 est
897 3686 1159 3758 ecclesia,
1192 3685 1386 3760 qualia
1414 3702 1621 3759 passus
1651 3689 1774 3744 erat
1786 3684 2083 3758 Dominus,
2115 3701 2345 3745 causam
2374 3684 2583 3746 adiecit

326 3805 430 3848 cur
457 3807 525 3850 ea
550 3790 1134 3864 libenterpateretur.
1195 3789 1437 3862 cuius,
1499 3787 1707 3863 inquit,
1768 3789 2015 3848 factus
2073 3804 2201 3863 ego
2261 3805 2408 3848 sum
2461 3787 2582 3849 mi-

325 3892 573 3954 nister
633 3895 1027 3954 secundum
1093 3892 1726 3968 dispensationem
1773 3891 1937 3962 Dei,
1997 3906 2177 3965 quae
2236 3891 2405 3960 data
2472 3893 2587 3950 est

327 3995 506 4054 mihi
565 3995 638 4056 in
697 3997 942 4069 uobis,
994 3999 1070 4056 ut
1129 3996 1471 4070 impleam
1531 3997 1829 4055 uerbum
1874 3994 2019 4054 Dei.
2082 3995 2143 4054 et
2181 3993 2295 4054 alio
2338 3994 2581 4068 quodam

326 4097 389 4156 in
417 4098 542 4158 1000
573 4099 775 4162 scribit
795 4117 858 4160 se
879 4098 1192 4174 repleuisse
1224 4098 1604 4173 euangelium.
1640 4099 1791 4158 sicut
1812 4115 1948 4173 ergo
1971 4097 2247 4158 mortibus
2271 4102 2585 4173 martyrum

241 4227 305 4265 ³⁵
328 4205 788 4264 consummantur
819 4204 1112 4277 passiones
1143 4202 1378 4274 Christi,
1409 4203 1494 4262 ita
1521 4203 1801 4277 sanguine
1846 4205 2137 4276 pastorum
2178 4201 2585 4260 confirmantur

467 4457 502 4511 4
537 4457 650 4513 Col.
689 4461 738 4522 1,
771 4459 858 4513 24.
1070 4459 1134 4512 31
1173 4457 1288 4513 Col.
1328 4457 1377 4522 1,
1411 4457 1496 4510 25.
2142 4541 2176 4580 *

2034 4546 2112 4605 15
2191 4575 2208 4608 x
