3217 5150
668 541 753 606 48
1611 533 1975 603 Appendix.

671 695 938 754 idoneum
966 693 1296 764 iudicarem,
1351 693 1450 752 sed
1480 693 1631 767 quod
1659 695 1877 754 tantam
1908 692 2029 752 illic
2060 709 2347 754 cernerem
2376 711 2499 756 esse
2542 695 2836 774 uirtutem,
2872 697 2941 754 ut

670 798 781 858 etsi
809 815 1010 872 parum
1043 799 1112 857 de
1143 815 1208 858 eo
1241 796 1502 869 dicerem,
1533 797 1841 870 plurimum
1872 813 1960 856 me
1990 796 2201 856 dixisse
2230 797 2542 871 profiterer.
2590 815 2721 856 nam
2761 813 2937 870 prae-

670 900 886 961 feratur
916 900 1053 960 licet
1081 901 1224 960 bono
1255 898 1388 960 fidei
1419 901 1706 960 custodita
1734 899 1961 958 iustitia
1982 899 2380 974 melioremque
2404 917 2465 960 se
2495 900 2651 960 inter
2680 900 2937 960 omnium

669 1004 869 1065 laudes
921 1004 1226 1077 uirginitas
1274 1003 1621 1062 inmaculata
1674 1005 1997 1076 cognoscat,
2065 1001 2271 1062 cedant
2320 1005 2513 1062 tamen
2560 1019 2791 1063 necesse
2844 1007 2938 1062 est

673 1107 942 1182 martyrio
973 1107 1241 1167 uniuersa
1273 1123 1340 1168 ac
1371 1105 1639 1180 sanguini
1694 1106 2233 1179 summittanturque
2264 1107 2466 1166 cruori.
2514 1105 2604 1165 illi
2632 1106 2936 1182 elegerunt
2958 1129 2987 1168 s

671 1211 900 1282 bonum,
932 1209 995 1269 hi
1023 1209 1234 1268 imitati
1263 1212 1399 1268 sunt
1429 1209 1739 1268 Christum.

573 1309 652 1366 27
755 1314 929 1376 Nunc
958 1330 1112 1388 uero,
1143 1313 1422 1374 carissimi
1449 1313 1680 1384 fratres,
1710 1329 1783 1372 ne
1811 1313 1939 1388 quis
1968 1330 2058 1373 me
2088 1312 2399 1374 arbitretur
2426 1330 2647 1374 omnem
2689 1314 2939 1374 salutem

671 1435 785 1478 non
841 1417 954 1478 alio
1013 1418 1172 1478 statu
1229 1434 1398 1492 quam
1447 1416 1511 1475 in
1559 1416 1832 1492 martyrio
1888 1417 2229 1490 conlocasse,
2262 1395 2277 1418 ⁸
2290 1417 2397 1478 hoc
2447 1417 2627 1491 primo
2680 1416 2943 1492 profecto

670 1521 937 1596 respicite
975 1536 1160 1595 neque
1201 1535 1291 1579 me
1331 1521 1556 1579 tantum
1601 1535 1727 1578 esse
1758 1520 1856 1594 qui
1884 1520 2041 1594 loqui
2070 1520 2267 1580 uideor
2306 1535 2488 1594 neque
2518 1519 2603 1578 ita
2630 1535 2693 1578 se
2723 1519 2943 1580 habere

671 1625 926 1684 ordinem
955 1640 1165 1694 rerum,
1198 1625 1264 1682 ut
1293 1621 1724 1682 inmortalitatis
1769 1639 1901 1698 spes
1932 1624 2275 1698 repromissa
2302 1624 2471 1682 unius
2521 1624 2705 1697 partis
2752 1622 2935 1683 latere
2958 1645 3015 1683 ιο

671 1729 908 1790 nitatur.
945 1729 1047 1788 sed
1076 1725 1344 1802 quoniam
1371 1726 1456 1786 ita
1485 1726 1761 1786 Dominus
1794 1743 1895 1787 suo
1926 1742 2020 1787 ore
2056 1729 2305 1786 testatus
2334 1729 2423 1787 est
2452 1743 2579 1786 esse
2607 1725 2941 1786 habitacula

671 1848 842 1906 penes
883 1834 1104 1905 patrem
1143 1827 1346 1902 multa,
1394 1829 1542 1888 nihil
1571 1830 1759 1890 maius
1788 1829 2003 1892 credidi
2044 1845 2112 1889 ea
2140 1829 2328 1903 gloria
2355 1847 2471 1905 qua
2496 1830 2812 1905 probantur
2842 1829 2937 1890 hic

671 1934 929 1993 homines
981 1933 1079 2008 qui
1131 1933 1406 1994 saeculari
1457 1933 1681 2007 indigni
1734 1935 1868 1992 sunt
1918 1932 2057 1993 uita.
2116 1933 2323 2008 igitur,
2366 1932 2649 1994 carissimi
2699 1931 2933 2004 fratres,

673 2037 896 2096 aemula
943 2036 1220 2110 religione
1271 2039 1556 2096 certantes
1609 2034 1769 2096 uelut
1828 2035 2113 2095 incentiuo
2164 2037 2407 2110 quodam
2469 2035 2675 2095 mercis
2728 2035 2935 2109 agitati
3185 2096 3186 2132 1

673 2156 892 2200 omnem
933 2139 1141 2198 uirium
1195 2140 1412 2213 copiam
1458 2138 1929 2213 tolerantiamque
1966 2139 2296 2198 subeamus,
2342 2155 2457 2198 non
2504 2138 2657 2198 enim
2708 2153 2933 2198 mouere
2958 2158 3017 2196 ιε
3185 2133 3186 2140 ’

671 2259 774 2301 nos
816 2242 1026 2301 debent
1067 2243 1279 2300 caduca
1319 2258 1462 2316 quae
1493 2259 1713 2316 semper
1756 2245 1816 2302 et
1845 2257 1989 2317 quae
2020 2243 2133 2302 iam
2174 2242 2463 2302 euersione
2494 2259 2598 2302 sua
2626 2259 2740 2300 non
2772 2242 2937 2302 modo

671 2344 800 2424 lege
851 2346 1144 2420 proposita
1196 2346 1296 2404 sed
1359 2346 1534 2404 etiam
1587 2346 1712 2418 ipso
1764 2345 1875 2405 fine
1924 2345 2197 2420 temporis
2248 2347 2585 2420 urguentur.
2652 2345 2935 2405 exclamat

671 2448 954 2508 Iohannes
999 2450 1058 2508 et
1101 2449 1268 2509 dicit:
1315 2448 1450 2508 iam
1495 2449 1783 2524 quidem
1828 2448 2110 2509 securis
2154 2449 2240 2508 ad
2282 2449 2601 2509 radicem
2646 2449 2937 2508 arboris

879 2684 946 2739 18
979 2684 1177 2739 Matth.
1215 2684 1266 2747 3,
1303 2685 1386 2739 10.

811 2907 842 2960 1
881 2909 1094 2960 tantam
1129 2906 1272 2972 NS2,
1309 2908 1524 2961 tantum
1563 2908 1681 2981 ΩΤ,
1728 2910 1886 2963 tantu
1925 2908 2009 2973 8¹,
2046 2912 2204 2964 tanta
2239 2909 2292 2963 L
2566 2910 2684 2964 illic
2718 2909 2839 2975 NS,
2878 2910 2932 2964 in

674 2993 788 3049 illis
826 2992 1000 3064 LQT‚
1036 2993 1093 3047 in
1127 2993 1226 3049 illo
1263 3010 1294 3047 υ
1587 3010 1701 3049 esse
1736 2996 1997 3049 uirtutem
2034 2995 2120 3061 8²,
2156 2998 2476 3051 seruitutem
2513 2996 2808 3068 LNQS¹T

672 3080 707 3133 2
743 3081 798 3132 et
822 3079 889 3149 si]
916 3079 964 3132 si
987 3078 1035 3134 S
1183 3079 1424 3149 profiteri
1452 3079 1559 3150 ΩΤ
1694 3080 1999 3148 proferatur
2022 3082 2090 3137 N
2235 3083 2270 3137 3
2307 3082 2726 3153 meliorumquae
2755 3083 2802 3154 Q

675 3182 730 3219 se
765 3166 924 3235 inter]
965 3181 1171 3234 semper
1206 3164 1254 3219 S
1492 3165 1529 3220 4
1567 3165 1755 3221 laudes
1791 3183 1932 3222 corr.
1967 3169 2033 3225 in
2066 3167 2281 3223 laudem
2316 3170 2359 3223 S
2390 3186 2457 3223 m.
2494 3174 2532 3224 2
2748 3185 2941 3239 cogno·

673 3255 826 3305 scant
862 3252 916 3306 L
1094 3250 1320 3305 caedant
1355 3252 1411 3319 S,
1448 3252 1603 3308 cedat
1639 3252 1887 3323 LNQTv
2091 3258 2275 3309 tamen
2308 3272 2360 3310 n.
2399 3257 2503 3326 est]
2550 3256 2631 3309 ita
2665 3272 2731 3310 ne
2772 3256 2878 3328 ΩΤ

673 3340 707 3393 5
743 3337 1002 3407 martyrio
1047 3338 1300 3391 uniuersa
1345 3354 1445 3393 om.
1499 3339 1751 3410 LNQTv
1957 3356 2019 3395 ac
2066 3341 2320 3411 sanguini
2352 3343 2576 3413 scripsi,
2610 3358 2646 3397 a
2680 3342 2941 3412 sang-uine

675 3423 732 3486 S,
769 3422 1028 3491 sanguine
1055 3423 1123 3488 L,
1159 3424 1411 3493 sanguini
1435 3424 1544 3495 NQ
1556 3426 1639 3481 Tv
1784 3428 2299 3497 summittanturque
2320 3430 2529 3497 scripsi,
2566 3428 2941 3483 summittatur

672 3508 891 3579 LQST,
929 3510 1402 3580 summittaturque
1438 3511 1532 3567 Nv
1692 3528 1843 3568 cruor
1878 3513 1933 3569 L
2087 3514 2344 3584 eligerum
2376 3516 2435 3579 Τ,
2472 3515 2745 3583 eligerunt
2768 3514 2873 3585 LQ

671 3594 704 3648 6
739 3594 936 3649 1101111111
971 3595 1025 3648 11.
1063 3595 1100 3650 i.
1137 3599 1266 3651 sunt
1300 3612 1401 3651 om.
1440 3596 1488 3653 S
1639 3598 1699 3653 hi
1736 3616 1835 3653 om.
1877 3599 1984 3671 ΩΤ
2134 3602 2163 3655 7
2200 3602 2301 3670 me]
2337 3618 2435 3655 nos
2474 3600 2579 3672 ΩΤ
2729 3600 2763 3655 8
2788 3601 2939 3655 statu

672 3682 726 3745 S,
765 3684 981 3735 tantum
1017 3681 1240 3753 LNQT
1488 3685 1781 3739 colocasset
1820 3686 1866 3756 Q
2118 3688 2353 3757 primum
2386 3704 2457 3741 ex
2489 3686 2661 3755 primo
2696 3685 2745 3743 S
2772 3704 2845 3742 m.
2882 3690 2941 3751 2,

671 3784 850 3837 prome
891 3768 953 3839 Q,
988 3784 1170 3838 promo
1212 3770 1263 3824 T
1533 3772 1567 3825 9
1601 3771 1855 3840 respicite
1892 3774 1946 3838 S,
1982 3774 2239 3843 respiciat
2274 3774 2524 3845 LNQTv
2786 3774 2936 3843 loqui

673 3854 766 3922 qui
809 3855 862 3910 T
1077 3870 1247 3923 neque
1283 3854 1366 3909 ita
1402 3856 1476 3925 se]
1517 3857 1820 3926 nequitiam
1856 3858 1949 3913 sed
1987 3858 2050 3929 Q,
2086 3876 2153 3913 ne
2188 3860 2316 3928 quia
2352 3860 2441 3914 sed
2485 3860 2538 3914 T
2752 3860 2822 3914 10
2854 3861 2937 3914 in·

669 3941 980 3996 mortalitas
1020 3941 1067 4012 Q
1104 3941 1537 4010 (inmortalitatis
1573 3943 1665 4006 M)
1884 3960 1979 4013 spe
2013 3945 2275 4015 promissa
2318 3946 2370 4000 T
2585 3948 2735 4017 parti
2773 3946 2880 4017 ΩΤ

672 4028 739 4082 12
774 4029 988 4096 patrum
1030 4029 1082 4083 T
1331 4027 1489 4098 nihil]
1528 4029 1669 4084 mihi
1708 4029 1814 4100 ΩΤ
2070 4031 2317 4087 credendi
2352 4048 2493 4087 corr.
2528 4034 2593 4087 in
2626 4031 2944 4088 credendum

673 4116 714 4167 S
745 4130 815 4167 m.
851 4116 888 4167 2
1095 4114 1163 4167 13
1196 4114 1412 4169 homine
1454 4115 1506 4170 T
1712 4116 1782 4171 14
1818 4117 2084 4172 aemulare
2128 4120 2179 4173 T
2378 4118 2661 4189 ingentiuo
2698 4119 2821 4190 LQ,
2856 4118 2941 4172 in·

671 4198 917 4269 gentium
958 4199 1010 4254 T
1175 4198 1429 4255 mercedis
1466 4218 1501 4256 υ
1675 4202 1744 4256 16
1778 4218 1915 4271 quae
1949 4202 2024 4269 N,
2059 4220 2217 4273 quem
2254 4204 2427 4276 LQT,
2464 4222 2564 4260 om.
2600 4207 2648 4260 S
2806 4221 2945 4259 sem-

671 4286 783 4354 per]
821 4301 917 4355 per
957 4286 1009 4340 T
1209 4287 1265 4341 et
1298 4302 1434 4356 quae
1468 4288 1582 4340 tam
1620 4288 1676 4351 S,
1714 4302 1814 4341 om.
1840 4304 1874 4343 υ
2079 4291 2408 4346 euersionem
2446 4308 2598 4347 suam
2623 4290 2853 4357 LN⁸S¹‚
2884 4293 2947 4349 in

672 4371 998 4425 euersionem
1037 4388 1188 4427 suam
1222 4389 1257 4428 v
1481 4372 1550 4427 18
1585 4372 1823 4442 quidem]
1861 4374 1956 4443 qui
1990 4374 2101 4430 iam
2141 4376 2205 4449 Q,
2241 4393 2341 4433 om.
2378 4394 2413 4434 v
2620 4394 2769 4433 secur
2806 4379 2876 4434 Β*

672 4454 758 4524 ad]
795 4472 828 4510 a
869 4456 920 4511 T
1119 4458 1367 4513 arborum
1402 4458 1532 4525 LN,
1573 4474 1677 4513 om.
1717 4458 1766 4530 Q
