3217 5150
815 531 904 585 De
939 531 1436 599 singularitate
1471 531 1873 586 clericorum
1910 548 1951 587 c.
1989 532 2210 587 25—27.
2510 541 2635 605 203

380 689 814 750 nescierunt
871 693 1326 751 sacramenta
1375 690 1523 749 Dei.
1583 691 1865 751 Iohannes
1922 694 2113 751 autem
2144 695 2380 753 matrem
2410 693 2637 753 Domini

379 792 702 866 suscepisse
733 793 977 852 uidetur.
1010 794 1112 853 sed
1143 796 1382 853 matrem
1410 794 1570 853 cuius
1599 810 1785 853 mores
1814 796 2137 855 maternum
2166 796 2385 857 indicat
2411 813 2643 877 nomen„

379 898 575 957 tamen
625 912 739 955 non
767 912 998 969 possum
1027 899 1088 957 et
1115 896 1260 956 alias
1292 896 1507 957 Christi
1557 900 1771 958 matres
1816 896 2138 971 admittere,
2190 916 2293 959 nec
2344 900 2639 974 aequanda

381 1002 473 1059 est
529 999 862 1059 mulieribus
919 1000 1139 1059 cunctis
1169 1048 1176 1055 .
1209 1016 1354 1078 quae
1431 1000 1631 1075 genuit
1698 1000 2073 1061 maiestatem.
2150 1001 2351 1063 Helias
2412 1018 2637 1076 quoque

335 1123 366 1163 s
380 1102 574 1163 iussus
625 1104 714 1163 est
763 1120 800 1162 a
827 1102 1067 1162 Domino
1097 1103 1414 1177 relinquere
1459 1102 1825 1163 solitudinem
1854 1106 1915 1163 et
1943 1103 2167 1177 ingredi
2210 1105 2635 1165 tabernaculum

381 1205 608 1266 uiduae.
639 1222 744 1280 pro
772 1205 1008 1280 imperio
1038 1205 1268 1267 Domini
1294 1206 1580 1267 laborauit
1609 1210 1676 1266 ut
1702 1206 1763 1265 in
1792 1207 1957 1267 domo
1984 1206 2293 1267 mansisset
2309 1251 2324 1278 ,
2370 1209 2462 1267 cui
2492 1208 2630 1269 soli-

377 1310 520 1370 tudo
548 1308 825 1383 palatium
852 1310 1186 1383 praestabat
1214 1310 1289 1369 ad
1317 1310 1604 1384 requiem:
1636 1310 1985 1371 occasionem
2008 1308 2097 1369 illi
2118 1308 2394 1370 Dominus
2424 1310 2635 1371 obtulit

378 1413 454 1472 ad
481 1412 771 1487 magnalia
797 1412 1086 1488 facienda,
1137 1414 1204 1471 ut
1229 1412 1402 1472 famis
1429 1414 1685 1486 tempore
1713 1412 1896 1489 magis
1938 1412 2051 1487 ipsi
2080 1414 2199 1473 tam
2228 1411 2433 1473 uiduae
2463 1432 2635 1488 quam

377 1514 618 1590 pupillis
641 1517 762 1575 eius
797 1515 1140 1575 sufficientia
1161 1515 1757 1607 tribueretualimenta,
1804 1516 1903 1589 qui
1932 1516 2158 1575 ieiuniis
2200 1533 2381 1591 usque
2412 1534 2635 1591 quaque

301 1640 362 1680 ιο
377 1618 645 1679 adflictus
673 1618 1020 1680 toleranerat
1049 1618 1424 1692 indigentiam
1453 1622 1511 1679 et
1541 1619 1643 1693 qui
1692 1619 1903 1679 missus
1932 1622 2169 1679 uenerat
2196 1619 2385 1694 pasci,
2430 1621 2633 1695 pastus

377 1722 522 1796 quin
549 1722 722 1782 immo
751 1722 1046 1783 conferens
1097 1722 1324 1783 miseris
1373 1722 1638 1782 miserias
1682 1723 1957 1797 egestatis
2000 1722 2139 1783 fecit
2168 1723 2408 1783 excludi.
2438 1725 2497 1782 et
2527 1725 2637 1785 hoc

374 1844 492 1887 non
519 1828 712 1900 potest
739 1827 1074 1900 cuiusquam
1095 1826 1290 1887 fauere
1320 1826 1572 1887 fluxurae
1585 1870 1600 1899 ‚
1657 1842 1785 1885 cum
1812 1825 1979 1886 nulla
2020 1826 2195 1887 fuerit
2238 1825 2634 1902 opportunitas

377 1930 654 2003 scandali,
703 1930 806 1989 ubi
833 1932 1198 1990 transeunter
1236 1931 1385 2005 quod
1429 1930 1593 2005 peius
1644 1933 1735 1991 est
1784 1934 2105 2005 egestosam
2158 1930 2362 1991 habuit
2412 1930 2631 1992 mansi-

377 2050 544 2093 onem
572 2050 743 2107 qnam
773 2032 1110 2108 quicumque
1139 2033 1346 2108 hospes
1376 2034 1673 2109 effugeret.
1726 2036 1788 2094 at
1830 2034 1925 2095 hic
1953 2036 2105 2109 apud
2136 2052 2279 2110 quos
2309 2035 2633 2109 hospitatus

315 2139 470 2198 uest
497 2136 761 2212 impleuit
773 2139 834 2196 et
843 2136 1034 2207 rediit,
1066 2136 1164 2210 qui
1195 2136 1419 2197 etiamsi
1439 2139 1775 2211 moraretur,
1808 2141 2107 2213 suspectus
2130 2154 2256 2198 esse
2285 2156 2399 2219 non
2421 2138 2634 2212 potuit.

373 2239 562 2314 qualis
592 2238 716 2299 illic
743 2238 856 2299 fuit
885 2240 1307 2300 communitatis
1337 2240 1597 2301 adfectus
1618 2286 1635 2313 ‚
1678 2241 1779 2300 ubi
1807 2258 1920 2301 non
1950 2244 2076 2301 erat
2103 2242 2291 2301 uictus
2313 2245 2341 2300 ⁴?
2402 2242 2461 2301 et
2491 2258 2635 2316 qua·

371 2343 488 2403 lem
515 2342 591 2401 ad
621 2342 854 2401 uiduam
886 2342 1090 2401 habuit
1119 2341 1320 2401 Helias
1349 2341 1649 2403 introitum
1703 2342 1795 2402 cui
1838 2343 2019 2403 fames
2068 2344 2228 2403 dedit
2279 2343 2589 2417 hospitium
2602 2348 2633 2402 ⁴?

373 2444 636 2520 quisquis
687 2462 750 2505 es
809 2445 907 2518 qui
964 2448 1022 2505 te
1066 2445 1158 2504 uis
1186 2444 1389 2505 Heliae
1419 2447 1490 2505 de
1517 2446 1958 2506 commoratione
1988 2445 2192 2507 uiduae
2235 2447 2425 2507 uocari
2455 2447 2633 2507 disci-

375 2550 574 2625 pulum
590 2595 606 2624 ,
655 2549 816 2625 prius
847 2548 1177 2611 solitudinis
1207 2549 1548 2610 afflictiones
1579 2552 1639 2610 et
1668 2549 2047 2625 quadraginta
2089 2550 2307 2610 dierum
2336 2550 2521 2610 tolera
2546 2550 2631 2610 ie-

309 2675 366 2718 so
381 2654 554 2714 iunus
605 2654 842 2728 exitum,
889 2657 949 2714 et
1001 2655 1101 2713 aut
1152 2671 1264 2714 non
1315 2670 1558 2727 quaeres
1608 2653 1879 2713 feminam
1928 2657 2028 2713 aut
2074 2671 2185 2712 non
2236 2653 2346 2712 erit
2376 2654 2475 2728 qui
2504 2669 2633 2712 cum

373 2757 587 2818 femina
636 2759 1030 2830 commoretur,
1059 2761 1120 2818 et
1169 2759 1364 2816 tamen
1416 2756 1467 2815 si
1493 2756 1745 2816 ualueris
1774 2755 1885 2816 tibi
1914 2771 2098 2816 serua.
2154 2755 2320 2817 nobis
2351 2758 2541 2816 autem
2571 2757 2634 2816 in

374 2859 588 2936 spiritu
615 2863 674 2920 et
700 2861 918 2919 uirtute
949 2859 1154 2919 Heliae
1185 2876 1296 2919 non
1325 2859 1500 2920 alium
1533 2878 1705 2935 quam
1733 2860 2040 2920 Iohannem
2074 2861 2257 2920 solum
2300 2861 2540 2934 angelus
2572 2861 2633 2921 et

373 2964 652 3024 Dominus
685 2964 948 3024 Christus
978 2962 1254 3024 insinuat.

460 3084 572 3145 Pro
604 3083 766 3144 nefas
797 3085 987 3146 dolere
1017 3085 1271 3160 cogimur
1302 3086 1453 3158 quod
1482 3085 1765 3159 docemus,
1795 3086 1895 3160 qui
1928 3102 2105 3158 usque
2136 3086 2211 3146 ad
2240 3087 2344 3146 hoc
2368 3085 2631 3146 uenimus
2653 3086 2733 3146 27

299 3209 353 3250 2⁵
373 3190 440 3247 ut
467 3188 530 3246 in
579 3187 996 3262 comparatione
1048 3188 1324 3248 fluxorum
1352 3190 1423 3248 de
1455 3191 1777 3249 sanctorum
1810 3189 2119 3250 tremendis
2148 3188 2461 3248 uirtutibus
2507 3188 2628 3250 dis·-

371 3293 656 3366 putemus.
707 3309 876 3366 parce
903 3289 1020 3350 iam
1051 3308 1239 3365 parce,
1271 3293 1637 3365 proteruitas.
1698 3309 2005 3367 numquam
2038 3292 2147 3352 tibi
2178 3293 2361 3352 sancti
2390 3308 2627 3352 consen-

371 3394 526 3454 tiunt
542 3394 640 3468 qui
655 3393 923 3470 religiosa
939 3397 1196 3454 modesta
1224 3395 1545 3455 ueneranda
1574 3395 1781 3470 pudica
1807 3396 2086 3469 pudorata
2114 3413 2243 3454 cum
2273 3394 2497 3455 feminis
2525 3410 2629 3453 ne-

372 3499 532 3575 gotia
559 3502 921 3574 peregerunt.
951 3503 1051 3560 aut
1081 3502 1132 3560 si
1161 3501 1345 3560 adhuc
1374 3518 1476 3575 per
1501 3503 1729 3560 sanctos
1752 3500 2135 3560 cauillationis
2158 3499 2469 3560 amfractus
2493 3516 2629 3558 con-

377 3603 570 3662 tendis
597 3603 910 3677 exquirere,
934 3621 1038 3664 nos
1067 3607 1258 3664 tamen
1279 3604 1492 3664 amicos
1515 3603 1623 3663 Dei
1646 3621 1759 3663 non
1774 3604 2035 3691 nouimus
2064 3604 2175 3664 nisi
2205 3604 2279 3663 ad
2310 3602 2631 3663 ueneratio-

511 3940 548 3995 3
579 3940 854 4010 aequando
891 3941 959 3996 0¹
1164 3943 1199 3996 6
1234 3942 1314 4011 ut]
1353 3943 1450 3996 aut
1481 3942 1610 4008 fort.
1676 4003 1683 4010 ·
1806 3941 1860 3994 .7
1896 3941 2159 4010 palatium
2195 3957 2245 4009 p.
2281 3940 2351 3994 ad
2394 3941 2451 4005 Ο,
2491 3943 2629 3996 sola-

370 4025 512 4081 tium
535 4044 587 4097 p.
625 4029 684 4082 et
715 4045 747 4080 v
884 4028 920 4082 8
951 4028 1126 4098 magis
1161 4027 1324 4082 famis
1357 4030 1594 4097 tempore
1630 4045 1665 4084 v
1801 4027 1974 4096 ipsius
2006 4028 2124 4080 tam
2156 4027 2213 4092 0,
2251 4029 2366 4081 tam
2400 4029 2564 4098 ipsiu

370 4113 408 4168 9
440 4111 657 4166 ieiunii·
699 4113 746 4168 0
776 4128 802 4166 s
838 4128 976 4167 eras.
1255 4128 1464 4182 quaque
1506 4113 1553 4170 0
1583 4129 1627 4168 s.
1664 4114 1700 4170 1.
1738 4129 1806 4168 m.
1845 4117 1886 4168 2
2161 4115 2226 4167 11
2263 4112 2477 4168 fecisset
2520 4115 2566 4170 Ο

373 4198 442 4252 12
475 4198 762 4267 cuiuquam
805 4199 852 4256 0
1020 4199 1222 4254 fluxura
1266 4200 1320 4264 G,
1360 4199 1602 4254 luxuriae
1635 4216 1670 4255 υ
1842 4200 1911 4254 13
1943 4199 2197 4255 habuerit
2231 4218 2267 4256 v
2438 4200 2506 4255 14
2538 4200 2629 4255 hic

372 4284 516 4354 apud
559 4285 606 4341 G
634 4301 676 4340 s.
713 4285 750 4340 1.
785 4299 857 4339 m.
892 4287 933 4339 2
1173 4287 1240 4340 16
1275 4285 1517 4340 adfectus
1562 4286 1622 4351 Ο,
1644 4286 1875 4370 effectus
1908 4304 1942 4343 v
2185 4287 2249 4340 17
2287 4286 2447 4341 famis
2489 4287 2561 4342 0¹

371 4370 440 4424 19
473 4369 663 4426 ieiunii
695 4387 728 4426 v
881 4371 952 4426 20
986 4372 1198 4440 quaeris
1240 4372 1308 4428 0¹
1463 4371 1533 4426 22
1567 4372 1713 4427 solu·
1758 4373 1805 4429 Ο
1948 4373 2019 4426 24
2052 4372 2203 4428 nefas
2250 4371 2307 4436 Ο,
2340 4370 2493 4426 dolor
2526 4388 2560 4427 v

371 4455 552 4512 dolore
593 4457 662 4512 0¹
867 4457 936 4511 28
971 4457 1263 4512 amfractus
1300 4474 1372 4512 ex
1406 4457 1675 4512 acfractus
1718 4459 1765 4516 0
