3217 5150
659 543 786 608 228
1601 535 1970 605 Appendix.

659 699 943 775 promissa
971 699 1206 758 Christi.
1253 698 1474 756 nullum
1529 697 1679 755 enim
1730 696 2169 756 instrumentum
2222 694 2679 767 indubitabilius,
2740 712 2913 769 quam

661 804 814 878 quod
843 806 931 863 tot
960 806 1270 877 martyrum
1303 801 1580 875 sanguine
1611 800 1904 875 signatum
1932 802 2041 859 est.
2097 784 2203 858 hoc
2246 799 2513 857 nimirum
2558 800 2649 857 est
2677 797 2917 871 implere

661 907 896 967 uerbum
925 905 1050 980 Dei,
1082 907 1189 965 hoc
1219 908 1307 965 est
1334 903 1554 978 replere
1585 902 1968 976 euangelium.

560 1009 638 1067 11
751 1009 1116 1069 Sedinterim
1145 1008 1520 1082 grauissimus
1573 1005 1735 1065 dolor
1785 1006 2042 1065 oboritur
2072 1005 2257 1065 animo
2289 1022 2411 1065 meo
2428 1048 2445 1077 ‚
2498 1003 2722 1077 dilecti,
2779 1006 2919 1063 dum

665 1130 882 1172 mecum
911 1114 1130 1186 reputo,
1161 1128 1288 1170 cum
1319 1110 1504 1170 adhuc
1533 1126 1733 1169 recens
1762 1108 1863 1169 ille
1894 1108 2113 1168 Christi
2166 1109 2400 1183 sanguis
2444 1107 2665 1167 feruere
2710 1107 2919 1166 debeat
2942 1132 2975 1169 s

659 1217 720 1275 in
751 1216 1012 1275 cordibus
1043 1214 1314 1286 fidelium,
1347 1214 1464 1271 tam
1497 1213 1707 1273 multos
1730 1230 1861 1271 esse
1892 1213 1951 1271 in
1982 1212 2189 1287 quibus
2218 1211 2443 1271 refrixit
2472 1211 2701 1283 caritas,
2734 1214 2911 1284 atque

658 1321 766 1378 hoc
795 1319 1026 1393 grauius
1056 1317 1386 1388 discrucior,
1419 1318 1568 1389 quod
1596 1316 1745 1374 tales
1772 1332 1883 1374 non
1906 1333 2117 1390 paucos
2140 1318 2398 1390 pastores
2422 1316 2631 1375 habeat
2651 1314 2913 1387 ecclesia,

665 1422 764 1497 qui
793 1440 905 1481 non
933 1422 1118 1481 solum
1147 1437 1258 1479 non
1289 1420 1582 1493 opponunt
1611 1435 1849 1491 corpora
1879 1436 1984 1478 sua
2025 1420 2301 1479 aduersus
2332 1419 2593 1493 luporum
2622 1417 2907 1489 incursus,

660 1542 858 1586 uerum
887 1524 1060 1584 etiam
1090 1523 1202 1598 ipsi
1233 1522 1400 1596 lupos
1422 1524 1602 1596 agunt
1618 1568 1631 1594 ,
1678 1522 1809 1581 dum
1852 1524 2103 1582 mactant
2146 1540 2213 1583 ac
2240 1522 2487 1596 perdunt
2516 1520 2737 1581 animas
2768 1520 2909 1580 sim·

655 1629 906 1703 plicium‚
954 1627 1066 1701 ipsi
1115 1626 1302 1685 uentri
1353 1643 1474 1699 suo,
1529 1624 1790 1699 quaestui
1844 1628 1901 1685 et
1945 1625 2243 1685 ambitioni
2290 1625 2624 1696 seruienteS,
2656 1624 2911 1697 adeoquo
2938 1646 2997 1684 ιο

659 1748 773 1791 non
801 1730 1043 1804 implent
1055 1730 1286 1789 uerbum
1311 1728 1436 1799 Dei,
1468 1731 1535 1787 ut
1563 1728 1709 1787 illud
1734 1731 2123 1801 cauponentur
2144 1728 2333 1801 potius
2362 1732 2422 1787 et
2452 1728 2644 1802 impiis
2674 1728 2913 1801 dogma-

659 1836 815 1894 tibus
846 1834 1198 1894 adulterent:
1231 1848 1336 1891 neo
1365 1833 1623 1905 cogitant
1651 1832 1799 1906 quod
1823 1830 1923 1891 ille
1944 1834 2235 1905 pastorum
2258 1832 2519 1905 princeps
2544 1830 2909 1891 seuerissime

655 1937 864 1997 iudicio
895 1939 1151 2010 reposcet
1174 1936 1435 2009 singulas
1466 1953 1621 2007 oueS,
1657 1950 1758 2008 pro
1790 1934 1997 2007 quibus
2016 1934 2361 1994 redimendis
2382 1934 2719 2007 sanguinem
2744 1952 2913 1993 suum

661 2041 908 2111 fuderat,
939 2040 1008 2098 de
1050 2039 1312 2099 manibus
1343 2056 1551 2099 eorum.
1587 2039 1687 2098 sed
1728 2038 1861 2097 illos
1904 2056 2068 2099 suum
2110 2041 2304 2099 manet
2334 2038 2709 2113 supplicium:
2762 2054 2914 2097 nunc

661 2142 868 2203 melius
898 2145 986 2203 est
1018 2145 1084 2201 ut
1113 2142 1338 2203 omissis
1369 2142 1620 2215 querelis
1650 2158 1754 2201 nos
1783 2142 2034 2202 inuicem
2084 2143 2155 2201 ad
2208 2141 2453 2201 officium
2504 2143 2653 2214 quod
2684 2141 2915 2201 Christo
2940 2164 2997 2202 ιε

662 2247 932 2306 debemus
963 2246 1341 2307 exhortemur.
1534 2320 1540 2325 Δ
1850 2238 1857 2243 ’

582 2350 663 2409 12
750 2349 979 2423 Triplex
1009 2366 1045 2407 a
1074 2348 1302 2407 Christo
1333 2348 1719 2408 testimonium
1752 2348 2103 2421 accepimus,
2158 2348 2368 2421 triplex
2398 2346 2487 2406 illi
2516 2347 2919 2410 testimonium

659 2453 960 2513 reddamus
1026 2453 1266 2526 oportet.
1329 2452 1650 2512 rudimenta
1701 2450 1947 2511 fideliter
1998 2452 2288 2511 tradamus
2346 2451 2723 2535 baptizandis,
2786 2468 2918 2525 per-

655 2558 896 2618 fectiora
925 2556 1246 2632 baptizatis.
1303 2556 1697 2617 confirmemus
1746 2556 1877 2618 illos
1906 2556 2191 2636 fructibus
2234 2557 2472 2632 spiritus
2500 2556 2575 2616 ad
2602 2555 2913 2617 caelestem

653 2661 836 2722 uitam
865 2665 1258 2736 prouocantes,
1297 2665 1354 2720 et
1384 2662 1436 2721 si
1467 2677 1560 2720 res
1587 2661 1872 2736 postulet,
1917 2661 2162 2722 libenter
2191 2661 2363 2720 etiam
2394 2660 2572 2721 uitam
2600 2659 2906 2720 commisso
2932 2681 2991 2722 so

647 2765 812 2824 nobis
842 2765 1004 2839 gregi
1035 2749 1438 2838 impendamus‘
1457 2768 1767 2839 nostraque
1800 2768 1981 2825 morte
2014 2765 2267 2825 uicissim
2298 2765 2477 2824 Deum
2507 2763 2882 2823 clarificemus
2896 2810 2909 2822 .

651 2869 710 2926 et
738 2884 811 2926 ne
843 2868 934 2927 cui
963 2868 1226 2926 uideatur
1261 2868 1466 2927 mirum
1498 2871 1679 2928 morte
1711 2868 1999 2928 hominum
2029 2867 2341 2942 glorificari
2370 2867 2569 2939 Deum,
2604 2867 2737 2927 audi
2766 2868 2905 2926 bea-

642 2971 768 3029 tum
797 2970 1068 3030 Ioannem
1097 2971 1158 3030 in
1187 2971 1484 3046 euangelio
1516 2972 1584 3030 de
1617 2973 1807 3044 Petr0,
1826 2972 1941 3032 ·cui
1972 2971 2249 3032 Dominus
2280 2971 2641 3047 praedixerat
2670 2971 2791 3030 fore
2842 2973 2907 3028 ut

643 3073 744 3132 ubi
773 3073 1073 3144 senuisset,
1105 3073 1178 3132 ab
1207 3073 1320 3134 alio
1351 3073 1678 3148 cingeretur
1708 3076 1767 3133 et
1796 3075 2095 3135 duceretur
2140 3093 2250 3150 quo
2294 3075 2491 3153 nollet,
2537 3075 2621 3133 ita
2664 3075 2904 3148 loquen-

646 3179 796 3236 tem:
859 3176 1316 3250 significans
1359 3193 1496 3251 qua
1537 3179 1765 3238 morte
1811 3181 2016 3238 esset
2059 3178 2643 3252 glorificaturus
2668 3177 2901 3236 Deum.
2930 3197 2987 3238 κ

653 3281 933 3354 quotquot
961 3279 1141 3354 igitur
1179 3280 1254 3338 ab
1298 3281 1433 3340 orbe
1485 3281 1711 3340 condito
1752 3284 1986 3355 propter
2015 3281 2216 3362 Deum,
2261 3284 2493 3355 propter
2522 3279 2803 3342 iustitiam
2836 3297 2905 3339 ac

645 3383 920 3458 pietatem
952 3383 1162 3443 mortui
1192 3385 1344 3454 sunt,
1375 3386 1554 3444 morte
1579 3401 1685 3444 sua
1706 3385 2171 3458 glorificauerunt
2192 3384 2391 3444 Deum.
2425 3401 2557 3444 nam
2586 3383 2897 3457 eleemosy-

641 3503 749 3547 nas
777 3485 990 3546 ieiunia
1035 3487 1390 3560 precationes
1437 3487 1663 3562 aliaque
1695 3487 1929 3562 pietatis
1958 3488 2396 3548 exercitamenta
2426 3486 2700 3547 simulant
2726 3487 2901 3547 etiam

642 3590 1003 3665 hypocritae:
1035 3593 1274 3649 mortem
1301 3607 1464 3650 nemo
1497 3591 1749 3665 suscepit
1779 3591 2045 3651 alacriter
2064 3638 2077 3664 ,
2110 3591 2222 3650 nisi
2253 3592 2349 3666 qui
2380 3595 2532 3650 certo
2562 3607 2895 3665 persuasum

647 3691 904 3766 haberet,
949 3692 1095 3751 nihil
1118 3694 1344 3753 aduersi
1373 3711 1540 3769 posse
1569 3695 1824 3754 accidere
1856 3694 1931 3754 iis
1960 3694 2059 3769 qui
2088 3695 2405 3770 persistunt
2432 3695 2493 3753 in
2516 3694 2755 3754 caritate
2776 3692 2899 3753 Dei.
2924 3719 2987 3760 so

543 3801 623 3860 13
727 3795 928 3870 Neque
957 3798 1148 3856 tamen
1173 3798 1367 3857 statim
1391 3801 1608 3872 martyr
1630 3800 1721 3857 est
1746 3799 1845 3872 qui
1868 3797 2161 3870 occiditur,
2190 3798 2522 3858 occiduntur
2544 3801 2605 3857 et
2626 3797 2819 3856 sicarii
2844 3799 2903 3855 et

641 3899 893 3975 piratae:
915 3917 1028 3960 non
1051 3901 1396 3976 supplicium
1418 3901 1560 3961 facit
1583 3904 1889 3976 martyrem
1922 3903 2024 3961 sed
2052 3919 2243 3962 causa.
2270 3903 2418 3977 quod
2440 3902 2606 3977 siqui
2633 3902 2902 3976 leguntur

645 4003 755 4062 sibi
777 4003 1002 4064 fortiter
1025 4004 1370 4066 consciuisse
1395 4021 1605 4076 necem,
1638 4006 1739 4064 aut
1766 4005 2069 4066 infirmitas
2094 4009 2216 4067 erat
2232 4008 2411 4066 morte
2437 4022 2715 4078 quaerens
2741 4004 2902 4063 dolo-

509 4139 516 4150 ·
641 4125 770 4167 rum
789 4106 958 4166 finem
980 4111 1084 4167 aut
1105 4108 1341 4168 ambitio
1365 4111 1466 4167 aut
1495 4109 1796 4168 dementia.
1828 4125 1936 4169 nec
1964 4111 2072 4170 hoc
2102 4112 2191 4170 est
2213 4109 2604 4168 testimonium
2628 4107 2903 4182 praebere

487 4277 513 4292 „
637 4211 760 4271 Deo
791 4209 850 4268 id
879 4208 1064 4270 facere
1107 4211 1258 4284 quod
1289 4213 1347 4270 et
1377 4209 1494 4270 Deo
1526 4210 1794 4285 displicet
1846 4216 1906 4271 et
1957 4213 2216 4286 gentium
2246 4213 2419 4272 etim
2449 4211 2675 4285 legibus
2704 4210 2905 4284 prohi-
2930 4235 2989 4276 es

787 4473 858 4526 25
892 4473 968 4527 Io.
1007 4473 1090 4528 21.
1129 4473 1210 4526 19.
