3217 5150
1001 480 1092 532 De
1127 478 1394 549 duplici
1429 480 1755 547 martyrio
1792 476 2025 533 e.‘2-5.
2510 481 2637 547 223

377 643 520 710 tem,
575 640 628 698 si
669 639 909 713 spiritus
955 638 1115 698 illius
1156 643 1358 713 regnet
1405 638 1465 696 in
1508 638 1677 697 nohis
1706 640 1765 697 et
1795 639 1847 697 si
1888 638 2047 697 illius
2092 639 2383 697 uoluntati
2415 640 2633 698 obtem-

253 800 266 811 ,
379 745 614 816 peretur
642 743 704 800 in
734 742 920 814 terris,
956 743 1426 815 quemadmodum
1456 742 1517 799 in
1547 740 1723 801 caelis
1753 740 1913 799 nulla
1951 745 2039 801 est
2070 740 2327 801 rebellio.
2371 742 2637 821 quoniam

383 847 578 905 autem
617 844 875 903 homines
916 862 984 905 ex
1025 860 1148 903 sese
1192 843 1340 904 nihil
1386 845 1602 903 habent
1631 843 1885 917 uirtutis,
1917 843 2193 917 quidquid
2220 861 2325 917 per
2354 861 2457 903 nos
2486 846 2636 905 recte

380 949 601 1023 geritur
653 948 804 1007 cedit
843 947 906 1007 in
956 948 1200 1021 gloriam
1243 948 1351 1009 Dei
1399 951 1458 1007 et
1509 947 1635 1007 ideo
1686 948 2019 1007 thesaurum
2070 947 2295 1005 diuinae
2347 948 2637 1021 potentiae

333 1056 358 1093 ⁵
377 1051 593 1125 promit
622 1050 907 1109 interdum
938 1066 1008 1109 ex
1038 1050 1193 1111 uasis
1223 1050 1516 1122 fictilibus,
1564 1051 1627 1109 ut
1659 1049 1981 1109 sublimitas
2024 1048 2102 1109 sit
2153 1049 2390 1108 uirtutis
2418 1050 2525 1109 Dei
2579 1053 2635 1109 et

375 1171 493 1214 non
524 1172 594 1213 ex
624 1153 807 1213 nobis·

462 1257 615 1331 Ergo
660 1273 1001 1330 quamquam
1044 1257 1224 1316 omnis
1271 1256 1494 1331 piorum
1538 1256 1662 1315 uita
1704 1255 1976 1329 martyrio
2008 1271 2109 1313 suo
2138 1253 2426 1327 glorificat
2454 1255 2637 1313 Deum
2677 1253 2719 1311 4

374 1362 435 1419 et
465 1359 756 1418 Christum
783 1360 966 1417 filium
996 1359 1137 1432 eius,
1169 1360 1395 1419 nullum
1423 1362 1618 1419 tamen
1650 1360 1739 1417 est
1761 1358 2049 1417 illustrius
2071 1357 2461 1416 testimonium
2485 1359 2635 1432 apud

377 1462 634 1521 homines
687 1480 856 1537 quam
908 1452 1221 1537 sanguinis,
1275 1464 1383 1523 hoc
1434 1466 1524 1523 est
1557 1464 1708 1522 uitae
1739 1464 1973 1535 propter
2001 1462 2181 1520 Deum
2225 1462 2542 1521 contemtae
2576 1463 2634 1521 et

303 1570 357 1607 ¹⁰
376 1565 580 1624 mortis
611 1566 834 1625 fortiter
865 1566 1158 1625 toleratae.
1191 1567 1560 1626 reddiderunt
1593 1567 1653 1624 et
1682 1564 1957 1624 miracula
1984 1563 2378 1623 testimonium
2403 1564 2631 1623 diuinae

373 1670 684 1741 potentiae,
736 1669 1076 1743 praesertim
1127 1671 1278 1743 apud
1329 1669 1673 1741 incredulos,
1726 1685 1858 1725 narn
1910 1668 2002 1725 his
2045 1666 2271 1740 proprie
2317 1667 2455 1726 data
2498 1668 2633 1725 sunt

375 1770 564 1845 signa,
596 1773 1067 1846 quemadmodum
1099 1772 1303 1832 scribit
1333 1773 1535 1831 beatus
1580 1771 1873 1846 apostolus
1898 1791 1911 1829 :
1959 1771 2061 1829 sed
2090 1787 2312 1843 semper
2342 1769 2630 1829 efficacius

374 1874 488 1933 fuit
540 1874 836 1949 sanguinis
889 1876 1107 1949 profusi
1160 1875 1567 1935 testimonium.
1619 1876 1758 1948 quot
1813 1874 2038 1933 morbos
2079 1872 2429 1933 insanabiles
2460 1874 2630 1931 uerbo

375 1980 608 2037 sanarat
647 1978 921 2038 Dominus
937 2023 952 2050 ,
1000 1981 1140 2053 quot
1185 1996 1380 2038 caecos
1423 1979 1781 2049 illustrarat,
1839 1979 1977 2050 quot
2024 1994 2251 2035 mancos
2283 1976 2629 2051 paralyticos

303 2092 354 2130 1⁵
375 2098 442 2139 ac
471 2081 690 2141 debiles
721 2082 1087 2155 restituerat,
1134 2085 1274 2155 quot
1317 2083 1603 2142 exanimes
1634 2083 1708 2140 ad
1750 2082 1932 2141 uitam
1962 2084 2257 2140 reuocarat
2278 2085 2305 2139 ’.δ
2352 2084 2411 2140 et
2441 2084 2629 2140 tamen

373 2185 539 2258 pauci
599 2186 906 2245 credebant
967 2186 1029 2244 in
1086 2203 1247 2259 eum,
1319 2188 1376 2244 et
1435 2184 1739 2245 audiebat:
1820 2184 1891 2242 in
1935 2184 2344 2243 Beelzebub
2404 2184 2631 2243 eiecit

374 2286 768 2348 daemonia.
815 2290 1064 2355 ceterum
1099 2289 1196 2347 ubi
1228 2267 1464 2349 uentum
1493 2291 1582 2348 est
1611 2288 1684 2347 ad
1716 2287 2071 2362 sanguinem,
2118 2287 2198 2346 ibi
2230 2286 2512 2346 deiectum
2541 2288 2631 2345 est

374 2392 608 2449 satanae
659 2408 919 2467 regnum,
975 2392 1058 2451 ibi
1111 2393 1382 2451 suba-ctus
1424 2395 1513 2450 est
1559 2392 1822 2449 mundus.
1870 2394 2268 2449 commemorat
2298 2392 2356 2447 et
2388 2390 2630 2448 Ioannes

371 2493 729 2568 euangelista
771 2495 982 2569 triplex
1037 2496 1097 2553 in
1140 2498 1295 2554 terra
1337 2495 1746 2565 testimonium,
1793 2491 2034 2565 spiritus
2079 2502 2233 2565 aqua·
2270 2494 2327 2549 et
2369 2491 2624 2565 sanguis,

295 2613 354 2654 ρο
373 2599 524 2671 quod
554 2597 1012 2659 efficacissimum
1043 2602 1130 2658 est
1161 2602 1444 2672 postremo
1475 2615 1777 2657 recensens
1820 2598 1963 2657 loce.
2017 2596 2281 2670 spiritum
2314 2596 2375 2654 in
2408 2595 2623 2655 colum-

371 2701 478 2760 bae
508 2702 694 2775 specie
725 2702 1162 2762 descendentem
1193 2719 1362 2774 super
1392 2701 1582 2760 Iesum
1614 2700 1807 2760 uidere
1840 2699 2047 2758 meruit
2077 2700 2317 2768 Ioannes
2347 2699 2621 2773 baptista,

368 2821 444 2862 311
474 2805 574 2863 3111
625 2805 877 2864 uiderint
925 2807 1224 2864 incertum.
1274 2805 1426 2864 certe
1469 2805 1577 2874 hoc
1622 2803 2011 2863 testimonium
2053 2803 2254 2862 Ioanni
2284 2805 2484 2862 datum
2515 2807 2621 2877 est,

368 2925 478 2981 quo
522 2909 804 2968 desineret
857 2909 1119 2968 dubitare
1149 2909 1217 2966 de
1249 2907 1486 2966 Domino
1532 2907 1701 2979 Iesu,'
1739 2925 1813 2966 an
1838 2905 1964 2968 ,ille
1996 2910 2149 2965 esset
2177 2907 2276 2979 qui
2306 2907 2624 2980 baptizaret

368 3011 582 3084 spiritu
634 3013 691 3069 et
740 3012 882 3085 igni.
928 3029 1110 3085 aquae
1163 3011 1554 3071 testimonium
1602 3010 1751 3069 uidit
1802 3011 2045 3069 Ioannes
2090 3010 2464 3084 euangelista,
2520 3028 2623 3070 nec

292 3134 345 3174 2⁵
370 3113 514 3172 satis
555 3117 782 3174 constat
824 3114 1053 3174 solusne
1097 3114 1308 3174 uiderit
1338 3132 1413 3172 an
1445 3133 1572 3174 cum
1602 3115 1821 3174 multis,
1873 3115 1994 3172 erat
2026 3114 2251 3186 quidem
2282 3113 2390 3173 hoc
2418 3113 2621 3188 ingens

367 3215 701 3290 mysterium
732 3218 883 3277 sacri
911 3217 1130 3276 lauacri
1159 3235 1270 3292 quo
1302 3219 1567 3276 delentur
1597 3219 1859 3291 peccata:
1908 3219 2007 3276 sed
2036 3217 2185 3276 uidit
2216 3235 2419 3292 aquam
2451 3217 2623 3276 simul

365 3319 597 3379 effluere
651 3338 778 3380 cum
829 3321 1126 3394 sanguine,
1182 3321 1280 3394 qui
1331 3321 1444 3380 nisi
1487 3319 1773 3380 adfuisset
1818 3321 2083 3380 inefficax
2116 3325 2239 3380 erat
2271 3337 2437 3394 aqua.
2484 3321 2623 3394 quid

365 3423 519 3482 enim
568 3425 800 3497 prodest
843 3424 1059 3483 aboleri
1090 3427 1343 3497 peccata,
1398 3423 1514 3483 nisi
1544 3425 1811 3483 succedat
1841 3425 1963 3482 uita
1993 3423 2251 3482 iustitiae
2284 3440 2453 3497 quam
2483 3441 2618 3482 con-

363 3526 480 3585 fert
533 3528 806 3601 sanguis‘?
862 3532 1200 3601 quamquam
1242 3528 1305 3586 hi
1349 3529 1468 3586 tres
1519 3545 1695 3586 unum
1748 3530 1912 3586 sunt:
1960 3543 2106 3586 unus
2139 3525 2293 3585 enim
2321 3527 2477 3584 Deus
2508 3529 2617 3599 est,

289 3652 344 3691 so
365 3629 462 3703 qui
501 3649 603 3704 per
644 3632 908 3705 spiritum
957 3650 1160 3705 aquam
1193 3635 1252 3689 et
1283 3631 1619 3704 sanguinem
1666 3631 1917 3689 declarat
1947 3630 2240 3689 hominum
2271 3629 2467 3702 generi
2497 3629 2617 3687 uir-

362 3735 546 3792 tutem
575 3751 642 3792 ac
683 3734 996 3794 bonitatem
1047 3753 1240 3794 suam:
1287 3737 1386 3793 aut
1435 3735 1558 3794 ideo
1615 3735 1879 3792 dicuntur
1930 3751 2103 3792 unum
2156 3748 2299 3806 esse,
2354 3732 2618 3806 quoniam

364 3837 612 3911 undique
644 3838 756 3897 sibi
787 3841 1012 3898 constat
1044 3840 1434 3898 testimonium
1463 3857 1569 3898 nec
1598 3839 1721 3897 ulla
1750 3857 1817 3898 ex
1845 3840 2009 3911 parte
2041 3838 2315 3912 dissonat,
2347 3839 2617 3910 quemad-

367 3940 594 3999 modum
647 3958 787 4014 quos
843 3941 1138 4000 artissima
1188 3943 1376 4016 iungit
1427 3941 1683 4001 amicitia
1720 3943 1954 4015 propter
1998 3957 2277 3999 summum
2306 3940 2619 4000 animorum

360 4052 696 4103 consensum
726 4049 873 4102 u'nus
905 4045 1127 4104 animus
1159 4061 1283 4104 esse
1314 4045 1597 4104 dicuntur.

285 4171 340 4211 31,
447 4146 534 4205 Ac
584 4146 744 4208 iuxta
794 4165 1026 4207 sensum
1070 4142 1406 4208 crassiorem
1449 4149 1588 4208 haec
1638 4148 1755 4207 tria
1796 4147 2101 4222 praecipua
2132 4151 2265 4207 sunt
2298 4149 2359 4206 111
2392 4148 2617 4207 homine
2663 4151 2701 4208 5

361 4249 518 4307 uitae
563 4253 898 4324 argumenta
943 4253 1116 4325 atque
1163 4251 1338 4310 etiam
1381 4252 1775 4311 instrumenta.
1823 4250 2095 4324 quamdiu
2140 4251 2291 4310 enim
2333 4251 2616 4324 pulmonis

499 4416 565 4469 16
599 4415 728 4470 Luc.
769 4418 852 4482 11,
891 4418 970 4472 15.
