3217 5150
877 520 964 573 De
999 520 1260 589 duplici
1297 524 1630 589 martyrio
1666 538 1709 575 c.
1750 520 1969 577 18—20.
2058 498 2072 505 -
2418 524 2546 588 233

301 679 610 739 uertisti
654 698 938 740 seruum
983 698 1209 739 meum
1252 682 1407 752 Iob,
1465 681 1807 755 quomodo
1852 699 1989 740 non
2034 683 2135 741 sit
2164 681 2230 742 ei
2275 681 2547 741 similis
2640 714 2645 721 -

301 785 847 857 superterram,
893 785 1094 843 homo
1140 783 1447 857 simplex
1492 786 1562 843 et
1606 786 1857 843 rectus
1902 802 1981 844 ac
2023 786 2293 845 timens
2322 784 2547 844 Deum

297 890 367 947 et
408 887 758 947 recedens
801 906 837 947 a
895 887 1222 946 malitia?
1269 904 1454 947 nonne
1499 904 1811 947 sermonem
1840 888 2061 961 profert
2092 889 2161 948 de
2193 905 2295 947 suo
2326 887 2543 947 cultore

297 991 640 1065 gloriantis?
701 991 902 1050 beatus
957 994 1146 1050 autem
1191 990 1408 1051 Paulus
1452 991 1834 1065 splendidiore
1865 992 2040 1050 etiam
2070 993 2248 1051 uerbo
2277 1008 2417 1051 usus
2458 993 2545 1050 est

255 1117 280 1155 s
299 1094 556 1153 scribens
607 1072 910 1153 secundam
959 1096 1030 1153 ad
1063 1095 1381 1153 Corinthios
1413 1094 1743 1167 epistolam:
1804 1084 1942 1154 Deo
1987 1111 2023 1152 a
2036 1097 2114 1152 ut
2130 1110 2161 1153 e
2181 1112 2238 1152 m
2280 1111 2320 1168 g
2333 1112 2363 1152 r
2376 1097 2449 1153 at
2463 1094 2547 1166 ia,

299 1198 422 1272 qui
467 1214 746 1270 semper
788 1198 1200 1271 triumphat
1244 1216 1368 1259 nos
1413 1199 1482 1258 in
1527 1199 1826 1257 Christo
1885 1198 2081 1269 Iesu,
2145 1199 2215 1256 et
2260 1198 2551 1258 odorem

294 1300 613 1360 notitiae
659 1318 826 1361 suae
872 1302 1312 1362 manifestat
1375 1317 1502 1375 per
1558 1319 1685 1361 nos
1744 1301 1817 1359 in
1872 1300 2062 1360 omni
2118 1300 2307 1371 loce,
2376 1301 2549 1374 quia

295 1405 582 1465 Christi
627 1408 855 1465 bonus
903 1407 1077 1464 odor
1123 1423 1364 1465 sumus
1408 1406 1568 1465 Deo.
1630 1405 1894 1465 melius
1950 1407 2065 1463 est
2122 1421 2369 1463 nomen
2424 1405 2543 1463 bo-

293 1528 456 1569 num
502 1526 722 1583 super
783 1513 1159 1583 unguenta
1224 1509 1570 1583 pretiosa.
1634 1508 1917 1581 scriptura
1971 1507 2279 1582 gloriosam
2332 1507 2545 1567 famam

117 1688 123 1695 ἡ
235 1629 284 1667 ιο
300 1612 588 1687 appellare
619 1614 762 1673 solet
793 1614 1174 1673 odoramenta.
1209 1631 1320 1673 non
1350 1615 1540 1671 tamen
1571 1612 1726 1671 Deus
1758 1612 2036 1684 gloriatur
2059 1611 2347 1670 hominum
2371 1628 2544 1682 more,

295 1716 406 1776 sibi
437 1716 665 1790 placens
695 1734 762 1775 ac
791 1717 1044 1790 gestiens
1061 1762 1075 1789 ,
1134 1719 1229 1776 sed
1259 1719 1514 1775 nostram
1555 1716 1800 1777 salutem
1840 1734 2002 1775 suam
2034 1716 2189 1774 ducit
2218 1714 2459 1789 gloriam
2488 1716 2547 1772 et

300 1820 424 1879 ideo
457 1820 699 1879 subiecit
729 1819 1053 1892 apostolus:
1085 1820 1160 1879 in
1213 1820 1330 1879 his
1382 1822 1506 1893 qui
1558 1819 1753 1879 salui
1806 1819 2007 1878 fiunt
2050 1821 2119 1879 et
2162 1820 2232 1877 in
2276 1818 2391 1877 his
2424 1818 2545 1891 qui

293 1926 618 1997 pereunt.
679 1923 953 1997 quomodo
998 1924 1349 1995 glorificatur
1398 1924 1552 1981 Deus
1597 1924 1658 1982 in
1710 1924 1803 1982 his
1854 1923 1955 1998 qui
1984 1923 2132 1981 salui
2160 1922 2346 1981 fiunt?
2408 1938 2547 1994 quo-

297 2027 451 2085 niam
479 2027 540 2084 in
571 2004 1046 2086 illis'illustratur
1076 2028 1236 2085 illius
1289 2026 1697 2087 misericordia.
1752 2028 2027 2101 quomodo
2073 2026 2133 2085 in
2176 2026 2268 2085 his
2316 2026 2413 2099 qui
2444 2042 2545 2098 pe-

231 2150 280 2187 15
299 2130 508 2188 reunt‘?
571 2129 836 2203 quoniam
867 2128 926 2187 in
957 2130 1049 2189 his
1081 2131 1404 2190 declaratur
1433 2128 1594 2189 illius
1627 2130 1871 2188 iustitia.

380 2232 546 2291 Nunc
578 2234 698 2306 ipse
729 2233 1005 2293 sermonis
1037 2251 1235 2293 cursus
1267 2252 1368 2293 nos
1411 2252 1473 2293 eo
1521 2234 1771 2299 deduxit,
1820 2236 1883 2291 ut
1929 2233 2226 2293 doceamus
2258 2235 2314 2289 et
2345 2248 2543 2304 pecca-
2570 2231 2653 2288 20

293 2339 480 2393 torum
510 2336 862 2396 confessione
893 2336 1200 2409 glorificari
1231 2338 1427 2396 Deum.
1460 2338 1554 2395 hic
1585 2337 1827 2396 occurrit
1853 2336 2113 2410 protinus
2145 2353 2211 2395 ox
2241 2335 2389 2394 libro
2415 2336 2545 2394 Iesu

293 2439 458 2497 Naue
489 2439 709 2510 Achan,
743 2440 840 2512 qui
873 2441 1135 2512 quoniam
1167 2444 1365 2499 contra
1394 2440 1661 2499 diuinum·
1680 2440 1925 2498 edictum
1958 2439 2273 2497 sustulerat
2306 2456 2373 2497 ex
2405 2456 2544 2496 ana-

293 2544 544 2602 themate
575 2542 816 2617 pallium
843 2542 1160 2602 coccineum
1191 2542 1415 2616 insigne
1446 2560 1511 2602 ac
1542 2544 1815 2604 ducentos
1858 2542 2028 2603 siclos
2061 2542 2285 2615 argenti
2330 2559 2397 2600 ac
2426 2540 2539 2599 lin-

225 2663 280 2704 20
295 2663 466 2719 guam
494 2664 720 2706 auream
751 2647 1017 2706 siclorum
1047 2646 1462 2721 quinquaginta
1481 2692 1494 2717 ,
1541 2645 1785 2720 populus
1817 2647 1999 2704 Israel
2044 2648 2209 2719 terga
2238 2645 2413 2703 uertit
2443 2646 2545 2702 ho-

291 2749 493 2808 stibus.
526 2751 719 2823 itaque
749 2750 914 2809 Iosue
947 2748 1090 2808 dixit
1119 2750 1352 2808 Achan:
1414 2749 1540 2808 fili
1584 2751 1705 2820 mi,
1766 2751 1851 2808 da
1894 2748 2207 2822 gloriam
2254 2748 2546 2808 Domino

291 2851 432 2912 Deo
477 2853 710 2912 Israel
757 2856 830 2912 et
871 2852 1238 2914 confitere
1281 2856 1497 2926 atque
1540 2854 1787 2912 indica
1828 2852 2004 2911 mihi
2049 2853 2221 2926 quid
2253 2853 2542 2923 feceris,

292 2973 376 3016 ne
405 2955 827 3016 abscondas.
875 2956 1167 3017 confessus
1196 2957 1352 3016 dedit
1382 2974 1611 3030 poenas,
1646 2960 1703 3015 et
1732 2974 1966 3016 auersus
1998 2959 2086 3014 est
2116 2955 2273 3014 furor
2296 2954 2541 3015 Domini.

299 3076 368 3118 ea
397 3060 673 3120 confessio
705 3060 1038 3119 clarificauit
1067 3061 1173 3119 Dei
1203 3060 1483 3118 iustitiam
1513 3078 1578 3119 ac
1609 3060 1966 3133 sapientiam.
2000 3059 2358 3132 sapientiam,
2394 3060 2543 3132 quod

223 3177 272 3216 2⁵
293 3161 452 3223 illius
483 3163 662 3223 oculis
691 3163 838 3222 nihil
870 3167 1023 3223 esset
1053 3165 1410 3223 abstrusum:
1472 3162 1781 3234 iustitiam,
1826 3162 1975 3236 quod
2027 3181 2141 3222 non
2199 3164 2320 3222 sine
2372 3179 2541 3221 causa

287 3284 492 3341 passus
517 3275 668 3326 esset
691 3267 887 3326 hostes
910 3267 1186 3326 aduersus
1203 3268 1474 3327 Israelem
1498 3267 1863 3344 inardescere,
1890 3269 2150 3341 quodque
2172 3267 2329 3339 leges
2356 3266 2537 3338 ipsius

294 3372 486 3430 nullus
517 3370 808 3430 hominum
839 3370 1064 3444 impune
1096 3371 1291 3430 uiolat.
1345 3369 1492 3428 nihil
1523 3373 1647 3428 erat
1677 3370 1870 3443 magni
1900 3370 2050 3443 quod
2081 3370 2393 3428 suffuratus
2424 3371 2549 3426 erat

288 3476 521 3535 Achan:
577 3491 840 3547 magnum
871 3478 1060 3534 tamen
1105 3478 1228 3534 erat
1255 3475 1649 3532 documentum
1694 3472 1960 3532 uniuerso
1991 3473 2216 3546 populo,
2273 3475 2547 3544 quantum

300 3577 614 3652 periculum
647 3578 724 3634 sit
752 3577 858 3635 Dei
909 3576 1066 3636 iussa
1115 3576 1405 3651 negligere
1459 3577 1621 3650 eique
1653 3575 1801 3635 uelle
1846 3575 2134 3649 imponere
2181 3574 2345 3648 quasi
2375 3573 2545 3647 quid-

231 3700 284 3739 ³o
300 3699 469 3756 quam
499 3681 664 3740 illum
692 3681 932 3754 fugeret,
988 3684 1089 3740 aut
1139 3682 1303 3756 quasi
1333 3681 1551 3740 faueret
1582 3663 2157 3754 praeuaricatoribus.
2220 3679 2391 3752 atque
2450 3676 2551 3734 ille
2590 3711 2597 3718 -

299 3785 526 3859 quidem
558 3802 684 3843 cum
713 3787 865 3844 esset
894 3784 1157 3858 Iudaeus,
1202 3787 1273 3845 ob
1303 3784 1532 3843 unicum
1559 3786 1855 3856 peccatum
1884 3783 2034 3857 quod
2064 3782 2177 3856 ipsi
2224 3781 2348 3840 leue
2382 3779 2544 3838 uide-

295 3889 470 3948 batur
493 3887 882 3946 seuerissimas
904 3903 1116 3960 poenas
1140 3889 1316 3958 dedit,
1338 3886 1628 3961 lapidatus
1653 3888 1725 3946 ab
1750 3886 2012 3944 uniuerso
2036 3884 2264 3959 populo,
2289 3881 2541 3956 corporis

290 3992 533 4051 interitu
563 3992 806 4050 salutem
838 3991 1056 4050 animae
1108 3993 1410 4051 redimens.
1473 4008 1586 4050 non
1637 3991 1788 4050 onim
1820 3988 2033 4048 iudicat
2064 3988 2216 4046 Deus
2260 3985 2349 4046 bis
2398 3985 2461 4045 in
2491 3985 2553 4043 id

294 4111 500 4168 ipsum.

430 4345 464 4396 5
501 4345 558 4398 11
595 4346 710 4398 Cor.
747 4346 796 4409 2,
837 4344 915 4398 14.
1123 4343 1190 4397 21
1225 4345 1333 4398 Ios.
1373 4308 1419 4407 τ’,
1459 4345 1536 4397 19.
