3217 5150
649 499 744 562 ’28
1534 515 1542 522 ·
1614 496 1982 566 Appendix.

657 654 776 713 sint
823 655 882 712 et
925 653 1042 713 alia
1086 671 1189 729 per
1241 671 1384 729 quae
1437 655 1679 729 adipisci
1732 655 1831 714 lux
1881 657 2085 730 possit,
2138 659 2331 716 tamen
2380 657 2453 716 ad
2502 659 2945 731 proximitatem

659 757 912 816 muneris
945 759 1275 831 repromissi
1306 757 1505 831 poenis
1535 758 1739 818 melius
1762 759 2255 832 patrocinantibus
2285 762 2636 834 peruenitur.

587 857 646 915 -3
755 862 1012 932 Quantae
1065 863 1215 922 enim
1257 862 1335 922 sit
1386 862 1604 936 gloriae
1654 864 1959 936 ponderate
2000 865 2077 920 ab
2125 864 2296 923 huius
2328 866 2483 924 uitae
2514 865 2941 940 cupiditatibus

658 965 840 1040 adque
871 968 944 1025 ab
975 967 1125 1024 omni
1155 965 1406 1025 animum
1445 968 1649 1025 natura
1690 966 1995 1040 mundique
2026 967 2355 1027 commercio
2388 972 2757 1042 segregatum
2786 987 2937 1030 con-

657 1069 750 1126 tra
780 1067 1136 1126 aduersantis
1167 1068 1472 1128 discrimen
1503 1085 1804 1142 opponere,
1847 1086 1953 1128 nec
1993 1070 2292 1130 saeuitiam
2322 1073 2643 1144 torquentis
2676 1073 2935 1146 horrore,
2964 1095 2991 1132 ε»

658 1172 896 1230 animari
941 1171 1224 1232 hominem
1267 1188 1375 1232 nec
1418 1172 1607 1233 dolore
1641 1189 1750 1245 quo
1782 1173 2047 1233 credatur
2077 1174 2335 1248 extingui
2366 1177 2427 1234 et
2456 1175 2518 1232 id
2548 1174 2662 1234 sibi
2692 1176 2755 1234 in
2782 1195 2943 1251 aug-

659 1279 910 1334 mentum
961 1275 1196 1334 uirtutis
1247 1275 1542 1334 adsumere
1597 1277 1747 1349 quod
1795 1276 2073 1336 cruciatui
2117 1279 2285 1351 putat
2312 1277 2583 1350 prodesse
2614 1277 2713 1352 qui
2743 1280 2939 1352 punit.

659 1395 792 1437 nam
841 1379 1317 1451 praedurantibus
1369 1378 1506 1438 licet
1559 1378 1735 1438 costis
1779 1379 2067 1438 resultans
2096 1380 2313 1454 ungula
2344 1383 2601 1440 recurrat
2631 1380 2693 1439 in
2720 1381 2941 1442 uulnus

660 1483 718 1540 et
748 1481 1015 1541 euntibus
1045 1481 1244 1554 flagris
1271 1497 1400 1540 cum
1441 1479 1641 1541 auolsa
1670 1480 1923 1555 corporis
1966 1483 2129 1555 parte
2160 1482 2385 1542 rediens
2416 1483 2639 1542 habena
2670 1483 2939 1558 ducatur,

662 1588 781 1644 stat
824 1585 1130 1646 immobilis
1172 1589 1365 1645 tamen
1413 1585 1610 1660 poenis
1660 1585 1781 1645 suis
1809 1586 2033 1659 fortior,
2066 1588 2173 1646 hoc
2204 1587 2389 1648 solum
2420 1605 2611 1647 secum
2640 1586 2763 1661 ipse
2790 1605 2935 1648 con-
2962 1608 3017 1646 ιο

664 1688 903 1748 uoluens
935 1691 1087 1763 quod
1113 1689 1176 1748 in
1203 1687 1308 1748 illa
1337 1689 1677 1749 crudelitate
1710 1689 2035 1748 carnificum
2076 1689 2209 1763 plus
2238 1706 2339 1762 pro
2370 1707 2481 1764 quo
2512 1690 2733 1764 patitur
2764 1689 2937 1749 Chri-

664 1793 791 1852 stus
822 1793 942 1866 ipse
972 1793 1245 1866 patiatur.
1291 1809 1423 1850 nam
1454 1793 1698 1865 quando,
1730 1791 1782 1850 si
1810 1791 2109 1866 negauerit
2138 1793 2457 1862 Dominum,
2488 1809 2589 1866 pro
2620 1809 2686 1852 eo
2718 1793 2940 1852 crimen

661 1895 866 1954 subeat
896 1913 998 1969 pro
1029 1913 1140 1971 quo
1172 1895 1378 1955 uicisse
1410 1895 1674 1967 debebat,
1705 1911 1937 1954 necesse
1968 1896 2057 1953 est
2086 1912 2216 1954 eum
2245 1893 2429 1954 uideri
2460 1897 2662 1955 cuncta
2684 1895 2936 1955 tolerare

660 1998 752 2058 cui
781 1998 1022 2058 uictoria
1053 1997 1291 2057 debetur
1319 2014 1390 2056 ex
1420 2013 1621 2070 poena.

603 2104 662 2162 „4
748 2101 937 2174 Igitur
980 2100 1248 2175 quoniam
1290 2116 1382 2159 res
1423 2118 1643 2160 summa
1680 2100 2036 2175 martyrium,
2068 2101 2183 2160 tria
2214 2103 2349 2160 sunt
2393 2118 2537 2176 quae
2567 2119 2635 2161 ex
2666 2119 2731 2162 eo
2762 2102 2935 2162 nobis
2958 2126 3011 2164 ιε»

653 2204 1049 2278 proposuimus
1081 2221 1206 2263 esse
1237 2203 1496 2275 dicenda,
1545 2203 1685 2277 quid
1716 2204 1812 2276 sit,
1845 2207 2117 2277 quantum
2164 2204 2261 2275 sit,
2306 2203 2398 2264 cui
2428 2205 2510 2264 rei
2540 2204 2744 2278 prosit.
2791 2205 2938 2278 quid

653 2308 746 2366 est
775 2299 910 2379 ergo
941 2306 1317 2381 martyrium?
1365 2295 1701 2366 delictorum
1732 2305 1862 2365 finis
1880 2352 1895 2379 ‚
1926 2306 2165 2381 periculi
2196 2308 2520 2376 terminum,
2553 2308 2667 2366 dux
2698 2307 2935 2394 salutm,

655 2409 970 2483 patientiae
999 2406 1297 2483 magister,
1329 2409 1530 2469 domus
1561 2410 1736 2482 uitae,
1768 2426 1878 2483 quo
1902 2409 2156 2482 perfecto
2186 2409 2361 2468 etiam
2389 2427 2459 2469 ea
2487 2411 2753 2470 occidunt
2784 2429 2936 2484 quae

657 2514 720 2574 in
759 2514 938 2573 futuri
981 2512 1326 2572 discriminis
1367 2515 1691 2589 potuissent
1731 2516 2015 2574 tormenta
2052 2513 2326 2588 reputari.
2375 2531 2477 2589 per
2516 2515 2625 2574 hoc
2668 2517 2727 2574 et
2756 2515 2932 2574 testi-

657 2620 906 2679 monium
943 2617 1159 2678 nomini
1203 2617 1462 2677 redditur
1503 2620 1560 2677 et
1599 2618 1871 2677 maiestas
1922 2617 2167 2677 nominis
2220 2617 2529 2692 ampliatur
2550 2665 2563 2690 ,
2618 2636 2731 2677 non
2775 2619 2927 2692 quod
2954 2639 3009 2679 20

656 2740 760 2798 per
789 2740 850 2783 se
895 2722 1020 2797 ipsa
1071 2720 1252 2780 minui
1303 2722 1489 2796 possit
1517 2722 1613 2780 uel
1645 2723 1715 2780 de
1776 2720 1989 2781 scelere
2040 2721 2404 2780 retractantis
2436 2721 2771 2805 magnitudo
2803 2722 2931 2781 eius

794 2949 824 3000 1
862 2947 970 3017 lux]
1009 2948 1101 3002 uix
1137 2948 1204 3001 N
1418 2948 1452 3001 2
1488 2945 1796 3015 repromissi
1830 2960 1931 3000 om.
1980 2944 2084 3016 QT
2308 2947 2492 3016 poenis
2516 2987 2559 2999 ..
2615 2948 2934 3016 peruenitur

653 3048 755 3087 om.
794 3035 848 3088 L
1067 3032 1527 3103 patrocinantibus
1563 3032 1754 3085 melius
1790 3048 1823 3084 v
2042 3032 2075 3086 3
2112 3036 2315 3101 quanta
2350 3049 2394 3086 e.
2432 3050 2473 3086 s.
2513 3033 2689 3101 gloria
2724 3033 2794 3086 N

648 3120 971 3190 'ponderatas
1011 3120 1058 3182 Q
1247 3119 1316 3173 ab
1351 3118 1553 3173 addidi
1761 3116 2169 3187 cupiditatibus]
2206 3119 2334 3173 add.
2371 3136 2428 3173 v:
2464 3118 2746 3187 relegatis;
2782 3136 2925 3174 non·

651 3206 795 3259 nulli
829 3205 1038 3260 codices
1073 3204 1202 3259 add.
1215 3224 1233 3258 :
1274 3203 1560 3258 debellatis
1584 3205 1675 3259 uel
1708 3204 1963 3258 reuelatis
2170 3206 2211 3261 4
2245 3204 2332 3273 ab]
2369 3204 2438 3258 ad
2464 3205 2569 3267 QT
2760 3208 2921 3261 natu-

652 3308 740 3345 rae
765 3308 798 3345 v
971 3306 1246 3359 segregare
1271 3290 1326 3345 L
1485 3291 1522 3345 5
1543 3289 1887 3344 aduersantes
1912 3290 2128 3353 LNQT
2276 3290 2541 3359 torpenti·-
2576 3290 2644 3344 N
2658 3306 2683 3343 s
2711 3306 2850 3345 eras.

651 3378 882 3445 horrere]
920 3377 1110 3429 horrea
1152 3378 1203 3431 Τ
1393 3376 1428 3431 6
1464 3376 1693 3431 anima-»i
1727 3376 1795 3430 N
2004 3391 2102 3430 nec
2135 3375 2313 3431 dolore
2340 3376 2467 3443 LN,
2508 3376 2685 3430 dolere
2732 3378 2794 3443 Q,
2832 3377 2926 3432 do-

650 3464 763 3517 lore
798 3464 872 3517 M
873 3464 951 3517 Tv
1157 3462 1463 3531 extinguere
1501 3463 1606 3525 QT
1809 3462 1840 3515 ‘1
1878 3464 1933 3515 et
1968 3460 2105 3530 quod
2142 3463 2191 3525 Q
2397 3462 2693 3515 cruciatum
2732 3464 2807 3517 M
2836 3480 2931 3518 um

650 3551 714 3605 in
734 3566 845 3603 ras.
873 3547 1156 3616 (cruciatui
1183 3548 1250 3615 Q)
1449 3548 1672 3616 punitur
1697 3548 1779 3611 lis,
1802 3547 1957 3616 ponit
1986 3548 2057 3610 Q¹
2260 3546 2297 3603 8
2324 3547 2491 3600 custis
2520 3548 2579 3611 Q,
2604 3549 2778 3616 gestis
2811 3550 2862 3603 T

649 3638 687 3694 9
725 3639 1007 3692 euentibus
1048 3635 1094 3706 Q
1129 3634 1479 3702 (seuientibus
1517 3636 1588 3689 M
1620 3636 1683 3688 in
1716 3639 1849 3697 ras.)
2061 3634 2279 3702 fragilis
2324 3634 2375 3687 T
2576 3634 2760 3687 auolso
2800 3636 2855 3689 L

649 3724 822 3779 abena
861 3726 947 3786 Q',
983 3723 1186 3777 aduena
1221 3721 1332 3783 M,
1369 3738 1537 3775 auena
1573 3722 1787 3775 LM'N
1786 3720 1857 3783 Q
1865 3722 1942 3775 Τυ
2162 3720 2230 3773 10
2264 3720 2455 3773 statim
2490 3719 2714 3773 mobiles
2752 3721 2857 3783 LQ

652 3810 988 3877 conuoluens]
1039 3808 1146 3862 sibi
1182 3808 1459 3861 consulens
1497 3807 1617 3871 M
1579 3808 1601 3838 ²
1656 3822 1912 3862 consuens
1948 3806 2039 3859 ,Μ1
2046 3806 2092 3876 Q
2378 3807 2442 3858 11
2491 3805 2717 3875 plusque
2758 3808 2865 3868 QT

655 3896 728 3953 12
755 3911 915 3963 quam
940 3896 1053 3963 ipse
1073 3911 1108 3949 v
1201 3895 1267 3962 si]
1296 3911 1352 3947 se
1375 3894 1451 3949 M
1471 3893 1540 3959 (si
1569 3894 1636 3963 Q)
1732 3892 1830 3947 dns
1854 3892 1930 3954 N,
1966 3890 2069 3945 dno
2094 3891 2181 3944 M·
2192 3892 2253 3953 Q,
2291 3876 2395 3943 dno
2421 3891 2469 3944 si
2494 3890 2586 3945 w
2738 3892 2805 3945 13
2842 3894 2928 3945 ui·

649 3981 816 4035 cisset
845 3982 896 4035 T
1148 3981 1288 4050 eum]
1327 3997 1444 4034 cum
1482 3980 1594 4033 LT
1850 3977 1919 4030 14
1964 3978 2041 4045 ex]
2080 3978 2136 4029 et
2148 3976 2421 4046 {LNQTv
2683 3977 2751 4029 15
2786 3993 2931 4031 mar-

644 4067 852 4135 tyrium
887 4068 971 4119 est
1005 4083 1038 4121 v
1294 4067 1359 4120 17
1397 4066 1659 4119 terminus
1694 4082 1727 4119 v
1978 4060 2051 4118 18
2086 4087 2112 4116 ει
2139 4088 2165 4116 ια
2199 4062 2495 4132 patientiae
2534 4062 2580 4124 Q
2800 4063 2925 4132 quo]

651 4170 754 4222 que
791 4154 866 4207 M
886 4156 1008 4221 (quo
1039 4154 1105 4223 Q)
1311 4153 1546 4221 profecto
1571 4151 1773 4213 M'Nv,
1810 4148 2073 4217 profectio
2098 4149 2169 4201 M
2173 4154 2186 4178 ¹
2198 4148 2293 4211 TQ
2506 4148 2577 4204 19
2616 4150 2799 4200 futuro
2825 4165 2858 4201 v

641 4240 956 4293 discrimine
985 4240 1063 4303 Qv
1233 4239 1305 4293 20
1329 4238 1713 4307 redampliatur
1750 4236 1881 4305 QTv
2054 4235 2127 4291 21
2156 4252 2209 4288 se
2233 4252 2331 4289 om.
2360 4234 2581 4296 LNQT
2750 4235 2931 4301 ipsam

653 4324 815 4389 LQT
972 4326 1122 4379 innui
1152 4324 1220 4389 L,
1259 4324 1387 4377 noui
1415 4325 1528 4387 QT,
1568 4338 1673 4375 non
1698 4321 1774 4375 M
1790 4336 1857 4373 on
1880 4320 1943 4373 in
1966 4336 2077 4373 rae.
2242 4318 2306 4373 de
2330 4318 2525 4372 scelere
2550 4334 2686 4372 eras.
2712 4320 2776 4372 in
2800 4320 2865 4371 N
2916 4330 2931 4339 ·

649 4411 940 4467 tractantis
975 4412 1045 4479 L,
1081 4413 1416 4465 tranctantes
1457 4410 1569 4473 QT,
1609 4422 1748 4462 eras.
1786 4407 1849 4459 in
1882 4407 1956 4473 N,
1994 4405 2343 4461 detractantis
2389 4404 2559 4461 Oxon.
