3217 5150
999 568 1090 620 De
1125 568 1627 637 rebaptismate
1664 583 1707 620 c.
1746 567 1965 621 10—12.
2526 573 2609 636 83
2654 626 2661 634 ,

351 725 700 800 patrocinari
731 725 785 784 ei
815 725 888 784 ad
919 725 1164 787 salutem
1203 727 1578 798 existimabiS,
1623 727 1761 806 licet
1800 744 1913 787 non
1950 727 2029 786 sit
2059 744 2206 802 aqua
2235 728 2560 802 baptizatus
2578 731 2606 787 Ῥ

351 830 504 904 quod
555 830 776 903 perisse
826 845 954 888 eum
984 830 1359 902 existimabis,
1413 829 1639 889 obuiam
1684 829 1793 888 tibi
1834 830 2025 890 ueniet
2070 831 2355 889 sententia
2383 830 2611 890 Domini

349 932 624 991 dicentis=
685 932 1112 1006 quicumque
1168 949 1268 992 me
1313 932 1697 992 confessus
1753 932 1985 992 fuerit
2030 951 2263 993 coram
2307 933 2613 993 homini-

347 1035 520 1108 bu8‚
577 1035 1001 1096 confitebor
1066 1034 1275 1095 illum
1319 1037 1388 1095 et
1432 1052 1560 1110 ego
1621 1054 1851 1096 coram
1908 1039 2120 1111 patre
2185 1054 2327 1097 meo
2374 1037 2497 1110 qui
2541 1036 2611 1095 in

306 1161 332 1199 ⁵
351 1138 590 1199 caelis
635 1141 772 1198 est:
820 1138 955 1213 quia
983 1137 1132 1198 nihil
1162 1138 1404 1198 interest
1431 1141 1629 1198 utrum
1658 1137 1754 1198 hic
1782 1140 2020 1199 uerbum
2050 1139 2289 1199 audiens
2321 1157 2394 1198 an
2424 1138 2609 1199 fidelis

349 1243 430 1302 sit
459 1243 557 1317 qui
587 1241 891 1302 confitetur
918 1243 1241 1315 Dominum,
1275 1242 1572 1302 dummodo
1603 1243 1795 1316 ipsum
1818 1242 2109 1303 Christum
2139 1261 2309 1317 quem
2354 1242 2611 1303 confiteri

350 1346 577 1420 oportet
629 1345 988 1418 confiteatur,
1041 1346 1176 1419 quia
1217 1345 1490 1405 Dominus
1554 1345 1682 1418 pari
1722 1346 1849 1406 uice
1889 1345 2205 1406 confitendo
2235 1347 2296 1406 et
2327 1346 2451 1419 ipse
2483 1363 2609 1404 con-

350 1446 630 1508 fessorem
670 1465 836 1507 suum
877 1448 1027 1522 apud
1068 1450 1292 1521 patrem
1335 1448 1546 1508 honore
1589 1464 1720 1508 eum
1759 1448 2021 1522 martyrii
2062 1449 2172 1520 sui,
2222 1450 2287 1506 ut
2316 1447 2609 1522 pollicitus

351 1554 461 1623 est,
495 1554 743 1611 exornet.
776 1552 926 1625 quod
965 1551 1163 1625 utique
1203 1568 1316 1610 non
1351 1551 1520 1610 debet
1538 1550 1713 1610 latius
1744 1551 1945 1625 accipi,
1979 1536 2145 1625 quasi
2187 1551 2369 1625 possit
2397 1567 2608 1624 usque-

279 1673 332 1712 10
351 1671 576 1729 quaque
620 1655 856 1728 porrigi,
908 1655 1042 1728 quia
1083 1656 1276 1727 potest
1316 1651 1532 1712 Christi
1573 1671 1778 1715 nomen
1822 1655 1995 1714 etiam
2024 1653 2349 1714 haereticus
2379 1653 2610 1728 aliquis,

350 1757 450 1831 qui
495 1760 688 1817 tamen
727 1757 918 1832 ipsum
960 1757 1252 1816 Christum
1291 1758 1484 1831 negat,
1528 1756 1807 1830 confiteri,
1855 1759 1991 1832 quia
2019 1761 2080 1817 in
2112 1757 2291 1818 alium
2323 1757 2613 1816 Christum

349 1860 553 1933 credit,
607 1879 736 1921 cum
788 1860 1051 1920 Christus
1105 1860 1440 1920 confiteatur
1490 1861 1641 1934 quod
1693 1860 1753 1921 ei
1797 1861 2068 1939 prodesse
2122 1861 2354 1921 minime
2407 1861 2610 1934 possit,

349 1965 404 2023 si
435 1964 663 2038 quidem
691 1964 969 2025 Dominus
1003 1982 1116 2027 nou
1147 1963 1275 2022 nisi
1302 1980 1363 2024 se
1404 1965 1594 2038 ipsum
1624 1965 1685 2023 in
1716 1965 2125 2026 confessionem
2155 1984 2190 2024 a
2232 1965 2396 2036 nobis
2426 1982 2614 2026 coram

355 2066 685 2152 hominibus
738 2067 939 2127 deduci
991 2069 1250 2142 oportere
1301 2066 1465 2139 dixit,
1518 2067 1669 2141 quod
1710 2068 1833 2129 sine
1875 2067 1999 2142 ipso
2030 2071 2088 2127 et
2118 2069 2241 2128 sine
2289 2069 2615 2129 uenerando

277 2193 334 2232 ιε
354 2171 582 2231 nomine
613 2171 734 2230 eius
763 2188 877 2230 non
909 2172 1097 2244 potest
1125 2169 1268 2229 fieri.
1299 2172 1359 2228 et
1387 2170 1515 2230 ideo
1547 2169 1837 2245 integrum
1864 2189 1932 2230 ac
1961 2172 2242 2232 sincerum
2272 2174 2332 2231 et
2360 2172 2615 2231 inconta-

361 2273 642 2338 minatum
685 2275 744 2332 et
787 2272 1128 2333 inuiolatum
1169 2275 1471 2346 utrumque
1518 2274 1689 2333 debet
1729 2275 2039 2334 consistere
2092 2275 2405 2346 confitenti,
2458 2273 2618 2333 nullo

355 2377 584 2437 delectu
614 2376 810 2436 habito
853 2377 1032 2450 ipsius
1077 2376 1437 2449 confessoris,
1482 2377 1604 2435 siue
1650 2376 1747 2436 ille
1788 2377 1976 2436 iustus
2020 2377 2141 2436 siue
2171 2380 2450 2451 peccator,
2484 2394 2616 2451 per-

355 2479 652 2554 fectusque
713 2479 1059 2539 christianus
1112 2498 1186 2539 an
1238 2497 1374 2540 uero
1425 2479 1600 2540 etiam
1642 2497 1792 2538 nunc
1820 2481 2208 2554 imperfectuS,
2263 2480 2361 2554 qui
2402 2497 2616 2540 summo

363 2584 694 2645 discrimine
725 2600 826 2643 suo
855 2584 1160 2644 Dominum
1191 2583 1448 2644 confiteri
1477 2601 1590 2643 non
1617 2583 1833 2643 timuit.
1880 2602 1983 2644 nec
2014 2587 2103 2644 est
2133 2585 2241 2645 hoc
2270 2584 2617 2643 contrarium

287 2706 342 2745 20
361 2688 644 2762 superiori
672 2688 976 2749 tractatui:
1024 2688 1158 2762 quia
1188 2687 1312 2747 illic
1341 2686 1570 2767 quidem
1598 2689 1825 2760 tempus
1854 2690 2147 2761 supererat
2178 2688 2251 2746 ad
2282 2687 2619 2760 corrigenda

359 2809 505 2866 quae
549 2790 756 2851 mutila
795 2792 890 2850 uel
930 2808 1108 2865 praua
1149 2793 1304 2864 sunt,
1351 2793 1410 2850 et
1439 2790 1707 2866 quoniam
1736 2792 2014 2865 quaedam
2044 2806 2311 2851 concessa
2339 2792 2475 2849 sunt
2503 2789 2619 2864 ipsi

355 2895 748 2955 tantummodo
799 2895 1013 2955 nomini
1063 2895 1293 2955 Domini
1341 2896 1524 2955 nostri
1543 2940 1558 2967 ,
1611 2892 1948 2969 martyrium
1998 2897 2189 2954 autem
2240 2911 2353 2954 non
2398 2894 2514 2953 nisi
2557 2892 2617 2950 in

355 2998 484 3073 ipso
535 3000 593 3058 et
642 3016 744 3072 per
784 3000 970 3071 ipsum
1019 2997 1322 3057 Dominum
1371 2999 1558 3071 possit
1607 2996 2005 3068 consummari,
2060 3001 2119 3055 et
2168 2997 2376 3057 idcirco
2429 3012 2615 3072 neque

360 3102 651 3162 Christum
681 3102 806 3162 sine
835 3102 1017 3175 ipsius
1047 3103 1274 3161 nomine
1304 3103 1432 3177 quis
1461 3102 1647 3176 possit
1678 3100 1936 3161 confiteri
1965 3118 2149 3175 neque
2172 3118 2375 3161 nomen
2400 3100 2615 3160 Christi

282 3222 338 3263 2³
357 3205 483 3265 sine
513 3206 651 3278 ipso
671 3206 896 3265 Christo
926 3206 1000 3265 ad
1029 3206 1440 3266 confessionem
1469 3206 1731 3279 cuiquam
1761 3205 1945 3277 possit
1973 3206 2341 3278 patrocinari.

446 3309 802 3384 Quapropter
839 3311 995 3369 totus
1037 3310 1443 3375 discernendus
1484 3311 1574 3369 est
1615 3311 1899 3369 tractatus
1942 3308 2055 3381 hic,
2108 3310 2175 3368 ut
2216 3308 2400 3383 possit
2428 3307 2613 3367 mani·
2637 3315 2715 3374 12

354 3412 562 3472 festior
600 3411 742 3471 fieri.
791 3430 1032 3485 namque
1073 3412 1358 3473 inuocatio
1398 3413 1643 3472 nominis
1683 3414 1819 3472 Iesu
1860 3413 1985 3473 ideo
2016 3414 2239 3471 tantum
2270 3411 2617 3485 patrocinari

352 3518 567 3590 potest,
601 3516 654 3576 si
682 3516 794 3575 rite
825 3515 1086 3590 suppleta
1115 3519 1314 3590 postea
1341 3516 1536 3589 fuerit,
1570 3515 1705 3591 quia
1736 3518 1794 3575 et
1823 3516 2137 3590 prophetae
2168 3517 2228 3574 et
2257 3514 2505 3589 apostoli
2534 3515 2617 3573 ita

355 3619 849 3693 praedicanerunt.
897 3620 980 3678 ait
1021 3620 1172 3678 enim
1213 3620 1454 3679 Iacobus
1507 3620 1570 3678 in
1611 3620 1757 3679 actis
1811 3618 2223 3692 apostolorum:
2271 3618 2417 3677 uiri
2473 3617 2539 3676 fr
2550 3635 2616 3676 a·

281 3712 511 3781 autres
533 3766 548 3793 ,
622 3723 904 3781 audite:
973 3722 1211 3782 Simon
1284 3721 1620 3795 exposuit
1664 3722 2245 3795 quemadmodum
2316 3721 2617 3794 primum

357 3825 550 3884 Deus
593 3825 1033 3884 uisitauerit
1076 3824 1410 3899 accipere
1453 3841 1534 3883 ex
1563 3824 1915 3897 gentibus
1957 3822 2307 3897 populum
2349 3821 2616 3882 nomini

361 3946 523 4000 sue,
582 3931 653 3988 et
711 3928 882 3989 huic
937 3930 1341 3988 consonant
1394 3944 1760 3987 sermones
1814 3928 2361 4000 prophetarum,
2419 3924 2619 3984 sicut

353 4032 710 4105 scriptum
805 4034 946 4093 est:
1036 4034 1201 4105 post
1293 4031 1463 4090 haec
1557 4032 1890 4090 reuertar
1974 4032 2044 4089 et
2115 4027 2619 4088 reaedificabo

493 4179 528 4233 3
562 4182 762 4235 Matth.
801 4182 886 4245 10,
922 4181 1006 4235 32.
1215 4179 1282 4233 29
1317 4180 1437 4233 Act.
1475 4178 1556 4242 15,
1596 4178 1821 4235 13-17.

492 4330 527 4383 2
561 4328 722 4399 quod]
761 4328 971 4399 quando
1003 4328 1136 4393 fort.
1393 4326 1429 4383 6
1467 4325 1742 4379 dominum
1776 4326 1985 4394 scripsi,
2024 4325 2240 4379 domino
2275 4326 2391 4381 cod.
2430 4331 2481 4377 et
2516 4342 2549 4379 v

355 4416 424 4471 13
458 4416 566 4470 nisi
602 4416 800 4470 addidi
983 4417 1050 4469 19
1086 4414 1297 4467 domino
1323 4412 1444 4482 Riy.
1633 4412 1699 4495 21·
1737 4427 1871 4480 quae
1905 4411 2103 4464 mutila
2148 4412 2286 4465 coni.
2324 4410 2623 4474 Baluzius,

350 4518 516 4572 qnam
563 4502 738 4555 multa
774 4502 912 4555 coni.
949 4501 1091 4571 1259„
1141 4516 1276 4568 quae
1309 4498 1484 4552 multa
1518 4497 1635 4553 cod.
1674 4503 1725 4551 et
1762 4516 1792 4549 υ
2044 4498 2113 4551 32
2149 4497 2295 4566 huic]
2336 4497 2383 4549 si
2418 4495 2545 4565 Riq.

2098 4588 2201 4649 6*
