3217 5150
666 509 793 575 252
1610 502 1977 574 Appendix.

659 667 772 729 nisi
803 668 992 743 ipsum
1021 666 1322 726 Dominum
1355 664 1643 737 diuisisse,
1678 666 1737 725 et
1766 664 1851 725 sic
1880 682 1915 723 a
1946 666 2149 739 quarto
2181 663 2273 744 die
2304 666 2413 725 hoc
2440 664 2691 725 officium
2718 666 2831 726 soli
2863 668 2925 726 et

623 746 830 832 ‘lunae
879 770 1215 830 iniunxisse.
1261 771 1388 844 ipss.
1437 772 1572 829 sunt
1611 768 1765 829 enim
1812 768 1921 827 duo
1961 755 2265 827 lumimris
2306 768 2539 841 maiora,
2592 769 2663 828 de
2714 770 2925 851 quibus

655 874 931 936 Dominus
1004 874 1176 935 dixit:
1265 873 1463 933 fient
1536 870 1937 932 luminaria
2014 870 2086 931 in
2160 871 2631 933 firmamento
2724 872 2925 935 caeli

655 981 767 1041 ite
825 982 904 1041 ut
961 980 1263 1040 luceant
1305 993 1525 1053 super
1586 979 1883 1049 terram,
1950 978 2023 1037 et
2078 975 2424 1037 diuident
2481 974 2679 1037 inter
2734 976 2923 1037 diem

656 1087 728 1146 et
781 1085 1082 1155 noctem,
1151 1084 1224 1141 et
1268 1081 1420 1141 sint
1463 1082 1536 1140 in
1578 1080 1819 1155 signis
1884 1080 1963 1141 in
2026 1078 2493 1155 temporibus
2536 1082 2609 1140 et
2652 1080 2725 1139 in
2770 1079 2917 1140 die·
2941 1098 2965 1139 s

655 1188 788 1247 bus
843 1190 916 1249 et
958 1187 1032 1246 in
1099 1186 1343 1259 annis,
1412 1189 1482 1246 et
1523 1184 1681 1245 sint
1723 1184 1798 1244 in
1862 1184 2263 1259 splendore
2304 1184 2379 1244 in
2422 1182 2919 1245 solidamento

653 1290 861 1365 caeli,
906 1291 1015 1351 ite
1059 1292 1137 1349 ut
1179 1290 1481 1349 luceant
1539 1304 1758 1364 super
1811 1290 2108 1349 terrem.
2174 1290 2249 1347 et
2304 1287 2412 1347 sio
2466 1288 2580 1348 est
2622 1286 2917 1349 factum.

651 1398 723 1455 et
765 1394 949 1455 feeit
1003 1394 1192 1454 Deus
1259 1394 1390 1453 duo
1455 1392 1855 1452 luminaria
1906 1392 2203 1465 maiora,
2259 1384 2623 1452 l'uminare
2680 1391 2917 1453 maius

651 1498 954 1559 initium
1022 1496 1171 1558 diei
1248 1500 1322 1556 et
1397 1496 1766 1557 luminare
1832 1495 2069 1555 minus
2132 1494 2434 1555 initium
2500 1495 2746 1556 noctis
2804 1498 2917 1555 etc.

651 1605 793 1665 haee
844 1606 978 1663 sunt
1029 1604 1220 1663 sutem
1263 1602 1372 1662 duo
1417 1600 1743 1673 luminaria,
1798 1614 1944 1674 quae
1987 1615 2099 1658 non
2144 1600 2369 1658 tentum
2398 1598 2507 1659 hoc
2536 1597 2789 1659 officium
2817 1615 2913 1659 ac·
2936 1613 2987 1652 ιο

651 1709 941 1783 ceperunt,
985 1709 1050 1767 ut
1090 1703 1353 1768 diuidant
1399 1704 1549 1765 inter
1591 1704 1740 1765 diem
1780 1706 1841 1763 et
1880 1704 2123 1776 noctem,
2166 1702 2267 1763 sed
2296 1698 2357 1763 et
2386 1704 2453 1763 ut
2478 1701 2599 1763 sint
2626 1702 2689 1763 in
2730 1704 2915 1778 signis

651 1814 712 1872 et
740 1811 802 1871 in
830 1808 1178 1886 temporibus
1207 1812 1267 1871 et
1295 1811 1358 1870 in
1384 1809 1584 1869 diebus
1611 1810 1673 1868 et
1702 1808 1761 1867 in
1790 1806 1975 1868 annis.

591 1910 628 1969 6
745 1915 986 1990 Propter
1014 1914 1122 1975 hoc
1151 1929 1286 1989 ergo
1316 1913 1568 1974 Hebraei
1599 1914 1739 1973 tunc
1770 1911 1867 1987 qui
1898 1910 2063 1987 digni
2091 1908 2324 1972 fuerunt
2352 1910 2561 1986 spiritu
2589 1908 2700 1971 Dei
2726 1909 2915 1970 edocti

651 2018 918 2094 singulos
948 2034 1172 2093 quoque
1202 2034 1384 2077 annos
1411 2016 1723 2077 secundum
1764 2016 1935 2076 lunae
1964 2031 2193 2077 cursum
2222 2016 2715 2090 computauerunt.
2758 2016 2817 2075 et
2848 2018 2913 2073 ut

651 2122 727 2183 sd
757 2138 984 2183 cursum
1013 2122 1154 2181 solis
1183 2122 1544 2181 occurrerent
1571 2118 1723 2179 inter
1752 2118 2037 2179 sexdecim
2066 2134 2263 2191 annos,
2315 2118 2528 2179 mensis
2569 2116 2741 2193 primi
2783 2118 2908 2177 dies
2932 2130 2977 2168 1⁵

649 2224 806 2285 XXX
833 2225 896 2285 in
925 2226 1070 2285 duas
1099 2225 1296 2299 partes
1323 2240 1437 2283 non
1467 2222 1789 2297 aequaliter
1810 2222 1913 2283 sed
1936 2224 2245 2285 secundum
2265 2222 2545 2285 rationem
2566 2220 2907 2294 diuiserunt,

647 2330 798 2391 sieut
849 2328 1112 2405 superius
1163 2328 1412 2387 diximus
1464 2329 1691 2388 nostros
1741 2329 2131 2388 antecessores
2172 2327 2403 2402 quidem
2442 2327 2753 2387 secundum
2784 2326 2905 2387 He-

645 2433 848 2493 braeos
899 2434 1054 2493 recte
1106 2430 1371 2491 diuisisse
1399 2430 1461 2491 in
1489 2430 1570 2490 XI
1601 2432 1662 2491 et
1690 2430 1939 2505 XVIIII,
1992 2431 2143 2491 diem
2183 2433 2375 2493 autem
2414 2430 2659 2505 primum
2688 2430 2905 2491 mensis

642 2536 814 2614 primi
842 2553 958 2597 non
985 2535 1476 2611 comprehendisse
1503 2537 1564 2596 et
1591 2534 1721 2597 ideo
1750 2549 1991 2596 errasse.
2038 2535 2137 2611 qui
2178 2534 2300 2596 dies
2330 2533 2547 2610 primus
2578 2534 2713 2595 noui
2740 2551 2900 2594 men-

643 2641 726 2703 sis
757 2641 1066 2706 secundum
1095 2657 1326 2700 cursum
1355 2639 1524 2700 lunae
1556 2639 1859 2700 duodecies
1888 2638 2267 2708 decrescentis
2308 2639 2732 2714 recognoscitur
2762 2637 2899 2698 XVI
2919 2651 2975 2692 so

641 2746 722 2807 kl.
747 2745 930 2820 April.
951 2765 966 2804 ε
993 2745 1052 2804 in
1074 2762 1183 2820 quo
1207 2743 1346 2804 talis
1368 2744 1564 2804 eadem
1587 2744 1729 2803 hora.
1751 2743 1987 2803 inuenta.
2008 2745 2097 2803 est
2119 2743 2277 2816 lune,
2308 2741 2499 2817 qualis
2526 2745 2661 2802 ente
2691 2760 2903 2802 annum

639 2848 754 2908 fuit
782 2849 835 2907 V
865 2849 944 2908 kl.
977 2847 1160 2922 April.
1209 2847 1382 2910 faeta..
1427 2847 1588 2907 cuius
1630 2847 1767 2906 anni
1806 2843 1931 2908 dies
1974 2846 2223 2907 Hebraei
2265 2849 2565 2922 numerent
2594 2844 2903 2904 CCCLIIII

639 2969 820 3029 usque
850 2953 912 3011 in
940 2951 1107 3012 XVII
1135 2952 1214 3014 kl.
1247 2951 1484 3027 Aprilis.
1531 2951 1630 3027 qui
1676 2954 1867 3011 autem
1922 2953 2232 3012 secundum
2278 2967 2509 3011 cursum
2556 2948 2699 3010 solis
2742 2965 2899 3009 com-

638 3059 864 3132 putant,
894 3059 1029 3132 post
1057 3055 1314 3117 undecim
1346 3057 1468 3116 dies
1495 3057 1557 3116 et
1585 3057 1854 3130 quartum
1884 3053 1999 3116 diei
2029 3055 2112 3116 VI
2134 3056 2217 3114 kl.
2242 3053 2429 3130 April.
2458 3054 2745 3131 suppletis
2774 3054 2901 3114 die-

774 3239 810 3294 3
845 3239 978 3296 Gen.
1016 3239 1066 3308 1,
1103 3239 1323 3296 14-16.
1407 3263 1416 3271 ’

772 3395 804 3450 1
841 3393 1000 3449 deum
1034 3409 1098 3450 cv
1416 3395 1608 3462 quarte
1647 3405 1676 3450 c
1994 3393 2124 3449 solis
2160 3395 2217 3448 et
2252 3393 2413 3448 lunae
2450 3393 2693 3461 illuxiss'e
2727 3394 2761 3448 b

635 3482 671 3536 2
705 3481 909 3537 maiora
945 3498 1048 3536 om.
1085 3497 1114 3536 c
1319 3481 1353 3536 3
1390 3479 1642 3536 dominus
1679 3480 1819 3535 dixit
1854 3481 1902 3547 b,
1939 3482 2020 3535 ait
2055 3481 2183 3536 deus
2218 3497 2247 3536 c
2464 3482 2501 3536 4
2534 3482 2617 3536 its
2652 3483 2717 3535 ut
2750 3480 2895 3535 luce-

633 3571 732 3624 ant
765 3569 813 3634 b,
849 3569 990 3623 sicut
1023 3569 1239 3639 pariant
1273 3585 1321 3635 c,
1358 3568 1500 3622 sicut
1535 3571 1831 3638 appareant
1872 3571 1937 3633 G,
1972 3570 2196 3638 pareant
2242 3568 2295 3624 U
2553 3567 2588 3622 5
2623 3567 2685 3623 in
2720 3567 2895 3637 signis

634 3657 692 3710 et
725 3655 785 3710 in
819 3655 1008 3712 diebus
1042 3659 1098 3710 et
1131 3657 1188 3710 in
1224 3655 1496 3711 mensibus
1532 3659 1589 3710 et
1624 3657 1683 3710 in
1716 3655 2050 3726 temporibus
2085 3657 2141 3710 et
2175 3655 2233 3710 in
2268 3655 2421 3710 annis
2458 3672 2487 3711 c
2693 3656 2729 3710 6
2764 3654 2891 3709 soli-

632 3740 885 3796 damento
920 3743 968 3806 b,
1005 3741 1344 3798 firmamento
1381 3759 1442 3798 cv
1684 3743 1715 3796 '1
1752 3744 1851 3813 ita]
1889 3744 1967 3798 sic
2001 3760 2030 3799 c
2272 3745 2329 3797 et
2363 3743 2544 3797 sic...
2569 3743 2606 3800 1.
2644 3749 2678 3800 9
2714 3744 2889 3799 noetis

631 3829 735 3884 etc.
772 3843 872 3884 om.
909 3844 940 3885 c
1192 3829 1258 3884 13
1291 3832 1513 3900 propter
1548 3829 1652 3884 hoc
1687 3845 1814 3899 ergo
1850 3830 1899 3894 b,
1934 3830 2058 3899 post
2092 3829 2225 3884 hsec
2260 3829 2405 3884 enim
2440 3829 2679 3884 breuiter
2712 3830 2888 3886 dicem

632 3914 776 3984 quod
808 3931 838 3971 c
1035 3916 1290 3986 spiritum
1327 3917 1358 3972 b
1409 3957 1424 3974 .
1558 3916 1628 3970 14
1662 3915 1924 3987 singulos]
1961 3917 2021 3969 in
2056 3916 2218 3971 coelis
2254 3917 2286 3971 b
2474 3932 2684 3986 quoque
2722 3932 2889 3972 annos

629 4000 920 4056 secundum
965 4017 1178 4057 cursum
1225 4003 1384 4058 lunae
1420 4005 1889 4072 (eomputauerunt
1924 4003 2137 4072 supplet
2186 4003 2283 4072 W)
2303 4018 2609 4072 numquam
2648 4003 2889 4058 fecerunt

625 4087 826 4158 pascha
861 4091 987 4143 ante
1020 4089 1143 4144 XII.
1190 4090 1300 4144 kal.
1337 4106 1478 4160 epm:
1517 4105 1651 4159 quae
1687 4089 1815 4143 lune
1849 4092 1979 4143 nats
2015 4091 2073 4143 in
2108 4089 2247 4144 VIII
2294 4090 2366 4145 id.
2402 4093 2562 4145 matt.
2599 4091 2767 4146 XIIII
2806 4093 2889 4146 est

625 4175 686 4228 in
720 4173 802 4228 XI
835 4174 966 4243 (XII
1011 4175 1104 4243 W)
1152 4175 1260 4230 kal.
1297 4192 1440 4245 apr-t
1477 4191 1598 4231 cum
1634 4190 1739 4244 quo
1775 4178 1892 4229 tam
1931 4192 2189 4247 magnum
2225 4176 2463 4232 officium
2490 4177 2668 4233 fueret
2692 4179 2887 4248 adepta

629 4259 724 4327 (ef.
761 4263 885 4328 253,
919 4265 1008 4332 15)
1043 4263 1122 4318 sic
1157 4263 1299 4318 hanc
1327 4262 1649 4331 periocham
1683 4262 1893 4316 exhibet
1930 4279 1959 4317 c
2146 4263 2211 4318 15
2247 4262 2356 4318 diei
2391 4264 2424 4318 b
2611 4265 2679 4319 18
2712 4266 2771 4319 in
2808 4265 2891 4319 XI

626 4347 970 4403 etXetIX
1016 4348 1093 4403 W
1266 4347 1598 4404 soxvnb
1786 4347 2190 4406 2200LVI1b
2379 4349 2885 4420 241111quertum

626 4433 676 4499 b,
711 4436 960 4503 quartem
994 4451 1028 4491 v
