3217 5150
2296 540 2469 588 LXIX
2577 587 2590 592 -

210 681 445 763 phrasi
497 680 726 745 locauit
770 730 783 742 .
812 729 827 743 .
854 728 867 741 .
915 678 1373 762 Cyprianus
1422 699 1568 744 uero
1615 677 2140 760 Carthayinensis
2189 677 2472 742 ecclesi-ae

220 791 657 857 sanctissimus
693 790 953 872 praesul
993 795 1049 854 et
1084 795 1331 872 martyr
1372 791 1515 871 ipsa
1558 789 2014 856 Ciceronianae
2053 789 2472 854 institutionis
2491 836 2508 862 ,

220 903 605 982 documenta,
634 902 1151 969 Christianorum
1166 903 1383 966 uolens
1383 901 1726 983 prouidere
1737 901 2029 979 utilitati,
2049 901 2222 965 haud
2238 900 2472 965 medio-

228 1015 416 1080 criter
453 1014 821 1128 ampliauit,
860 1019 917 1078 et
946 1035 1104 1095 quae
1146 1013 1479 1096 defuerant
1517 1014 1792 1078 moribus
1831 1013 2153 1091 adiunxit,
2203 1033 2262 1097 p.
2293 1012 2378 1077 46
2406 1013 2472 1076 in

220 1119 641 1210 ‘Expositione
662 1127 729 1192 in
742 1117 1133 1211 Prologum':
1168 1125 1434 1191 Librum
1462 1125 1720 1207 scripsit
1749 1125 2028 1210 (Cicero)
2060 1129 2357 1189 notarum
2384 1124 2473 1188 ad

220 1239 449 1321 filium,
490 1259 667 1320 quem
698 1238 909 1304 beatus
937 1244 1183 1320 martyr
1220 1237 1636 1320 Cyprianu
1649 1257 1682 1302 s
1709 1241 1920 1318 postea
1957 1236 2472 1303 Christianorum

221 1351 368 1415 usui
420 1349 781 1430 ampliauit,
836 1351 909 1414 in
955 1351 1206 1415 modum
1256 1350 1487 1415 scilicet
1535 1349 1928 1426 dictionarii,
1977 1348 2086 1413 ubi
2134 1347 2474 1413 secundum

222 1462 507 1525 ordinem
524 1444 864 1542 ponuntur
881 1461 1097 1543 primo
1124 1461 1508 1526 characteres
1536 1459 1672 1524 siue
1701 1464 1899 1537 notae,
1927 1464 2146 1540 postea
2175 1459 2475 1524 dictiones
2506 1492 2514 1502 ·

213 1593 331 1654 per
373 1573 609 1638 eosdem
651 1573 1036 1639 characteres
1078 1573 1461 1656 desiynatae,
1503 1573 1599 1636 ita
1641 1572 1802 1653 quod
1842 1568 2030 1636 dictio
2069 1572 2334 1652 quaeuis
2351 1591 2474 1652 per

220 1688 435 1749 notam
463 1685 585 1749 sibi
612 1685 1015 1768 siqnifiicatur
1034 1685 1487 1766 praepositam.
1521 1683 1650 1747 His
1670 1685 1836 1748 notis
1856 1685 1991 1748 siue
2011 1682 2475 1749 characteribus

213 1797 592 1877 psalterium
634 1796 943 1861 Latinum
980 1798 1300 1880 inteyrum
1329 1801 1383 1859 et
1404 1795 1670 1894 pulchre
1709 1795 2088 1877 descriptum
2125 1795 2278 1859 olim
2306 1793 2475 1858 uidi-

222 1929 361 1972 mus
400 1909 477 1972 in
516 1908 875 1974 bibliotheca
924 1908 1190 1973 maioris
1236 1908 1521 1973 ecclesiae
1569 1908 2079 1992 Aryentinensis,
2125 1908 2230 1972 cui
2271 1906 2475 1970 nescio

220 2020 362 2100 quis
390 2040 606 2085 rerum
628 2020 818 2085 iudea:
840 2021 1111 2103 iynarus
1132 2021 1389 2085 titulum
1406 2021 1758 2104 forinsecus
1770 2023 2226 2102 praeposuerat
2248 2019 2437 2084 talem
2455 2039 2476 2080 :

223 2129 615 2197 Psalterium
664 2134 741 2196 in
768 2133 1117 2198 Armenica
1170 2131 1414 2215 linqua.
1470 2133 1593 2200 Sed
1637 2133 1903 2211 errauit,
1953 2153 2092 2198 cum
2142 2132 2230 2198 sic
2261 2131 2478 2212 potius

218 2243 417 2326 fuerit
445 2243 838 2308 scribendum
851 2265 872 2307 .·
902 2242 1292 2308 Psalterium
1323 2243 1635 2309 Latinum
1663 2245 2124 2310 characteribus
2151 2243 2477 2308 Tullianis

221 2355 658 2434 conscriptum.
704 2353 879 2419 Nam
916 2355 1173 2436 quilibet
1212 2355 1534 2421 character
1572 2377 1772 2428 unam
1802 2356 2131 2421 dictionem
2161 2343 2477 2438 integram

224 2472 651 2546 repraesentat
678 2465 1008 2532 Latinam.
1066 2467 1199 2533 Nec
1240 2487 1337 2532 me
1372 2467 1553 2550 fallit
1601 2469 1972 2551 aestimati0‚
2019 2487 2160 2532 cum
2203 2467 2476 2531 dictio-

220 2579 543 2645 narium
593 2581 849 2661 ipsum
902 2580 1313 2646 Ciceronis
1363 2602 1406 2644 a
1457 2587 1731 2647 sancto
1788 2582 2190 2663 Cypriano
2240 2602 2474 2647 emen-

218 2689 267 2753 d
280 2695 492 2755 atum
505 2711 699 2773 penes
718 2712 813 2756 me
834 2692 908 2755 in
924 2692 1186 2773 antiquo
1206 2693 1528 2763 uolumine
1549 2694 1855 2775 scriptum
1874 2694 2193 2777 inteyrum
2215 2693 2475 2759 habeam
2505 2680 2518 2694 ’

218 2806 277 2866 et
307 2803 560 2868 incorru
556 2810 763 2884 ptum,
805 2804 969 2885 quod
1006 2823 1323 2887 nusquam
1360 2806 1503 2877 uidi
1530 2806 1707 2871 alibi.
1761 2806 1976 2871 Tanta
2003 2824 2150 2871 uero
2177 2810 2270 2891 est
2293 2805 2476 2887 copia

222 2919 519 2979 notarum
563 2916 699 2982 siue
739 2916 1169 2981 characterum
1209 2938 1351 2982 cum
1388 2918 1765 2983 dictionibus
1803 2918 1926 2983 sibi
1965 2917 2269 2995 subiectis,
2313 2917 2476 2998 quod

222 3027 480 3091 omnino
530 3030 860 3112 sufficiunt
908 3029 995 3093 ad
1038 3030 1433 3095 scribendum
1472 3030 1710 3097 Latino
1757 3049 2034 3097 sermone
2078 3050 2476 3112 quaecunque
2545 3097 2556 3104 ,

220 3138 519 3219 uolueris,
562 3144 624 3205 et
650 3140 717 3204 in
745 3141 905 3207 libro
935 3142 1392 3227 Polygraphiae
1422 3145 1623 3209 sexto:
1671 3143 1941 3208 Marcus
1973 3142 2232 3208 Tullius
2265 3141 2477 3229 Cicero

210 3250 545 3332 facundus
564 3250 997 3317 Romanorum
1026 3257 1236 3317 orator
1265 3253 1499 3318 librum
1526 3253 1786 3335 scripsit
1805 3274 1934 3318 non
1949 3274 2200 3334 paruae
2221 3254 2478 3336 quanti-

218 3362 376 3426 tatis
426 3362 759 3443 Notarum,
811 3384 993 3444 quem
1037 3365 1311 3431 Sanctus
1362 3365 1824 3447 Cyprianus
1872 3365 2476 3449 Carthaqinensium

206 3472 478 3553 praesul
505 3478 563 3539 et
590 3480 857 3557 martyr,
897 3476 1118 3541 multis
1143 3481 1201 3540 et
1230 3478 1395 3542 notis
1422 3482 1479 3542 et
1506 3478 1886 3543 dictionibus
1913 3477 2295 3558 ampliauit,
2308 3476 2475 3541 adii-

218 3586 393 3649 ciens
432 3586 737 3650 uocabula
772 3585 1285 3654 Christianorum
1312 3567 1531 3654 usibus
1559 3592 1933 3669 necessaria,
1979 3594 2050 3654 ut
2078 3609 2234 3671 opus
2261 3589 2474 3671 ipsum

216 3697 395 3779 fieret
435 3716 565 3762 non
604 3698 805 3763 solum
832 3700 991 3764 utile
1008 3704 1315 3783 payanis,
1356 3702 1463 3767 sed
1490 3702 1685 3766 multo
1713 3702 1920 3785 mayis
1945 3701 2138 3766 etiam
2163 3700 2470 3784 fidelibus.

220 3794 445 3875 Rarus
484 3814 571 3875 est
610 3811 795 3875 codex
822 3816 879 3876 et
907 3833 949 3877 a
978 3833 1073 3878 me
1100 3813 1282 3879 semel
1312 3813 1634 3879 duntaxat
1659 3818 1958 3895 repertus,
1997 3812 2241 3895 uilique
2259 3812 2475 3893 precio

212 3926 465 4001 emptus
492 3925 611 3988 etc.
2016 3898 2028 3909 ⁸

305 4032 690 4124 Praefationi
712 4037 856 4102 huic
879 4037 1217 4122 adiungam
1236 4035 1527 4121 Cypriani
1556 4038 1780 4115 uitam,
1800 4054 1970 4130 ⁸quas
1991 4036 2204 4102 Pontii
2233 4036 2477 4101 diaconi
2519 4054 2745 4131 *cypriani

218 4144 444 4226 fertur,
498 4148 813 4214 codicibus
845 4148 1031 4234 '1‘th
1078 4151 1411 4215 seruatam.
1465 4148 1839 4227 exstiterunt
1883 4148 2194 4231 quondam
2235 4148 2474 4214 codices
2493 4124 2805 4235 ωζξξζῗψ

219 4258 498 4325 melioris
518 4262 701 4327 notae
722 4261 1089 4344 complures,
1112 4262 1291 4327 uolut
1305 4262 1692 4327 Fossatonsis
1713 4262 2181 4328 uetustissimus
2201 4278 2355 4326 saec.
2385 4259 2476 4324 IX

217 4373 287 4436 et
316 4370 723 4441 Floriacensis
768 4392 923 4439 saec.
956 4372 1051 4437 XI
1095 4392 1247 4457 quos
1286 4372 1361 4438 P.
1395 4373 1511 4438 Th.
1540 4374 1808 4439 Ruinart
1854 4372 2122 4439 excussit
2168 4370 2276 4452 (cf.
2309 4372 2476 4437 Acta

216 4487 578 4565 martyrum
601 4506 661 4570 p.
690 4486 810 4551 171
842 4486 897 4570 g.
926 4482 1013 4571 1)·.
1046 4504 1119 4551 cx
1150 4485 1247 4550 his
1276 4484 1430 4567 puto
1460 4484 1790 4550 nonnullae
1821 4483 2162 4572 scripturae
2184 4502 2307 4550 non
2329 4500 2476 4549 con-
