3217 5150
587 550 704 613 190
1519 536 1879 607 Appendix.

579 700 954 762 sacrosanctis
1009 700 1162 759 enim
1221 698 1394 759 iussis
1437 698 1600 759 nobis
1656 696 1855 757 diuina
1892 697 2171 772 protectio
2230 696 2591 757 ministratur
2604 742 2621 771 ,
2680 696 2832 757 siout

579 804 783 865 Esaias
811 803 914 875 ait,
960 803 1212 877 legem,
1259 800 1462 877 inquit,
1507 802 1582 860 in
1622 800 2083 861 adiutorium
2124 799 2361 863 dedit:
2406 800 2531 861 sine
2558 799 2831 861 iussioni-

579 906 689 966 bus
717 922 852 967 uero
883 904 1094 965 diuinis
1123 904 1344 964 nullum
1373 905 1566 978 potest
1593 920 1721 964 esse
1748 903 2116 977 praesidium.

482 1012 561 1070 16
671 1008 847 1069 Aliud
875 1010 966 1067 est
994 1006 1146 1083 quod
1173 1006 1328 1067 Deus
1357 1006 1602 1080 imperat
1652 1006 1841 1067 faeere
1892 1010 1954 1067 et
2004 1006 2165 1067 aliud
2214 1006 2501 1067 uoluntati
2550 1006 2675 1066 eius
2724 1005 2829 1066 ob-

578 1112 813 1172 sistere:
863 1110 1024 1173 euius
1053 1110 1140 1171 ite.
1167 1112 1303 1170 sunt
1331 1109 1602 1169 mandate
1630 1110 1912 1170 seruanda.
1925 1155 1942 1184 ,
1988 1112 2054 1170 ut
2082 1109 2135 1169 si
2164 1109 2385 1185 aliquid
2412 1108 2649 1171 iusserit
2679 1109 2831 1185 quod
2850 1133 2873 1173 s

579 1215 888 1277 seeundum
917 1214 1174 1275 homines
1201 1213 1478 1273 iniustum
1511 1213 1805 1286 uideatur,
1850 1213 2067 1273 iustum
2094 1214 2361 1273 credetur
2410 1214 2470 1272 et
2520 1212 2639 1285 fiat,
2692 1214 2753 1272 et
2780 1211 2833 1273 si

577 1320 792 1379 iustum
842 1318 1080 1379 iusserit
1097 1362 1114 1391 ,
1167 1318 1380 1377 iustum
1409 1316 1719 1391 deputetur
1746 1318 1805 1375 et
1830 1315 1963 1377 fiat:
2008 1332 2137 1377 eum
2165 1314 2289 1377 eine
2318 1314 2563 1377 uictoria
2590 1332 2705 1375 non
2724 1332 2829 1390 po-

575 1424 696 1482 test
722 1438 850 1482 esse
878 1422 1028 1497 quod
1057 1420 1290 1480 mandat
1311 1464 1328 1494 ,
1384 1419 1484 1494 qui
1510 1420 1717 1494 potens
1746 1420 1836 1479 est
1864 1418 2211 1479 iniustitiam
2240 1418 2597 1479 iustificando
2624 1435 2831 1479 uocare

579 1524 864 1585 iustitiam
913 1527 973 1584 et
1004 1522 1284 1583 iustitiam
1311 1522 1665 1597 reprobando
1718 1521 2065 1583 iniustitiam
2114 1522 2355 1596 probare
2406 1523 2798 1583 transuersam
2812 1566 2833 1595 ,

577 1628 738 1688 cuius
766 1628 1034 1689 uoluntas
1067 1628 1158 1687 est
1187 1626 1309 1685 sola
1339 1630 1399 1687 et
1425 1642 1566 1686 uere
1592 1626 1835 1685 iustitia.
1881 1625 1931 1685 si
1982 1625 2135 1685 enim
2161 1627 2347 1685 totum
2376 1624 2648 1713 quiequid
2674 1624 2829 1699 geri·
2854 1646 2903 1683 ιο

575 1749 702 1792 mus
733 1732 808 1790 ad
835 1732 944 1791 hoo
971 1730 1362 1790 tantummodo
1391 1729 1645 1804 gerimus
1661 1774 1677 1803 ,
1709 1732 1777 1789 ut
1798 1728 2037 1789 Domino
2066 1728 2413 1803 placeamus,
2444 1728 2701 1802 profeoto
2724 1728 2835 1790 hoe

578 1834 762 1893 solum
791 1833 903 1893 erit
931 1832 1143 1892 iustum
1178 1832 1448 1908 quiequid
1475 1832 1725 1892 noluerit
1752 1835 1815 1892 et
1843 1832 2077 1893 iusserit
2103 1834 2164 1892 et
2192 1831 2522 1907 probauerit
2549 1830 2705 1891 Deus
2736 1831 2833 1893 oui

574 1937 800 2011 plaeere
829 1938 1127 2011 gestimus.
1181 1954 1316 1997 nam
1344 1953 1472 1996 eum
1501 1936 1655 1996 serui
1681 1953 1793 1996 non
1821 1935 2044 2010 possint
2072 1954 2109 1995 a.
2137 1936 2317 1997 semet
2338 1936 2483 2011 ipsis
2512 1935 2659 1995 seire
2692 1934 2834 2011 quid

576 2039 698 2099 suis
721 2038 963 2099 dominis
977 2039 1220 2113 placeat,
1244 2039 1358 2097 nisi
1373 2038 1727 2099 dominorum
1748 2041 2059 2113 sequantur
2076 2038 2331 2114 imperia,
2348 2040 2409 2099 et
2430 2038 2627 2113 utique
2642 2038 2833 2099 homi-

575 2158 676 2201 nes
695 2170 761 2204 t*
779 2143 837 2201 et
865 2160 997 2201 cum
1025 2142 1136 2217 ipsi
1167 2142 1424 2202 homines
1454 2141 1747 2203 hominum
1774 2142 2046 2203 similium
2076 2142 2189 2203 sibi
2218 2161 2335 2204 non
2361 2142 2593 2203 ualeant
2620 2142 2831 2203 uolun·
2850 2164 2899 2202 ιε

571 2247 722 2305 tates
753 2260 1081 2320 agnoscere,
1110 2244 1225 2304 nisi
1247 2245 1570 2320 aeceperint
1593 2247 1743 2319 quod
1766 2246 2099 2307 obseruent:
2130 2247 2312 2307 multo
2342 2246 2529 2327 magis
2556 2245 2831 2309 mortales

573 2348 838 2409 nesciunt
867 2348 1207 2408 immortalis
1228 2347 1335 2407 Dei
1364 2348 1647 2409 iustitiam
1676 2350 2147 2424 conprehendere,
2178 2348 2293 2409 nisi
2322 2350 2447 2423 ipse
2476 2348 2831 2410 instit-iarum

579 2468 811 2511 suarum
839 2452 1108 2527 dignetur
1147 2452 1362 2511 indicia
1389 2453 1797 2525 demonstrare,
1830 2453 1979 2513 siout
2006 2453 2271 2516 Salomon
2292 2453 2572 2528 adprobet
2600 2454 2829 2514 dicens:

577 2555 741 2628 quis
809 2554 996 2616 enim
1037 2556 1402 2617 hominum
1445 2557 1727 2632 poterit
1770 2556 1962 2617 seire
2004 2556 2399 2618 eonsilium
2460 2556 2633 2618 Dei?
2704 2558 2831 2618 ant

569 2659 735 2733 quis
795 2659 1082 2734 poterit
1145 2660 1480 2734 cogitare
1523 2661 1693 2734 quid
1759 2660 1952 2720 uelit
2014 2660 2243 2720 Deus?
2323 2661 2901 2736 cogitationem

570 2764 998 2824 mortalium
1077 2763 1390 2824 timidae
1455 2765 1528 2824 et
1590 2764 1925 2824 incertae
1994 2764 2437 2840 prudentiae
2507 2767 2830 2826 nostrae.

569 2883 834 2940 eorpus
901 2867 1088 2927 enim
1153 2867 1339 2942 quod
1403 2867 1905 2942 corrumpitur
1973 2869 2337 2944 adgrauat
2400 2867 2709 2930 animam
2762 2872 2835 2929 et

568 2968 926 3042 deprimit
991 2973 1298 3030 terrena
1341 2969 1809 3032 inhabitatio
1872 2987 2157 3032 sensum
2208 2971 2439 3032 multa
2502 2973 2831 3048 cogitan-

567 3075 727 3130 tem.
775 3071 1120 3131 difficile
1165 3073 1647 3133 aestimamus
1692 3090 1868 3148 quae
1913 3075 1986 3134 in
2030 3077 2236 3136 terra
2278 3078 2446 3136 sunt
2508 3075 2581 3136 et
2644 3092 2831 3152 quae

567 3173 637 3231 in
713 3177 1118 3249 prospectu
1203 3179 1372 3236 sunt
1441 3176 1863 3238 inuenimus
1934 3195 2085 3240 eum
2150 3179 2436 3241 labore:
2510 3196 2691 3255 quae
2757 3180 2895 3242 ina

566 3274 800 3336 caelis
895 3279 1134 3338 autem
1226 3278 1408 3353 quis
1493 3279 2061 3355 inuestigabit?
2176 3301 2473 3344 sensum
2574 3285 2829 3346 autem

563 3383 761 3440 tuum
828 3381 994 3456 quis
1065 3381 1252 3454 soit,
1325 3382 1476 3441 nisi
1546 3386 1627 3442 tu
1696 3385 1983 3446 dederis
2056 3385 2509 3460 sapientiam
2576 3389 2651 3447 et
2702 3387 2825 3447 mi-

564 3483 756 3542 seris
851 3486 1178 3544 sanetum
1251 3485 1610 3560 spiritum
1686 3487 1767 3546 de
1840 3488 2245 3550 altissimis
2272 3493 2301 3550 ἰ’
2392 3491 2465 3550 et
2533 3488 2599 3549 si
2670 3506 2826 3550 eor·

699 3719 734 3772 2
768 3719 855 3773 Es.
882 3719 910 3772 2
1219 3721 1286 3775 19
1321 3721 1440 3792 Sap.
1479 3723 1530 3788 9,
1567 3723 1788 3778 13-19.

695 3941 728 3995 1
763 3942 926 3996 iussis
960 3959 1012 4008 v,
1045 3945 1102 3998 et
1137 3943 1300 3998 iustis
1344 3946 1391 4001 0
1591 3945 1780 4000 diuina
1814 3962 1914 4001 om.
1946 3947 1995 4004 G
2194 3949 2230 4004 6
2266 3948 2530 4004 iniustum
2566 3965 2681 4005 esse
2714 3967 2749 4007 v

560 4028 591 4080 '1
629 4029 908 4096 reputetur
939 4045 974 4084 v
1177 4031 1404 4086 uictoria
1440 4031 1498 4097 0,
1535 4031 1753 4086 iustitia.
1788 4049 1821 4088 v
2024 4033 2058 4087 9
2095 4034 2339 4105 probare]
2378 4035 2663 4106 reprobare
2703 4038 2753 4094 Ο

559 4113 628 4166 10
663 4113 922 4182 quioquid
966 4116 1023 4180 0,
1061 4115 1203 4184 quod
1235 4135 1270 4172 v
1500 4119 1566 4173 11
1601 4118 1727 4188 hoe]
1763 4119 1933 4175 adhoc
1968 4122 2016 4178 0
2237 4123 2305 4177 15
2340 4125 2395 4178 et
2426 4124 2535 4194 ipsi
2568 4123 2813 4180 homines

554 4215 657 4253 om.
693 4215 728 4255 v
949 4215 1068 4254 eum
1104 4203 1302 4257 addidi
1525 4205 1712 4259 ualent
1756 4207 1803 4261 Ο
2020 4210 2351 4282 uoluntates]
2386 4211 2661 4266 utilitates
2700 4211 2751 4267 G

557 4285 628 4340 20
661 4286 1018 4355 cogitationes
1052 4289 1194 4343 enim
1227 4307 1262 4346 υ
1601 4291 1673 4346 23
1708 4292 2057 4365 inhabitatio]
2094 4297 2353 4366 cogitatio
2389 4299 2461 4362 σς
2496 4298 2569 4365 cf.
2605 4298 2811 4354 LXX:

557 4372 754 4440 βρίθει
787 4369 854 4428 τὸ
895 4374 1102 4441 γεῶδες
1141 4377 1354 4443 σκῆνος
1547 4378 1620 4434 25
1652 4381 1931 4450 prospecto
1973 4382 2021 4438 Ο
2222 4383 2297 4440 26
2332 4386 2515 4439 antem
2550 4387 2680 4440 sunt
2712 4399 2749 4440 v

556 4456 632 4512 27
669 4457 764 4526 qui
807 4459 854 4514 0
1053 4459 1260 4516 dederis
1295 4462 1346 4517 ei
1377 4479 1412 4519 υ
1616 4465 1688 4520 28
1722 4466 1971 4535 spiritum
2007 4470 2253 4524 sanetum
2286 4487 2321 4526 υ
