3217 5150
602 588 631 623 ,
774 548 876 597 nn

774 683 1041 768 quodam
1062 682 1364 768 magistro
1386 703 1461 750 ex
1488 682 1819 749 Veronensi
1849 685 2182 767 exemplari
2204 686 2310 751 nel
2329 685 2463 752 eius
2486 703 2744 770 prorsus
2768 685 3048 771 gemello

775 795 947 863 totus
974 796 1065 862 sic
1094 795 1455 861 emendatus
1484 793 1697 875 fuerit,
1736 797 1810 861 ut
1838 795 2132 862 lectiones
2163 816 2350 881 snpra
2377 797 2572 864 lineas
2601 798 3046 864 adscriberen-

776 909 901 988 tur,
944 907 1106 974 unde
1145 907 1329 973 modo
1356 907 1423 972 in
1452 905 1501 973 G
1528 907 1712 972 modo
1741 907 1807 972 in
1835 907 1911 987 Β,
1941 908 2188 992 saepius
2215 909 2284 975 in
2311 911 2646 994 utrumque
2675 910 3048 988 transirent,
3178 899 3181 914 ’

780 1019 1065 1104 equidem
1096 1019 1309 1084 nullus
1341 1018 1575 1085 dubito.
1606 1021 1682 1085 tu
1708 1037 1854 1086 uero
1874 1020 2034 1086 hanc
2061 1021 2477 1104 opinationem
2507 1022 2642 1088 sine
2669 1022 3048 1107 probaueris

778 1131 911 1197 siue
939 1130 1241 1210 reieceris‚
1283 1130 1350 1196 id
1381 1130 1676 1197 concedas
1703 1149 1948 1198 necesse
1975 1134 2072 1198 est
2101 1119 2358 1199 eandem
2386 1133 2692 1200 rationem
2723 1135 3048 1214 criticam,

480 1266 585 1310 niu
610 1265 743 1310 mu-
778 1242 1035 1310 eandem
1078 1243 1569 1310 coniecturarum
1615 1243 2012 1329 farraginem,
2061 1244 2322 1311 eandem
2364 1245 2792 1329 interpolandi
2843 1247 3048 1312 auda·

452 1337 767 1452 ffiffmoe
780 1355 943 1422 ciam
982 1355 1167 1438 atque
1196 1355 1563 1420 Veronensis
1602 1371 1736 1421 esse
1773 1355 2264 1422 demonstratum
2297 1357 2410 1437 est,
2451 1357 2516 1422 in
2547 1358 2664 1422 hoc
2691 1357 2866 1423 libro
2901 1375 3049 1424 con-

778 1467 955 1551 spici.
999 1485 1147 1533 nem
1176 1467 1287 1532 et
1268 1483 1402 1552 ipse
1444 1467 1706 1534 obscura
1752 1467 2125 1552 exphneuit,
2171 1470 2460 1552 corrupta
2501 1470 2606 1534 uel
2650 1486 2816 1551 qnae
2861 1470 3048 1536 uide—

778 1579 1006 1646 bantur
1052 1579 1238 1664 longe
1288 1598 1327 1645 a
1378 1580 1648 1665 genuina
1699 1580 2066 1646 mendorum
2117 1578 2318 1646 forma
2370 1579 2698 1646 deflectens
2749 1581 3050 1662 correxit,

778 1689 993 1756 durius
1022 1691 1192 1758 dicta
1218 1691 1572 1774 perpolinit‚
1618 1691 1854 1758 rariore
1879 1691 2248 1776 uulgaribus
2277 1692 2678 1776 permutauit,
2711 1693 2792 1758 ut
2821 1691 3048 1759 fallaci

780 1803 981 1886 specie
1008 1802 1251 1888 decepti
1278 1803 1626 1887 permultas
1654 1802 1948 1869 lectiones
1968 1801 2114 1869 inde
2135 1803 2368 1886 petitas
2399 1803 2712 1870 mordicus
2737 1803 3046 1870 tenerent

782 1915 1065 1982 editores.
1124 1932 1247 1989 non
1304 1915 1527 1980 multis
1586 1915 1886 1998 exemplis
1933 1914 2050 1980 hoc
2100 1914 2458 1981 confirmare
2507 1931 2662 1998 opus
2709 1917 2835 1994 est,
2899 1935 3046 1982 cum

780 2026 1074 2092 lectiones
1114 2025 1607 2109 interpolationis
1635 2026 1800 2092 notis
1827 2026 2132 2109 plurimae
2157 2026 2488 2112 insignitae
2515 2027 2663 2107 sint,
2711 2045 2764 2093 e.
2801 2047 2858 2094 c.
2891 2028 3048 2094 haec

784 2137 1114 2222 ponantur:
1158 2139 1226 2204 in
1268 2136 1560 2220 loquendi
1604 2138 1794 2204 uerbo
1839 2138 2002 2222 quod
2046 2157 2191 2204 cum
2233 2139 2586 2206 accusatiuo
2631 2141 3043 2207 coniunctum

784 2248 1028 2333 saepius
1068 2253 1283 2318 auctor
1320 2249 1648 2333 usurpauit
1675 2251 1854 2316 uelut
1883 2249 2072 2329 255ss
2100 2250 2363 2333 facinus
2379 2249 2606 2333 puella
2633 2253 3044 2318 cornmissam

786 2367 921 2428 tam
969 2361 1141 2444 zoqai
1182 2366 1239 2426 et
1280 2361 1570 2426 indicare
1617 2379 1750 2425 non
1789 2360 2022 2442 potuit,
2073 2379 2268 2443 qaam
2307 2381 2418 2428 nec
2457 2363 2816 2447 intelleqere
2850 2367 3048 2446 prius

777 2476 988 2558 potuit
1022 2479 1079 2540 et
1106 2495 1338 2554 arcere,
1378 2473 1616 2553 255‚25
1644 2473 1733 2538 ad
1759 2473 2135 2555 loquendam
2173 2473 2464 2539 alienum
2501 2475 2674 2541 circa
2701 2494 2768 2540 se
2797 2477 3042 2542 crimen

786 2589 1051 2655 necdum
1089 2588 1307 2654 habuit
1347 2590 1633 2666 aetatem,
1673 2587 1903 2665 398‚21
1949 2604 2080 2651 non
2120 2586 2440 2669 loquimur
2464 2606 2706 2672 mayna
2731 2590 2848 2654 sed
2873 2590 3048 2655 uiui-

790 2720 952 2781 mu3‚
975 2700 1209 2779 603‚13
1230 2699 1692 2764 ordinationem
1713 2702 1770 2763 et
1789 2700 2098 2764 rationem
2117 2701 2214 2764 rei
2229 2704 2436 2783 yestae
2455 2698 2826 2782 loquantur,
2855 2702 3048 2780 576,7

790 2832 933 2879 cum
974 2810 1301 2878 caritatem
1342 2810 1513 2877 circa
1558 2830 1656 2877 me
1697 2815 1974 2875 uestram
2017 2808 2283 2875 dulciter
2323 2830 2400 2877 ac
2441 2830 2624 2892 saepe
2669 2811 3048 2894 loqueretar,

790 2925 1099 3009 postremo
1119 2923 1251 2988 loco
1272 2922 1473 2988 haesit
1494 2922 1605 2988 ille
1619 2923 1684 2988 et
1697 2922 1943 3004 scripsit
1963 2940 2104 2987 eum
2120 2921 2195 2987 de
2209 2921 2472 2987 caritate
2493 2923 2664 2988 circa
2685 2942 2787 2988 me
2807 2928 3046 2999 uestra,

792 3035 959 3101 idem
1000 3036 1162 3117 quod
1188 3034 1243 3099 P
1272 3034 1373 3119 (cf.
1403 3053 1463 3118 p.
1492 3032 1795 3117 XXXHI)
1827 3036 1892 3101 et
1920 3033 2053 3118 ipse
2093 3034 2421 3101 meliorum
2458 3035 2801 3101 acerrimus
2831 3036 3046 3103 defen-

790 3164 891 3211 sor
918 3148 982 3212 et
1008 3145 1231 3212 uindex
1258 3165 1320 3228 p.
1342 3146 1577 3223 603‚13
1602 3144 1895 3211 tentauit.
1923 3182 2003 3193 —
2025 3163 2358 3230 pronomen
2389 3165 2544 3212 suus
2569 3146 2625 3212 si
2653 3147 2830 3212 idem
2859 3148 2954 3213 sit
2981 3167 3048 3213 ac

780 3257 1087 3340 proprius
1129 3257 1539 3323 seuerioribus
1584 3256 1826 3342 legibus
1876 3256 2248 3323 adstrictum
2293 3256 2488 3322 nullis
2531 3243 2729 3323 teneri
2773 3260 3048 3341 optimo-

789 3388 931 3435 rum
972 3368 1344 3453 scriptorum
1382 3369 1680 3451 exemplis
1709 3370 1948 3434 constat
1977 3369 2040 3433 et
2070 3368 2236 3453 apud
2265 3367 2645 3453 cyprianum
2675 3371 3048 3453 saepissime

790 3480 1057 3549 occurrit
1099 3478 1207 3566 (cf.
1236 3479 1548 3563 indicem).
1596 3498 1718 3545 non
1757 3480 2064 3547 intactum
2105 3481 2364 3564 reliquit
2405 3480 2516 3547 ille
2555 3482 2706 3561 598,
2707 3482 2792 3547 21
2841 3483 3048 3549 cathe-

790 3594 951 3660 licae
994 3582 1279 3659 eeclesiae
1320 3611 1544 3675 corpus
1587 3611 1775 3657 suum
1826 3590 2078 3677 (eorpus
2115 3612 2320 3657 unum
2348 3591 2416 3671 G,
2465 3612 2668 3657 unum
2709 3612 2950 3675 corpus
2977 3596 3048 3674 Β,

792 3726 1014 3787 corpus
1034 3705 1115 3791 P)
1136 3704 1413 3771 scindere
1436 3726 1510 3771 ac
1532 3704 1788 3770 laniare
1815 3705 2131 3785 nituntur,
2167 3704 2310 3784 765,
2315 3704 2402 3771 20
2429 3704 2736 3787 baptismo
2761 3706 3052 3772 ecclesia-

793 3818 943 3884 stico
981 3818 1279 3883 maiestas
1318 3836 1439 3883 saa
1468 3816 1633 3904 (eius
1659 3817 1743 3902 R)
1775 3820 1832 3883 et
1860 3818 2171 3883 sanctitas
2179 3816 2552 3901 deroyatwr,
2595 3816 2742 3897 693,
2752 3819 2844 3883 10
2869 3819 3054 3899 quale

794 3931 870 3996 in
908 3934 1231 4011 conspectu
1270 3919 1509 3995 Christi
1548 3930 1683 3995 eius
1721 3928 2005 3995 ecclesiae
2045 3948 2196 3994 suae
2240 3928 2418 4013 (suae
2454 3927 2697 3993 omittit
2727 3926 2864 4015 CB.)
2891 3950 3052 4012 qaa-

794 4040 991 4107 dium.
1024 4078 1109 4088 -
1137 4040 1311 4106 alius
1340 4043 1403 4106 et
1432 4040 1591 4105 alter
1619 4040 1964 4125 promiscue
1989 4040 2296 4106 habentur
2324 4040 2498 4106 uelut
2529 4039 2718 4124 197‚9
2747 4040 2897 4121 quis
2929 4062 3054 4105 nou

796 4152 869 4218 id
898 4156 1240 4219 exsecretur
1267 4156 1323 4218 et
1350 4152 1565 4235 fuyiat
1592 4152 1756 4233 qaod
1781 4150 1904 4217 alii
1929 4152 2128 4234 fuerit
2155 4150 2393 4216 exitio?
2433 4150 2576 4232 qais
2604 4150 2674 4215 id
2703 4150 2980 4233 adpetat
3007 4160 3055 4219 et

800 4264 1098 4330 adsumat
1141 4264 1304 4346 quod
1333 4264 1421 4329 ad
1447 4284 1654 4330 necem
1693 4262 1960 4329 alterius
1991 4283 2116 4345 pro
2152 4262 2372 4348 yladio
2407 4263 2606 4346 fuerit
2635 4268 2689 4327 et
2719 4264 2858 4329 telo.
2913 4266 2988 4331 in
3015 4265 3058 4331 C

802 4378 866 4443 et
892 4376 951 4441 R.
992 4376 1199 4441 alium
1242 4378 1559 4442 mutatum
1606 4377 1703 4442 est
1741 4377 1808 4442 in
1849 4375 2122 4441 altoeum
2163 4376 2394 4455 645‚21
2443 4374 2654 4440 alium
2686 4395 2814 4457 pro
2857 4377 3057 4441 altero

802 4508 979 4552 reum
1004 4488 1164 4569 fleri.
1209 4506 1353 4554 sane
1381 4506 1643 4571 pronum
1675 4489 1810 4554 erat
1836 4492 1924 4552 sic
1953 4487 2237 4571 scribere,
2271 4486 2488 4569 quial.
2528 4488 2608 4551 14
2638 4492 3058 4570 praecesserat
