3217 5150
651 531 735 594 80
1587 525 1951 595 Appendix.

653 685 802 758 quod
847 684 1004 742 nulla
1047 683 1160 742 alia
1201 685 1418 744 ratione
1463 686 1641 744 uitam
1672 687 1957 744 aeternam
2000 683 2091 742 his
2134 685 2527 755 praestaturus
2570 681 2741 751 esset,
2789 680 2905 739 nisi

653 787 898 861 primum
953 787 1074 860 ipse
1129 785 1308 846 uitam
1369 791 1518 847 hanc
1561 787 1933 861 temporalem
1976 803 2103 844 cum
2146 784 2251 843 illa
2292 785 2523 841 aeterna
2566 782 2627 841 in
2670 799 2732 842 se
2776 783 2905 856 ipso

652 889 1056 949 continuasset.
1103 891 1344 963 denique
1387 907 1516 950 cum
1547 894 2019 956 conuersarentur
2046 888 2109 946 in
2137 885 2391 945 Galilaea
2420 885 2565 943 dixit
2593 883 2677 944 eis
2706 885 2900 945 Iesus:

650 991 923 1064 incipit
994 991 1216 1051 filius
1289 991 1605 1052 hominis
1680 991 1879 1050 tradi
1945 991 2017 1048 in
2083 1006 2331 1049 manus
2401 987 2764 1048 hominum
2830 989 2903 1046 et

656 1093 1123 1182 interficient
1166 1111 1336 1167 eum,
1383 1097 1453 1153 et
1495 1098 1661 1168 post
1702 1095 2021 1153 triduum
2062 1093 2421 1165 resurget.
2478 1093 2538 1150 et
2580 1089 2954 1152 contristatis

655 1199 788 1256 sunt
816 1197 1014 1267 nimis,
1041 1197 1192 1271 quia,
1223 1197 1392 1256 sicuti
1417 1196 1678 1271 diximuS,
1711 1196 1877 1271 longe
1904 1197 2189 1255 diuersum
2218 1194 2379 1268 prius
2398 1191 2605 1252 animis
2626 1210 2693 1252 ac
2715 1196 2905 1253 mente
3010 1187 3015 1194 ’

657 1302 1046 1373 conceperant.
1093 1299 1336 1372 denique
1381 1300 1472 1359 hic
1513 1299 1627 1359 fuit
1656 1300 1829 1360 etiam
1860 1300 2195 1359 Iudaeorum
2226 1313 2407 1356 sermo
2436 1295 2904 1356 contradictionis

655 1403 929 1462 aduersus
959 1419 1106 1475 eum,
1153 1420 1280 1462 cum
1308 1420 1367 1462 se
1396 1403 1520 1477 ipse
1550 1402 1781 1476 quidem
1810 1402 2036 1461 doceret
2072 1418 2171 1461 eos
2202 1401 2262 1460 et
2288 1399 2485 1458 futura
2512 1399 2901 1474 annuntiaret,

655 1503 744 1564 illi
795 1508 986 1564 autem
1036 1505 1327 1565 dicerent:
1387 1522 1522 1565 nos
1582 1505 1991 1565 audiuimus
2036 1521 2071 1562 a
2112 1504 2273 1578 lege
2334 1501 2505 1576 quia
2561 1500 2904 1561 Christus

657 1610 890 1666 manet
933 1608 1002 1666 in
1047 1611 1447 1668 aeternumz
1510 1611 1579 1668 et
1623 1609 1963 1681 quomodo
2008 1609 2085 1666 tu
2130 1606 2319 1666 dicis
2362 1605 2531 1680 quia
2576 1605 2985 1666 exaltaria>

655 1713 947 1784 oportet
989 1710 1232 1769 filium
1277 1711 1634 1771 hominis?
1680 1712 1875 1784 itaque
1922 1710 2034 1770 fuit
2076 1709 2479 1784 discipulorum
2526 1710 2721 1768 eadem
2762 1709 2907 1768 haec

653 1812 1039 1888 praesumptio
1083 1815 1154 1872 de
1197 1813 1442 1886 Christo,
1495 1817 1897 1888 prorumpente
1938 1813 1999 1872 in
2040 1814 2213 1873 istum
2246 1829 2557 1872 sermonem
2588 1811 2901 1871 incrudeli-

657 1917 796 1977 tatis
841 1933 975 1976 suae
1005 1917 1174 1975 Petro
1204 1917 1326 1990 ipso
1357 1918 1495 1977 duce
1525 1935 1592 1976 ac
1626 1916 1881 1991 principe
1932 1916 2332 1989 apostolorum.
2382 1931 2508 1974 cum
2538 1914 2690 1974 enim
2720 1931 2758 1972 a
2786 1913 2903 1974 Do·

658 2020 810 2079 mino
839 2019 1010 2080 simu]
1040 2037 1167 2079 cum
1213 2020 1416 2080 ceteris
1446 2018 1653 2080 fuisset
1682 2019 2066 2094 interrogatus
2096 2018 2365 2092 quidnam
2388 2017 2628 2076 sentiret
2657 2018 2727 2077 de
2757 2016 2903 2090 ipso,

657 2124 717 2181 id
743 2126 832 2182 est
862 2139 1028 2197 quem
1065 2139 1187 2182 esse
1217 2139 1344 2182 eum
1376 2121 1742 2197 existimaret,
1776 2124 1834 2182 et
1854 2123 2035 2196 primo
2059 2123 2359 2181 ueritatem
2384 2121 2675 2181 confessus
2696 2119 2985 2180 fuissetis

660 2225 854 2285 dicens
883 2241 1006 2284 esse
1039 2241 1164 2284 eum
1196 2225 1484 2285 Christum
1523 2225 1706 2285 filium
1745 2220 1852 2285 Dei
1890 2225 2011 2284 uiui
2055 2226 2114 2283 et
2142 2226 2441 2298 propterea
2469 2224 2672 2282 beatus
2702 2223 2775 2282 ab
2804 2221 2906 2281 illo

659 2328 943 2387 iudicatus
974 2329 1146 2400 esset,
1179 2327 1328 2400 quod
1357 2328 1464 2388 hoc
1492 2345 1604 2387 non
1638 2327 1943 2388 carnaliter
1970 2329 2069 2386 sed
2109 2345 2211 2401 per
2238 2327 2421 2401 patris
2450 2325 2713 2387 caelestis
2742 2341 2905 2384 reue-

653 2431 925 2492 lationem
976 2431 1278 2490 adsecutus
1319 2432 1488 2504 esset,
1543 2431 1692 2491 idem
1736 2434 1945 2503 tamen,
1999 2430 2097 2490 ubi
2148 2431 2333 2504 coepit
2388 2429 2551 2488 Iesus
2606 2429 2905 2489 ostendere

655 2535 952 2610 discipulis
1001 2533 1120 2593 suis
1167 2533 1302 2609 quia
1345 2535 1631 2608 oporteret
1674 2547 1801 2593 eum
1830 2532 2279 2609 Hierosolymam
2308 2533 2391 2591 ire
2420 2533 2481 2591 et
2509 2529 2691 2591 multa
2718 2529 2841 2605 pati
2870 2545 2907 2589 a

665 2639 982 2699 senioribus
1021 2640 1082 2696 et
1109 2638 1500 2698 sacerdotibus
1543 2638 1602 2697 et
1632 2635 1837 2697 scribis
1866 2640 1925 2696 et
1970 2636 2214 2695 interfici
2244 2637 2303 2695 et
2330 2638 2461 2709 post
2490 2635 2640 2695 diem
2667 2634 2905 2697 tertium
2922 2656 2989 2695 20·

659 2759 974 2816 resurgere,
1008 2740 1377 2800 nihilominus
1406 2738 1506 2799 ille
1536 2734 1707 2799 uerus
1738 2739 1952 2799 Christi
1993 2738 2279 2799 confessor
2318 2740 2451 2813 post
2478 2736 2751 2812 pauculos
2784 2736 2909 2796 dies

661 2846 952 2917 assumpto
997 2858 1061 2903 eo
1107 2843 1292 2917 coepit
1348 2842 1511 2901 illum
1571 2841 1852 2914 corripere
1897 2842 2121 2901 dicens:
2181 2841 2555 2915 propitius
2598 2839 2699 2899 sit
2740 2839 2905 2913 tibi,

657 2964 794 3007 non
837 2948 986 3006 erit
1024 2946 1243 3019 istud,
1288 2945 1372 3004 ita
1422 2948 1488 3003 ut
1537 2947 1837 3019 propterea
1888 2944 2083 3003 audire
2122 2962 2157 3003 a
2188 2944 2425 3004 Domino
2470 2942 2903 3004 commeruerit:

655 3050 836 3109 uade
880 3051 1045 3124 post
1087 3064 1188 3107 me
1243 3050 1573 3119 satanas,
1637 3046 2057 3107 scandalum
2098 3047 2281 3106 mihi
2324 3065 2436 3123 es,
2492 3048 2562 3107 ob
2606 3047 2713 3121 hoc
2758 3045 2908 3119 quod

659 3170 767 3213 11011
802 3153 1027 3226 saperet
1055 3168 1123 3211 ea
1150 3166 1292 3225 quae
1323 3152 1458 3209 sunt
1486 3150 1592 3209 Dei
1624 3150 1725 3209 sed
1756 3166 1821 3209 ea
1848 3164 1992 3223 quae
2023 3152 2157 3209 sunt
2188 3150 2493 3209 hominum.
2536 3166 2681 3224 quae
2710 3150 2901 3209 incre·
2924 3178 2993 3219 25.

659 3254 814 3329 patio
866 3256 1137 3314 aduersus
1177 3254 1410 3313 Petrum
1461 3253 1644 3327 magis
1688 3254 1982 3329 magisque
2028 3254 2208 3313 eluxit
2256 3254 2607 3327 adprehenso
2638 3252 2905 3326 Domin0‚

659 3378 784 3419 cum
814 3376 848 3418 a
877 3356 1212 3418 muliercula
1240 3356 1577 3417 conterritus
1620 3357 1861 3417 diceret:
1908 3358 2155 3417 nescio
2200 3357 2373 3432 quid
2415 3356 2633 3429 dicas,
2676 3372 2909 3430 neque

655 3482 696 3522 n
712 3482 743 3523 o
758 3463 827 3521 ui
872 3465 941 3521 te
958 3507 975 3535 ,
1019 3464 1078 3521 et
1121 3461 1328 3521 iterum
1372 3478 1498 3520 cum
1544 3464 1651 3522 hoc
1694 3462 1843 3539 idem
1886 3460 2098 3521 diceret
2141 3460 2397 3521 adhibito
2442 3460 2803 3519 iureiurando
2850 3461 2910 3519 et

613 3622 628 3641 ,
658 3564 832 3626 tertio
877 3565 1152 3625 denotans
1183 3566 1242 3624 et
1271 3564 1464 3623 iurans
1507 3564 1831 3625 adfirmaret
1871 3564 2133 3638 quoniam
2164 3580 2277 3623 non
2306 3565 2504 3623 nosset
2531 3562 2815 3622 hominem
2848 3565 2909 3621 et

658 3686 771 3728 11011
803 3669 980 3729 semel
1011 3669 1110 3728 sed
1139 3668 1364 3742 saepius
1394 3686 1516 3728 eum
1550 3671 1840 3743 negasset,
1871 3669 2019 3742 quod
2042 3666 2339 3728 consilium
2364 3666 2416 3726 ei
2439 3666 2703 3740 quoniam
2724 3682 2909 3739 usqne
2930 3692 3001 3731 ³0.

670 3774 743 3831 ad
792 3772 1112 3846 passionem
1164 3771 1393 3832 Domini
1442 3775 1935 3846 perseueratumm
1984 3751 2109 3829 erat
2156 3769 2337 3829 multo
2386 3770 2547 3845 prius
2588 3786 2624 3828 a
2666 3766 2911 3828 Domino

661 3876 850 3949 palam
901 3874 1116 3937 factum
1169 3877 1277 3947 est,
1329 3878 1395 3933 ut
1451 3893 1553 3935 nos
1601 3892 1819 3950 quoque
1850 3864 1909 3932 id
1958 3891 2067 3933 non
2098 3873 2439 3948 ignoremus.
2485 3872 2727 3945 denique
2778 3874 2912 3945 post

796 4076 831 4128 4
866 4073 1056 4128 Matth.
1103 4074 1153 4138 9,
1189 4074 1276 4129 30.
1573 4073 1606 4127 9
1642 4074 1717 4129 10.
1757 4074 1839 4140 12,
1875 4074 1963 4130 34.
2262 4074 2331 4128 22
2367 4072 2563 4127 Matth.
2604 4071 2691 4135 16,
2726 4070 2795 4124 16
2830 4086 2916 4141 sq.

658 4161 725 4215 27
765 4160 962 4213 matth.
1001 4160 1084 4225 26,
1121 4160 1188 4213 70
1223 4177 1297 4228 sq.

802 4357 835 4411 6
870 4357 997 4426 quia
1023 4397 1037 4411 .
1067 4396 1082 4412 .
1107 4398 1120 4411 .
1145 4358 1338 4412 animis
1373 4374 1474 4413 om.
1511 4356 1637 4427 Riy.
1860 4357 1926 4411 19
1959 4359 2171 4425 oportet
2206 4356 2361 4410 illum
2396 4355 2519 4426 Εἰς.
2727 4351 2795 4407 23
2829 4351 2922 4405 ita

669 4458 769 4498 om.
808 4443 932 4514 Riq.
1140 4444 1209 4499 28
1241 4443 1384 4497 idem
1418 4460 1518 4497 om.
1554 4443 1679 4514 Εἰς.
