3217 5150
598 515 726 582 316
1534 511 1901 582 Appendix.

969 674 1221 746 Imperat
1250 675 1309 732 et
1336 673 1519 732 iustos
1548 689 1780 732 numere
1811 670 2054 731 discerni
2083 669 2357 751 malorum

969 778 1315 850 Indutosque
1344 775 1503 846 iubet
1532 777 1760 836 deuicta
1789 775 1968 834 morte
1997 773 2256 846 uigorem

970 881 1198 954 Semper
1228 879 1632 939 inexstinctam
1661 879 1871 938 habere
1901 876 2134 936 luminis
2165 894 2380 948 auram,

806 985 929 1044 190
970 983 1063 1041 Ire
1092 1000 1193 1057 per
1223 982 1457 1057 antiqua
1486 997 1708 1055 semper
1737 981 2222 1053 florentiaregna,

967 1087 1123 1146 Ditia
1150 1103 1251 1160 per
1278 1102 1524 1156 nemora,
1556 1101 1779 1158 semper
1807 1101 2042 1144 amoena
2069 1083 2273 1154 uireta,

962 1189 1181 1263 Degere
1214 1191 1542 1262 perpetuam
1572 1189 1864 1260 praeclaro
1895 1188 1956 1244 in
1987 1203 2216 1259 corpore
2247 1185 2444 1244 uitam.

1046 1293 1153 1351 Est
1180 1293 1341 1351 locus
1374 1291 1595 1350 Aeoliis
1626 1290 1864 1350 Domino
1895 1289 2138 1348 dilectus
2168 1289 2230 1347 in
2259 1287 2395 1361 orie,

962 1394 1087 1454 Lux
1115 1395 1217 1454 ubi
1244 1395 1400 1453 clara
1428 1394 1577 1453 nitet
1608 1393 1902 1468 spiratque
1933 1391 2218 1451 salubrior
2247 1409 2386 1451 aura

799 1498 918 1557 195
963 1499 1325 1570 Aeternaque
1356 1496 1477 1557 dies
1510 1497 1694 1571 adque
1725 1494 2056 1556 inmutabile
2085 1497 2310 1569 tempus

964 1601 1042 1660 Et
1072 1604 1289 1660 secreta
1317 1601 1435 1662 Deo
1466 1599 1624 1675 regio
1657 1599 1942 1659 ditissima
1973 1599 2190 1673 campis

964 1701 1257 1778 Beataque
1288 1703 1460 1764 nimis
1493 1719 1690 1764 sereno
1723 1704 1782 1762 iu
1811 1703 2042 1762 cardine
2073 1704 2255 1775 sedes,

964 1807 1193 1882 Semper
1220 1823 1321 1868 aer
1350 1808 1539 1868 laetus
1570 1825 1898 1882 semperque
1927 1807 1988 1864 in
2015 1807 2141 1866 l'uce
2171 1807 2423 1879 futuruS,

963 1911 1134 1970 Lenis
1164 1914 1222 1970 et
1250 1911 1553 1986 adspirans
1580 1910 1786 1970 uitalia
1816 1901 2046 1970 ffimina
2072 1912 2296 1970 uentus.

796 2014 920 2073 200
966 2014 1251 2074 Omnifcro
1283 2015 1399 2074 fert
1430 2032 1607 2088 aequa
1639 2015 1757 2074 selo
1787 2013 2102 2087 praediuite
2131 2013 2337 2072 tellus:

963 2118 1165 2176 Florea
1193 2119 1419 2177 libratis
1453 2119 1768 2191 conflagrat
1797 2134 2046 2191 purpura
2074 2116 2274 2191 pratis.

962 2219 1162 2280 Omnia
1190 2220 1505 2294 praerutila
1532 2221 1773 2281 miscent
1801 2238 1914 2280 non
1943 2221 2140 2280 inuida
2169 2221 2371 2294 lucem,

968 2323 1103 2390 Flos
1133 2324 1307 2384 alium
1336 2323 1521 2384 laetus
1552 2343 1655 2385 suo
1685 2324 1896 2384 lumine
1927 2325 2104 2385 uestit
2133 2325 2420 2384 amictum.

962 2427 1113 2487 Hinc
1140 2444 1303 2488 rosea
1331 2428 1495 2490 niueo
1528 2427 1824 2488 uariantur
1855 2428 2066 2488 semine
2097 2446 2248 2514 turp,

793 2529 916 2589 205
964 2529 1039 2589 Et
1068 2531 1246 2592 roseis
1276 2531 1445 2593 niuea
1475 2531 1798 2605 crispantur
1827 2531 2060 2593 floribus
2091 2549 2246 2592 arua.

962 2632 1202 2695 Nescias
1232 2636 1339 2695 illa
1368 2635 1577 2710 quibus
1606 2639 1946 2695 suauescant
1975 2635 2272 2709 pulchrius
2301 2654 2441 2696 arua

958 2741 1075 2799 Aut
1103 2740 1311 2815 quibus
1341 2741 1597 2799 aetheria
1625 2739 1804 2813 spiret
1835 2740 2060 2799 felicius
2105 2756 2262 2811 aura,

718 3060 819 3114 189
854 3059 1171 3113 inextinctas
1206 3077 1238 3114 v
1442 3060 1690 3113 habitare
1725 3062 1856 3128 fort.
2064 3078 2220 3115 auras
2247 3060 2350 3125 Dv,
2386 3077 2536 3115 oram
2570 3062 2756 3115 malim

580 3147 681 3201 191
718 3146 919 3199 uirecta
942 3145 1014 3209 D,
1052 3146 1255 3199 directa
1282 3146 1411 3201 TW
1561 3147 1661 3201 192
1696 3148 1952 3215 degenere
1987 3146 2043 3200 D
2181 3163 2391 3216 corpore
2429 3148 2486 3224 ΤΙ
2507 3146 2604 3202 secl
2640 3162 2729 3201 cor
2761 3147 2826 3201 in

578 3246 689 3286 rac.
847 3226 948 3285 193
982 3232 1145 3285 acolis
1180 3232 1329 3298 DT¹‚
1364 3234 1505 3286 aeois
1546 3235 1619 3287 Τἱ
1779 3236 1876 3288 194
1911 3234 2051 3287 nitet
2085 3250 2186 3287 mn.
2223 3234 2313 3287 Do
2517 3234 2619 3287 195
2653 3236 2820 3287 aeter-

578 3333 810 3385 namque
842 3318 902 3371 D
1140 3320 1252 3385 atq,
1294 3334 1377 3371 ex.
1416 3319 1483 3371 ad
1524 3321 1575 3373 T
1823 3322 1923 3374 196
1959 3320 2105 3387 regio
2137 3320 2408 3373 ditissima
2449 3320 2524 3375 W
2559 3320 2628 3388 (it
2653 3336 2706 3375 ¹8.
2744 3321 2821 3388 1.),

578 3404 695 3473 regi
730 3403 997 3458 ditissima
1042 3406 1100 3469 T,
1136 3403 1463 3472 rigidissima
1496 3406 1557 3459 D
1729 3407 1827 3461 197
1865 3407 2044 3476 nimis]
2083 3407 2284 3475 campis
2333 3406 2407 3459 W
2577 3408 2678 3461 198
2713 3406 2820 3476 aer]

576 3492 671 3545 her
705 3506 847 3545 corr.
882 3491 945 3543 in
980 3490 1083 3543 erit
1130 3490 1205 3543 W
1231 3506 1298 3545 m.
1338 3495 1374 3545 2
1580 3492 1680 3546 199
1717 3492 1888 3545 laenis
1926 3492 1976 3545 T
2176 3491 2454 3560 adspirans
2488 3492 2636 3560 DW,
2673 3508 2820 3561 aspe-

576 3596 700 3633 rans
738 3579 801 3643 Τ,
836 3578 1078 3648 aspirant
1112 3596 1145 3633 v
1326 3579 1601 3634 flammina
1642 3581 1802 3635 ΒΨ·
1978 3581 2154 3633 nentis
2189 3580 2410 3636 DTWv
2579 3581 2820 3649 aspirans

576 3665 739 3722 uitali
773 3665 987 3719 flamine
1024 3668 1216 3718 uentus
1250 3666 1413 3721 Aldh.
1678 3669 1780 3721 200
1817 3667 2074 3721 emnifcro
2109 3666 2216 3720 fcrt
2249 3668 2462 3735 scripsi,
2497 3666 2681 3721 omnia
2715 3666 2824 3721 fert

574 3753 813 3819 DTWv,
850 3752 1076 3805 omnifcr
1111 3752 1275 3807 Aldu.
1440 3770 1603 3820 aeque
1637 3754 1794 3807 Aldh.
1955 3752 2223 3821 prodiuite
2268 3754 2353 3817 W,
2393 3749 2662 3821 prouidite
2695 3752 2754 3806 D

572 3842 738 3895 tellus
775 3856 875 3895 om.
912 3840 1075 3894 Aldh.
1288 3840 1386 3892 201
1424 3840 1613 3894 libatis
1655 3842 1742 3904 W,
1779 3840 2008 3893 uibratis
2041 3839 2205 3893 Alata.
2413 3855 2640 3908 purpora
2682 3840 2761 3895 W

573 3926 773 3995 praetis
814 3928 864 3981 Τ
1063 3928 1165 3982 202
1200 3926 1545 3995 praerutilam
1576 3928 1637 3990 T,
1663 3926 2021 3995 praesutilant
2053 3928 2129 3981 W
2329 3926 2432 3979 203
2469 3940 2564 3979 suo
2598 3925 2820 3994 lumine]

572 4012 843 4067 uolumine
872 4014 951 4069 W
1081 4014 1185 4068 204
1220 4014 1419 4067 semina
1441 4012 1585 4067 DW
1717 4012 1821 4066 205
1857 4013 2159 4080 crispantur
2191 4014 2277 4077 W,
2317 4014 2580 4083 crispatur
2601 4012 2744 4070 DTv

572 4116 705 4155 arua
748 4101 833 4166 W,
868 4118 999 4155 aura
1034 4102 1148 4155 DT
1144 4119 1176 4155 v
1396 4101 1499 4155 206
1534 4101 1740 4154 nescias
1785 4102 1872 4165 W,
1907 4101 2114 4155 nesciat
2153 4102 2212 4163 Τ,
2248 4102 2427 4155 nescia
2461 4101 2554 4155 Dv
2589 4101 2753 4157 Azan.

573 4187 881 4241 suauiscant
912 4188 987 4252 D,
1024 4190 1303 4242 suauescat
1338 4188 1505 4241 Aldh.
1663 4187 1935 4256 pulcribus
1978 4190 2038 4251 Τ,
2074 4188 2344 4257 pulchrior
2367 4188 2530 4243 ΔΙάΙι.
2691 4202 2822 4242 arua

570 4272 645 4338 D,
682 4289 812 4328 aura
860 4274 910 4327 Τ
920 4276 1034 4339 Wv,
1084 4275 1211 4343 alga
1248 4275 1407 4328 Alai».
1754 4274 1853 4327 207
1890 4276 2038 4327 hunc
2082 4290 2301 4327 uersum
2335 4274 2536 4329 addidi
2569 4290 2639 4329 ex
2677 4275 2820 4339 ΤΨ,

572 4374 673 4413 om,
711 4360 803 4415 Dv
1008 4360 1275 4413 aetherias
1318 4362 1394 4415 W
1596 4361 1736 4427 spire
1775 4362 1836 4423 Τ,
1873 4361 2016 4429 spira
2051 4363 2105 4413 ct
2149 4360 2225 4415 W
