3217 5150
685 541 855 591 XCVI
1489 522 1782 579 Caecilii
1813 523 2144 594 Cypriani

686 681 827 744 tum
870 679 1145 764 apostolo
1186 679 1383 745 etiam
1424 679 1830 745 ordinationis
1871 679 2100 744 honore
2129 679 2528 744 similaretur.
2573 681 2706 745 erat
2735 678 2954 745 uidere

686 783 921 849 eeteros
950 801 1161 850 omnes
1188 799 1483 864 suspenso
1503 784 1569 847 et
1590 783 1770 848 anxio
1797 781 2027 865 spiritu
2057 785 2378 866 expectare
2407 784 2767 860 uenturum,
2801 801 2952 848 cum

686 887 914 971 gaudio
943 887 1139 952 nimio
1168 887 1447 970 excipere
1474 886 1844 952 uenientem.
1879 886 2122 952 inuitus
2145 887 2304 970 dico,
2336 885 2447 951 sed
2469 885 2675 950 dicam
2697 904 2952 951 necesse

686 990 801 1054 est.
846 989 1101 1072 qnidam
1144 989 1243 1053 illi
1272 989 1637 1054 restiterunt
1665 989 1730 1054 et
1757 991 1832 1055 ut
1857 988 2168 1054 uinceret:
2211 988 2436 1071 quibus
2465 989 2682 1054 tamen
2710 989 2952 1070 quanta

686 1091 945 1157 lenitate
984 1090 1341 1176 patientiae,
1384 1109 1572 1174 quam
1600 1091 2026 1157 beniuolenter
2054 1092 2340 1171 indulsit,
2385 1109 2575 1174 quam
2603 1091 3000 1163 clementerg.

685 1193 947 1280 ignouit‚
1000 1193 1411 1260 amicissimos
1454 1211 1557 1260 eos
1600 1195 1997 1276 postmodum
2040 1195 2105 1260 et
2143 1195 2308 1260 inter
2351 1192 2729 1260 necessarios
2775 1212 2954 1259 com-

686 1300 913 1381 putans
942 1298 1317 1366 mirantibus
1345 1299 1591 1363 multis.
1623 1297 1725 1363 cui
1753 1299 1920 1364 enim
1951 1299 2159 1380 posset
2185 1315 2307 1364 non
2329 1317 2462 1363 esse
2485 1297 2788 1363 miraculo
2811 1299 2952 1362 tam

686 1401 1087 1468 memoriosae
1116 1401 1347 1467 mentis
1372 1397 1654 1466 obliuio?

629 1508 669 1570 6
772 1503 1009 1569 Exinde
1080 1503 1604 1586 quemadmodum
1662 1522 1728 1568 se
1785 1504 2066 1588 gesserit,
2138 1505 2277 1588 quis
2337 1505 2564 1572 referre
2630 1504 2954 1571 sufficiat?

688 1625 845 1692 quae
872 1608 975 1672 illi
1003 1608 1226 1691 pietas,
1273 1607 1379 1690 qui
1410 1608 1608 1691 uigor,
1649 1607 2078 1673 misericordia
2107 1610 2356 1691 quanta,
2398 1609 2636 1691 quanta
2665 1627 2952 1674 censura.
2975 1637 3030 1675 ιο

687 1713 939 1776 tantum
978 1711 1329 1776 sanctitatis
1370 1712 1433 1775 et
1474 1710 1714 1796 gratiae
1755 1727 1828 1774 ex
1867 1728 1972 1775 ore
1999 1711 2267 1791 lucebat,
2312 1713 2385 1776 ut
2413 1711 2816 1776 confunderet
2847 1709 2954 1776 in·

688 1815 1000 1880 tuentium
1030 1817 1289 1881 mentes.
1319 1815 1533 1899 grauis
1562 1815 1780 1880 uultus
1811 1817 1876 1880 et
1897 1815 2100 1881 laetus
2129 1833 2242 1880 nec
2271 1815 2571 1881 seueritas
2601 1815 2807 1880 tristis
2837 1833 2956 1880 nec

689 1917 948 1983 comitas
968 1918 1182 1996 nimia,
1206 1920 1314 1984 sed
1334 1917 1614 1982 admixta
1635 1919 1952 2002 utrimque
1969 1919 2319 2002 temperies,
2343 1922 2418 1984 ut
2441 1921 2606 1984 esset
2627 1916 2954 2003 ambigere

689 2021 889 2086 uereri
914 2040 991 2086 an
1015 2021 1198 2105 diligi
1228 2023 1585 2098 mereretur,
1615 2021 1738 2086 nisi
1769 2021 1932 2103 quod
1957 2023 2022 2086 et
2047 2021 2245 2086 uereri
2267 2022 2332 2086 et
2353 2021 2538 2106 diligi
2568 2021 2950 2087 merebatur.

688 2123 801 2188 sed
838 2143 949 2189 nec
990 2125 1196 2189 cultus
1226 2123 1353 2188 fuit
1377 2124 1591 2207 dispar
1617 2143 1658 2189 a
1683 2124 1888 2202 uultu,
1931 2125 2316 2209 temperatus
2345 2128 2411 2191 et
2441 2125 2574 2209 ipse
2606 2125 2684 2190 de
2711 2124 2946 2189 medio.
2973 2157 3024 2194 rs

688 2244 811 2291 non
852 2227 1037 2292 illum
1082 2226 1369 2308 superbia
1412 2227 1742 2292 saecularis
1783 2227 2128 2308 inflauerat‚
2171 2245 2284 2294 nec
2309 2229 2524 2293 tamen
2551 2245 2804 2310 prorsus
2833 2229 2952 2292 ad-

690 2329 921 2395 fectata
946 2331 1203 2412 penuria
1230 2329 1609 2395 sordiderat:
1641 2330 1788 2412 quia
1817 2331 1882 2395 et
1910 2330 2026 2395 hoc
2053 2330 2324 2395 uestitus
2355 2347 2550 2413 genus
2581 2349 2618 2394 a
2643 2330 2951 2395 iactantia

692 2433 899 2500 minus
940 2453 1062 2500 non
1103 2436 1216 2517 est,
1262 2435 1425 2517 quod
1466 2433 1742 2499 ostendit
1781 2433 1998 2500 taliter
2025 2433 2358 2500 ambitiosa
2387 2433 2738 2518 frugalitas,
2793 2434 2950 2516 quid

690 2538 902 2604 autem
942 2537 1107 2605 circa
1144 2555 1445 2623 pauperes
1486 2537 1807 2621 episeopus
1844 2535 2092 2617 faceret,
2137 2554 2290 2620 quos
2329 2539 2766 2603 catecumenus
2795 2537 2951 2604 dili-

692 2640 923 2727 gebat?
974 2642 1249 2707 uiderint
1296 2642 1549 2725 pietatis
1598 2641 1919 2707 antistites
1969 2660 2079 2707 seu
2130 2659 2283 2725 quos
2335 2641 2415 2707 ad
2469 2641 2746 2707 officium
2797 2642 2950 2707 boni
2968 2668 3026 2708 ω

690 2746 891 2827 operis
946 2746 1245 2811 instruxit
1301 2746 1499 2827 ipsius
1548 2746 1783 2811 ordinis
1833 2746 2164 2828 disciplina
2211 2764 2320 2812 seu
2371 2765 2524 2828 quos
2575 2747 2953 2812 sacramenti

690 2848 911 2932 religio
952 2850 1299 2915 communis
1340 2848 1421 2913 ad
1450 2848 1822 2931 obsequium
1863 2848 2242 2914 exhibendae
2283 2848 2634 2913 dilectionis
2676 2848 2952 2913 artauit:

690 2950 1067 3036 cyprianum
1097 2952 1173 3017 de
1202 2970 1311 3017 suo
1342 2952 1537 3018 talem
1568 2952 1806 3034 aceepit
1836 2952 2147 3030 cathedra,
2177 2971 2301 3018 non
2330 2952 2498 3018 fecit.

798 3194 829 3244 1
854 3190 1185 3247 similaretur
1206 3192 1277 3257 F,
1302 3191 1568 3246 similaret
1599 3192 1759 3261 ΤμΒ,
1783 3192 2064 3246 simularet
2089 3210 2138 3247 w
2377 3192 2412 3247 2
2435 3194 2634 3263 omnes]
2661 3194 2858 3247 ossinis
2891 3194 2954 3256 T,

694 3292 791 3331 om.
824 3282 847 3331 t
870 3278 933 3331 in
954 3278 1135 3346 spatio
1159 3294 1338 3332 uacuo
1637 3294 1914 3347 suspensos
1937 3280 2091 3333 anxio
2115 3296 2205 3347 ωμ,
2513 3280 2548 3333 3
2571 3280 2808 3333 inuictus
2831 3297 2886 3333 w

691 3362 727 3418 4
748 3364 1103 3418 restituerunt
1126 3368 1241 3433 ωμ*
1480 3368 1543 3418 ut
1564 3368 1621 3419 et
1647 3364 1709 3429 T,
1735 3366 1792 3418 et
1813 3380 1920 3435 ωμ,
1946 3366 2113 3419 etiam
2136 3368 2199 3417 ut
2221 3382 2254 3419 v
2502 3366 2538 3419 5
2557 3366 2858 3435 patientiae
2889 3368 2952 3430 T,

692 3450 961 3519 patienter
980 3466 1087 3518 ωμ,
1112 3465 1273 3518 quam
1294 3450 1560 3518 patienter
1581 3467 1617 3505 υ
1898 3451 1930 3504 7
1956 3450 2061 3520 cui]
2088 3451 2146 3504 ui
2177 3452 2228 3505 T
2497 3466 2604 3505 non
2627 3454 2808 3520 posset
2831 3467 2886 3504 w

692 3536 726 3589 9
750 3552 805 3590 se
828 3552 925 3590 om.
955 3535 1095 3605 Τωμ
1274 3534 1399 3605 quis
1422 3552 1493 3589 ex
1514 3535 1609 3604 qui
1635 3556 1672 3605 μ
1697 3552 1764 3589 m.
1789 3540 1826 3589 2
2015 3536 2084 3589 10
2105 3536 2204 3589 illa
2231 3536 2279 3589 T
2460 3537 2572 3606 qui]
2600 3536 2694 3605 qui
2721 3536 2808 3590 illi
2831 3555 2882 3589 ω

698 3622 1089 3677 misericordiae
1110 3616 1201 3691 ιόμ
1374 3624 1579 3691 quanta
1601 3638 1699 3675 om.
1735 3623 1873 3687 Twa
2061 3622 2124 3675 11
2147 3621 2354 3690 tamen]
2377 3624 2592 3676 tantum
2613 3640 2663 3676 w
2833 3624 2950 3693 ore]

693 3726 783 3764 ore
806 3710 923 3764 eius
944 3726 979 3765 v
1286 3710 1589 3764 inuentium
1613 3712 1817 3764 mentes
1848 3712 1908 3773 T,
1943 3708 2224 3763 hominum
2247 3712 2452 3764 mentes
2475 3710 2807 3765 intuentium
2827 3726 2880 3763 w

694 3797 761 3851 12
782 3796 895 3865 nec]
920 3812 987 3849 ne
1017 3797 1068 3851 T
1282 3796 1351 3851 13
1374 3794 1468 3853 sed
1490 3812 1586 3850 om.
1615 3812 1664 3849 w
1688 3802 1832 3850 recte
1851 3796 1979 3861 fort.
2201 3798 2486 3864 utrumque
2515 3796 2575 3859 T,
2603 3798 2667 3849 ut
2692 3810 2853 3865 quam
2879 3812 2946 3859 w,

695 3868 811 3953 αἷς.
840 3904 880 3953 μ
1109 3883 1177 3936 14
1200 3883 1291 3952 an]
1316 3883 1437 3951 plus
1462 3898 1531 3937 an
1556 3900 1589 3937 v
1819 3884 2052 3936 meretur
2073 3896 2122 3935 w
2345 3883 2401 3935 et
2421 3881 2612 3951 uereri]
2635 3883 2806 3936 uereri
2830 3898 2880 3934 w

697 3970 764 4023 15
787 3969 964 4039 disper
986 3987 1035 4024 w
1251 3970 1318 4023 16
1342 3968 1533 4021 affecta
1552 3970 1664 4021 iam
1689 3988 1729 4036 μ
1946 3969 2009 4021 17
2037 3966 2330 4021 sordiderat
2355 3967 2427 4021 T²
2635 3967 2710 4037 et]
2737 3968 2807 4022 ad
2827 3984 2880 4021 w

696 4056 1007 4110 uestimenti
1030 4072 1079 4109 w
1266 4056 1316 4125 a]
1342 4058 1399 4109 et
1420 4072 1471 4108 w
1668 4054 1734 4108 18
1758 4054 1898 4123 quod
1929 4054 2102 4117 TFL,
2127 4069 2284 4123 quam
2309 4067 2434 4123 οομῡ
2621 4054 2858 4107 ostendit
2883 4054 2948 4115 T,

696 4144 937 4197 ostentat
954 4143 1081 4206 ΕΒ,
1102 4142 1413 4197 obstentata
1436 4158 1503 4206 w,
1526 4128 1716 4195 ofitata
1739 4160 1794 4211 μ,
1823 4141 2097 4195 ostentata
2117 4158 2152 4195 v
2379 4138 2543 4195 aliter
2573 4141 2624 4194 Τ
2837 4138 2946 4192 fra-

647 4235 658 4246 ‘
698 4230 899 4300 galitas
924 4228 986 4293 T,
1009 4228 1285 4298 fragilitas
1308 4228 1414 4283 Flo
1632 4228 1698 4283 19
1723 4228 1993 4297 episcopos
2019 4228 2070 4281 T
2281 4226 2453 4280 facere
2477 4244 2526 4281 w
2747 4226 2948 4279 caticu—

698 4318 875 4371 minus
900 4315 953 4371 T
1141 4314 1441 4385 diligebant
1470 4316 1522 4371 T
1723 4314 1792 4367 20
1815 4312 2012 4368 uiderit
2035 4330 2086 4367 w
2281 4312 2511 4369 antistes
2537 4330 2599 4376 w,
2627 4311 2852 4367 antestis
2885 4312 2950 4375 T,

700 4405 797 4455 ant
820 4402 921 4455 stis
947 4408 970 4457 t
1138 4401 1249 4470 seu]
1274 4416 1385 4455 esse
1410 4418 1501 4455 seu
1526 4401 1577 4456 T
1741 4400 1889 4469 quos]
1917 4399 2060 4469 quod
2082 4417 2172 4469 ωμ.
2347 4398 2416 4453 21
2443 4399 2600 4468 quos]
2625 4398 2764 4468 quod
2787 4414 2879 4467 ωμ

700 4488 769 4541 22
794 4487 1025 4541 arctauit
1048 4506 1087 4557 μ
1292 4486 1360 4543 23
1384 4487 1581 4555 accipit
1605 4484 1912 4541 cathedram
1943 4487 1992 4538 T
