<?xml version="1.0" encoding="UTF-8"?>
<!DOCTYPE html PUBLIC "-//W3C//DTD XHTML 1.0 Transitional//EN"
    "http://www.w3.org/TR/xhtml1/DTD/xhtml1-transitional.dtd">
<html xmlns="http://www.w3.org/1999/xhtml" xml:lang="en" lang="en">
 <head>
  <title>
</title>
<meta http-equiv="Content-Type" content="text/html;charset=utf-8" />
  <meta name='ocr-system' content='tesseract 3.04.00' />
  <meta name='ocr-capabilities' content='ocr_page ocr_carea ocr_par ocr_line ocrx_word'/>
</head>
<body>
  <div class='ocr_page' id='page_1' title='image "./corpusscriptoru29wissgoog_0296.png"; bbox 0 0 3217 5150; ppageno 0'>
   <div class='ocr_carea' id='block_1_1' title="bbox 608 531 1910 610">
    <p class='ocr_par' dir='ltr' id='par_1_1' title="bbox 608 531 1910 610">
     <span class='ocr_line' id='line_1_1' title="bbox 608 531 1910 610; baseline -0.003 -21"><span class='ocrx_word' id='word_1_1' title='bbox 608 540 739 610; x_wconf 82' lang='lat'><strong>290</strong></span> <span class='ocrx_word' id='word_1_2' title='bbox 1342 591 1358 606; x_wconf 58' lang='grc'>,</span> <span class='ocrx_word' id='word_1_3' title='bbox 1545 531 1910 603; x_wconf 79' lang='lat' dir='ltr'><strong>Appendix.</strong></span> 
     </span>
    </p>
   </div>
   <div class='ocr_carea' id='block_1_2' title="bbox 856 672 2589 2734">
    <p class='ocr_par' dir='ltr' id='par_1_2' title="bbox 856 672 2589 2734">
     <span class='ocr_line' id='line_1_2' title="bbox 978 672 2442 771; baseline -0.002 -16"><span class='ocrx_word' id='word_1_4' title='bbox 978 695 1269 771; x_wconf 84' lang='lat' dir='ltr'><strong>Exoptans</strong></span> <span class='ocrx_word' id='word_1_5' title='bbox 1300 709 1405 768; x_wconf 90' lang='lat' dir='ltr'><strong>per</strong></span> <span class='ocrx_word' id='word_1_6' title='bbox 1432 672 1597 754; x_wconf 74' lang='lat' dir='ltr'><strong>sacra</strong></span> <span class='ocrx_word' id='word_1_7' title='bbox 1624 708 1820 752; x_wconf 88' lang='lat' dir='ltr'><strong>necem</strong></span> <span class='ocrx_word' id='word_1_8' title='bbox 1847 693 2156 764; x_wconf 76' lang='lat' dir='ltr'><strong>caestuque</strong></span> <span class='ocrx_word' id='word_1_9' title='bbox 2185 707 2442 752; x_wconf 88' lang='lat' dir='ltr'><strong>cruorem</strong></span> 
     </span>
     <span class='ocr_line' id='line_1_3' title="bbox 981 792 2441 878; baseline -0.003 -19"><span class='ocrx_word' id='word_1_10' title='bbox 981 798 1231 859; x_wconf 88' lang='lat' dir='ltr'><strong>Subdere</strong></span> <span class='ocrx_word' id='word_1_11' title='bbox 1256 796 1553 874; x_wconf 79' lang='lat' dir='ltr'><strong>Bebrycio,</strong></span> <span class='ocrx_word' id='word_1_12' title='bbox 1583 796 1830 878; x_wconf 76' lang='lat' dir='ltr'><strong>Libycas</strong></span> <span class='ocrx_word' id='word_1_13' title='bbox 1861 795 2070 856; x_wconf 85' lang='lat' dir='ltr'><strong>satiare</strong></span> <span class='ocrx_word' id='word_1_14' title='bbox 2103 792 2441 869; x_wconf 82' lang='lat' dir='ltr'><strong>palaestras,</strong></span> 
     </span>
     <span class='ocr_line' id='line_1_4' title="bbox 968 897 2396 974; baseline -0.004 -12"><span class='ocrx_word' id='word_1_15' title='bbox 968 903 1137 962; x_wconf 84' lang='lat' dir='ltr'><strong>¹Ante</strong></span> <span class='ocrx_word' id='word_1_16' title='bbox 1166 901 1339 961; x_wconf 89' lang='lat' dir='ltr'><strong>etiam</strong></span> <span class='ocrx_word' id='word_1_17' title='bbox 1363 898 1594 960; x_wconf 84' lang='lat' dir='ltr'><strong>Circaea</strong></span> <span class='ocrx_word' id='word_1_18' title='bbox 1623 916 1802 959; x_wconf 85' lang='lat' dir='ltr'><strong>nouas</strong></span> <span class='ocrx_word' id='word_1_19' title='bbox 1823 915 1926 974; x_wconf 88' lang='lat' dir='ltr'><strong>per</strong></span> <span class='ocrx_word' id='word_1_20' title='bbox 1955 897 2158 974; x_wconf 85' lang='lat' dir='ltr'><strong>pocula</strong></span> <span class='ocrx_word' id='word_1_21' title='bbox 2185 897 2396 958; x_wconf 83' lang='lat' dir='ltr'><strong>formas</strong></span> 
     </span>
     <span class='ocr_line' id='line_1_5' title="bbox 856 1000 2505 1079; baseline -0.003 -12"><span class='ocrx_word' id='word_1_22' title='bbox 856 1007 939 1067; x_wconf 83' lang='lat'><strong>20</strong></span> <span class='ocrx_word' id='word_1_23' title='bbox 983 1005 1235 1078; x_wconf 80' lang='lat' dir='ltr'><strong>Sumere,</strong></span> <span class='ocrx_word' id='word_1_24' title='bbox 1268 1021 1439 1079; x_wconf 89' lang='lat' dir='ltr'><strong>quam</strong></span> <span class='ocrx_word' id='word_1_25' title='bbox 1466 1003 1688 1065; x_wconf 87' lang='lat' dir='ltr'><strong>laesum</strong></span> <span class='ocrx_word' id='word_1_26' title='bbox 1716 1002 1970 1063; x_wconf 83' lang='lat' dir='ltr'>Sodomis</span> <span class='ocrx_word' id='word_1_27' title='bbox 1995 1000 2258 1062; x_wconf 88' lang='lat' dir='ltr'><strong>amittere</strong></span> <span class='ocrx_word' id='word_1_28' title='bbox 2283 1017 2505 1062; x_wconf 84' lang='lat' dir='ltr'><strong>sexum.</strong></span> 
     </span>
     <span class='ocr_line' id='line_1_6' title="bbox 985 1098 2426 1187; baseline -0.004 -18"><span class='ocrx_word' id='word_1_29' title='bbox 985 1108 1306 1169; x_wconf 82' lang='lat' dir='ltr'><strong>Pulsabaut</strong></span> <span class='ocrx_word' id='word_1_30' title='bbox 1334 1108 1555 1169; x_wconf 89' lang='lat' dir='ltr'><strong>caelum</strong></span> <span class='ocrx_word' id='word_1_31' title='bbox 1584 1105 1805 1167; x_wconf 88' lang='lat' dir='ltr'><strong>inuidia</strong></span> <span class='ocrx_word' id='word_1_32' title='bbox 1829 1105 2068 1168; x_wconf 87' lang='lat' dir='ltr'><strong>conubia</strong></span> <span class='ocrx_word' id='word_1_33' title='bbox 2098 1098 2426 1187; x_wconf 85' lang='lat' dir='ltr'><strong>(monstra),</strong></span> 
     </span>
     <span class='ocr_line' id='line_1_7' title="bbox 981 1206 2172 1287; baseline -0.003 -17"><span class='ocrx_word' id='word_1_34' title='bbox 981 1212 1215 1272; x_wconf 88' lang='lat' dir='ltr'><strong>Incestu</strong></span> <span class='ocrx_word' id='word_1_35' title='bbox 1244 1209 1417 1287; x_wconf 88' lang='lat' dir='ltr'><strong>parili</strong></span> <span class='ocrx_word' id='word_1_36' title='bbox 1444 1210 1673 1286; x_wconf 81' lang='lat' dir='ltr'><strong>generis</strong></span> <span class='ocrx_word' id='word_1_37' title='bbox 1703 1211 1911 1269; x_wconf 82' lang='lat' dir='ltr'><strong>natura</strong></span> <span class='ocrx_word' id='word_1_38' title='bbox 1939 1206 2172 1269; x_wconf 85' lang='lat' dir='ltr'><strong>rebellis</strong></span> 
     </span>
     <span class='ocr_line' id='line_1_8' title="bbox 980 1312 2401 1388; baseline -0.004 -14"><span class='ocrx_word' id='word_1_39' title='bbox 980 1316 1051 1374; x_wconf 90' lang='lat' dir='ltr'><strong>Iu</strong></span> <span class='ocrx_word' id='word_1_40' title='bbox 1082 1331 1227 1388; x_wconf 86' lang='lat' dir='ltr'><strong>sese,</strong></span> <span class='ocrx_word' id='word_1_41' title='bbox 1258 1313 1587 1388; x_wconf 79' lang='lat' dir='ltr'><strong>laesumque</strong></span> <span class='ocrx_word' id='word_1_42' title='bbox 1618 1312 1731 1372; x_wconf 89' lang='lat' dir='ltr'><strong>uiri</strong></span> <span class='ocrx_word' id='word_1_43' title='bbox 1760 1330 1888 1372; x_wconf 91' lang='lat' dir='ltr'><strong>cum</strong></span> <span class='ocrx_word' id='word_1_44' title='bbox 1915 1327 2148 1386; x_wconf 86' lang='lat' dir='ltr'><strong>corpore</strong></span> <span class='ocrx_word' id='word_1_45' title='bbox 2178 1325 2401 1370; x_wconf 87' lang='lat' dir='ltr'><strong>nomen.</strong></span> 
     </span>
     <span class='ocr_line' id='line_1_9' title="bbox 980 1413 2450 1494; baseline -0.003 -15"><span class='ocrx_word' id='word_1_46' title='bbox 980 1418 1253 1494; x_wconf 71' lang='lat' dir='ltr'><strong>Tempore</strong></span> <span class='ocrx_word' id='word_1_47' title='bbox 1284 1418 1386 1478; x_wconf 89' lang='lat' dir='ltr'><strong>sed</strong></span> <span class='ocrx_word' id='word_1_48' title='bbox 1415 1419 1568 1478; x_wconf 89' lang='lat' dir='ltr'><strong>certo</strong></span> <span class='ocrx_word' id='word_1_49' title='bbox 1598 1416 1754 1476; x_wconf 82' lang='lat' dir='ltr'><strong>Deus</strong></span> <span class='ocrx_word' id='word_1_50' title='bbox 1785 1415 1971 1476; x_wconf 87' lang='lat' dir='ltr'><strong>omnia</strong></span> <span class='ocrx_word' id='word_1_51' title='bbox 1997 1413 2450 1490; x_wconf 85' lang='lat' dir='ltr'><strong>prospeculatus,</strong></span> 
     </span>
     <span class='ocr_line' id='line_1_10' title="bbox 860 1519 2363 1594; baseline -0.003 -12"><span class='ocrx_word' id='word_1_52' title='bbox 860 1522 941 1582; x_wconf 82' lang='lat'><strong>25</strong></span> <span class='ocrx_word' id='word_1_53' title='bbox 986 1521 1209 1582; x_wconf 78' lang='lat' dir='ltr'><strong>Iudicat</strong></span> <span class='ocrx_word' id='word_1_54' title='bbox 1236 1520 1483 1582; x_wconf 88' lang='lat' dir='ltr'><strong>iniustos</strong></span> <span class='ocrx_word' id='word_1_55' title='bbox 1512 1521 1758 1594; x_wconf 88' lang='lat' dir='ltr'><strong>patiens,</strong></span> <span class='ocrx_word' id='word_1_56' title='bbox 1790 1519 1887 1580; x_wconf 91' lang='lat' dir='ltr'><strong>ubi</strong></span> <span class='ocrx_word' id='word_1_57' title='bbox 1919 1519 2174 1580; x_wconf 87' lang='lat' dir='ltr'><strong>criminis</strong></span> <span class='ocrx_word' id='word_1_58' title='bbox 2201 1519 2363 1578; x_wconf 74' lang='lat' dir='ltr'><strong>aetas</strong></span> 
     </span>
     <span class='ocr_line' id='line_1_11' title="bbox 986 1623 2421 1700; baseline -0.006 -15"><span class='ocrx_word' id='word_1_59' title='bbox 986 1624 1257 1686; x_wconf 75' lang='lat' dir='ltr'><strong>cessandi</strong></span> <span class='ocrx_word' id='word_1_60' title='bbox 1286 1626 1534 1700; x_wconf 89' lang='lat' dir='ltr'><strong>spatium</strong></span> <span class='ocrx_word' id='word_1_61' title='bbox 1562 1625 1843 1684; x_wconf 86' lang='lat' dir='ltr'><strong>frustrata</strong></span> <span class='ocrx_word' id='word_1_62' title='bbox 1871 1624 2136 1698; x_wconf 77' lang='lat' dir='ltr'><strong>coegerat</strong></span> <span class='ocrx_word' id='word_1_63' title='bbox 2165 1623 2328 1682; x_wconf 85' lang='lat' dir='ltr'><strong>iram.</strong></span> <span class='ocrx_word' id='word_1_64' title='bbox 2415 1667 2421 1675; x_wconf 87' lang='lat'>.</span> 
     </span>
     <span class='ocr_line' id='line_1_12' title="bbox 1071 1723 2589 1804; baseline -0.003 -16"><span class='ocrx_word' id='word_1_65' title='bbox 1071 1728 1309 1804; x_wconf 82' lang='lat' dir='ltr'><strong>Iamque</strong></span> <span class='ocrx_word' id='word_1_66' title='bbox 1339 1729 1461 1788; x_wconf 89' lang='lat' dir='ltr'><strong>dies</strong></span> <span class='ocrx_word' id='word_1_67' title='bbox 1492 1726 1672 1787; x_wconf 85' lang='lat' dir='ltr'><strong>ultrix</strong></span> <span class='ocrx_word' id='word_1_68' title='bbox 1700 1729 1933 1787; x_wconf 86' lang='lat' dir='ltr'><strong>aderat:</strong></span> <span class='ocrx_word' id='word_1_69' title='bbox 1978 1727 2088 1786; x_wconf 86' lang='lat' dir='ltr'><strong>duo</strong></span> <span class='ocrx_word' id='word_1_70' title='bbox 2120 1726 2190 1786; x_wconf 89' lang='lat' dir='ltr'><strong>de</strong></span> <span class='ocrx_word' id='word_1_71' title='bbox 2219 1740 2394 1800; x_wconf 78' lang='lat' dir='ltr'><strong>grege</strong></span> <span class='ocrx_word' id='word_1_72' title='bbox 2425 1723 2589 1784; x_wconf 88' lang='lat' dir='ltr'><strong>missi</strong></span> 
     </span>
     <span class='ocr_line' id='line_1_13' title="bbox 980 1829 2323 1907; baseline -0.003 -15"><span class='ocrx_word' id='word_1_73' title='bbox 980 1832 1258 1907; x_wconf 83' lang='lat' dir='ltr'><strong>Angelico</strong></span> <span class='ocrx_word' id='word_1_74' title='bbox 1288 1832 1469 1892; x_wconf 81' lang='lat' dir='ltr'><strong>forma</strong></span> <span class='ocrx_word' id='word_1_75' title='bbox 1496 1831 1730 1892; x_wconf 88' lang='lat' dir='ltr'><strong>iuuenes</strong></span> <span class='ocrx_word' id='word_1_76' title='bbox 1759 1829 1860 1906; x_wconf 89' lang='lat' dir='ltr'><strong>qui</strong></span> <span class='ocrx_word' id='word_1_77' title='bbox 1889 1829 2128 1905; x_wconf 87' lang='lat' dir='ltr'><strong>spiritus</strong></span> <span class='ocrx_word' id='word_1_78' title='bbox 2158 1829 2323 1889; x_wconf 91' lang='lat' dir='ltr'><strong>ambo</strong></span> 
     </span>
     <span class='ocr_line' id='line_1_14' title="bbox 986 1931 2466 2009; baseline -0.004 -14"><span class='ocrx_word' id='word_1_79' title='bbox 986 1936 1135 1996; x_wconf 86' lang='lat' dir='ltr'><strong>Diua</strong></span> <span class='ocrx_word' id='word_1_80' title='bbox 1164 1935 1497 2009; x_wconf 85' lang='lat' dir='ltr'><strong>ministeria,</strong></span> <span class='ocrx_word' id='word_1_81' title='bbox 1528 1937 1594 1994; x_wconf 93' lang='lat' dir='ltr'><strong>ut</strong></span> <span class='ocrx_word' id='word_1_82' title='bbox 1623 1934 1850 1994; x_wconf 85' lang='lat' dir='ltr'><strong>Domini</strong></span> <span class='ocrx_word' id='word_1_83' title='bbox 1877 1934 2147 1992; x_wconf 84' lang='lat' dir='ltr'><strong>mandata</strong></span> <span class='ocrx_word' id='word_1_84' title='bbox 2173 1931 2466 2004; x_wconf 84' lang='lat' dir='ltr'><strong>iubebant,</strong></span> 
     </span>
     <span class='ocr_line' id='line_1_15' title="bbox 861 2035 2328 2111; baseline -0.004 -11"><span class='ocrx_word' id='word_1_85' title='bbox 861 2040 945 2101; x_wconf 80' lang='lat'><strong>30</strong></span> <span class='ocrx_word' id='word_1_86' title='bbox 988 2040 1309 2100; x_wconf 73' lang='lat' dir='ltr'><strong>Succedunt</strong></span> <span class='ocrx_word' id='word_1_87' title='bbox 1336 2038 1611 2099; x_wconf 79' lang='lat' dir='ltr'>Sodomis,</span> <span class='ocrx_word' id='word_1_88' title='bbox 1646 2037 1769 2096; x_wconf 85' lang='lat' dir='ltr'><strong>illic</strong></span> <span class='ocrx_word' id='word_1_89' title='bbox 1797 2037 1866 2097; x_wconf 87' lang='lat' dir='ltr'><strong>de</strong></span> <span class='ocrx_word' id='word_1_90' title='bbox 1895 2035 2077 2111; x_wconf 78' lang='lat' dir='ltr'><strong>stirpe</strong></span> <span class='ocrx_word' id='word_1_91' title='bbox 2107 2035 2328 2110; x_wconf 88' lang='lat' dir='ltr'><strong>piorum</strong></span> 
     </span>
     <span class='ocr_line' id='line_1_16' title="bbox 987 2137 2490 2217; baseline -0.003 -16"><span class='ocrx_word' id='word_1_92' title='bbox 987 2143 1316 2202; x_wconf 84' lang='lat' dir='ltr'><strong>Transueua</strong></span> <span class='ocrx_word' id='word_1_93' title='bbox 1342 2143 1495 2202; x_wconf 87' lang='lat' dir='ltr'><strong>Loth</strong></span> <span class='ocrx_word' id='word_1_94' title='bbox 1524 2141 1689 2217; x_wconf 90' lang='lat' dir='ltr'><strong>aequi</strong></span> <span class='ocrx_word' id='word_1_95' title='bbox 1721 2140 1949 2215; x_wconf 85' lang='lat' dir='ltr'><strong>sapiens</strong></span> <span class='ocrx_word' id='word_1_96' title='bbox 1979 2137 2227 2214; x_wconf 88' lang='lat' dir='ltr'><strong>iustique</strong></span> <span class='ocrx_word' id='word_1_97' title='bbox 2259 2137 2490 2198; x_wconf 89' lang='lat' dir='ltr'><strong>colonus</strong></span> 
     </span>
     <span class='ocr_line' id='line_1_17' title="bbox 986 2240 2468 2307; baseline -0.005 -1"><span class='ocrx_word' id='word_1_98' title='bbox 986 2247 1150 2307; x_wconf 86' lang='lat' dir='ltr'><strong>Vnus</strong></span> <span class='ocrx_word' id='word_1_99' title='bbox 1178 2247 1304 2306; x_wconf 88' lang='lat' dir='ltr'><strong>erat</strong></span> <span class='ocrx_word' id='word_1_100' title='bbox 1332 2244 1660 2304; x_wconf 80' lang='lat' dir='ltr'><strong>meminisse</strong></span> <span class='ocrx_word' id='word_1_101' title='bbox 1691 2243 1904 2304; x_wconf 89' lang='lat' dir='ltr'><strong>Deum:</strong></span> <span class='ocrx_word' id='word_1_102' title='bbox 1935 2243 2082 2304; x_wconf 88' lang='lat' dir='ltr'><strong>solet</strong></span> <span class='ocrx_word' id='word_1_103' title='bbox 2110 2241 2272 2302; x_wconf 88' lang='lat' dir='ltr'><strong>utilis</strong></span> <span class='ocrx_word' id='word_1_104' title='bbox 2301 2240 2468 2300; x_wconf 88' lang='lat' dir='ltr'><strong>arbor</strong></span> 
     </span>
     <span class='ocr_line' id='line_1_18' title="bbox 986 2344 2352 2421; baseline -0.003 -13"><span class='ocrx_word' id='word_1_105' title='bbox 986 2350 1057 2408; x_wconf 89' lang='lat' dir='ltr'><strong>In</strong></span> <span class='ocrx_word' id='word_1_106' title='bbox 1082 2348 1247 2408; x_wconf 88' lang='lat' dir='ltr'><strong>siluis</strong></span> <span class='ocrx_word' id='word_1_107' title='bbox 1276 2348 1508 2408; x_wconf 87' lang='lat' dir='ltr'><strong>latitare</strong></span> <span class='ocrx_word' id='word_1_108' title='bbox 1536 2348 1676 2408; x_wconf 81' lang='lat' dir='ltr'><strong>feris</strong></span> <span class='ocrx_word' id='word_1_109' title='bbox 1705 2348 1866 2408; x_wconf 89' lang='lat' dir='ltr'><strong>uelut</strong></span> <span class='ocrx_word' id='word_1_110' title='bbox 1889 2346 2114 2421; x_wconf 82' lang='lat' dir='ltr'><strong>hospite</strong></span> <span class='ocrx_word' id='word_1_111' title='bbox 2144 2344 2352 2404; x_wconf 82' lang='lat' dir='ltr'><strong>fructu.</strong></span> 
     </span>
     <span class='ocr_line' id='line_1_19' title="bbox 988 2446 2498 2529; baseline -0.003 -18"><span class='ocrx_word' id='word_1_112' title='bbox 988 2453 1050 2511; x_wconf 90' lang='lat' dir='ltr'><strong>Is</strong></span> <span class='ocrx_word' id='word_1_113' title='bbox 1078 2453 1215 2512; x_wconf 88' lang='lat' dir='ltr'><strong>tunc</strong></span> <span class='ocrx_word' id='word_1_114' title='bbox 1242 2468 1345 2526; x_wconf 91' lang='lat' dir='ltr'><strong>pro</strong></span> <span class='ocrx_word' id='word_1_115' title='bbox 1374 2454 1539 2525; x_wconf 86' lang='lat' dir='ltr'><strong>porta</strong></span> <span class='ocrx_word' id='word_1_116' title='bbox 1565 2451 1824 2511; x_wconf 83' lang='lat' dir='ltr'><strong>residens</strong></span> <span class='ocrx_word' id='word_1_117' title='bbox 1855 2446 1986 2529; x_wconf 86' lang='lat' dir='ltr'><strong>(uix</strong></span> <span class='ocrx_word' id='word_1_118' title='bbox 2012 2449 2236 2509; x_wconf 86' lang='lat' dir='ltr'><strong>moenia</strong></span> <span class='ocrx_word' id='word_1_119' title='bbox 2263 2449 2498 2509; x_wconf 84' lang='lat' dir='ltr'><strong>adibant</strong></span> 
     </span>
     <span class='ocr_line' id='line_1_20' title="bbox 861 2551 2379 2635; baseline -0.003 -19"><span class='ocrx_word' id='word_1_120' title='bbox 861 2555 942 2616; x_wconf 80' lang='lat'><strong>35</strong></span> <span class='ocrx_word' id='word_1_121' title='bbox 988 2553 1327 2635; x_wconf 85' lang='lat' dir='ltr'><strong>Caelicolae)</strong></span> <span class='ocrx_word' id='word_1_122' title='bbox 1358 2571 1699 2630; x_wconf 83' lang='lat' dir='ltr'><strong>quamquam</strong></span> <span class='ocrx_word' id='word_1_123' title='bbox 1725 2553 1952 2615; x_wconf 88' lang='lat' dir='ltr'><strong>diuinos</strong></span> <span class='ocrx_word' id='word_1_124' title='bbox 1981 2551 2196 2613; x_wconf 86' lang='lat' dir='ltr'><strong>inscius</strong></span> <span class='ocrx_word' id='word_1_125' title='bbox 2223 2552 2379 2613; x_wconf 87' lang='lat' dir='ltr'><strong>ultro</strong></span> 
     </span>
     <span class='ocr_line' id='line_1_21' title="bbox 990 2657 2326 2734; baseline -0.002 -14"><span class='ocrx_word' id='word_1_126' title='bbox 990 2660 1253 2720; x_wconf 85' lang='lat' dir='ltr'><strong>Aduocat</strong></span> <span class='ocrx_word' id='word_1_127' title='bbox 1281 2659 1535 2733; x_wconf 86' lang='lat' dir='ltr'><strong>adpellat</strong></span> <span class='ocrx_word' id='word_1_128' title='bbox 1562 2659 1750 2734; x_wconf 88' lang='lat' dir='ltr'><strong>patrio</strong></span> <span class='ocrx_word' id='word_1_129' title='bbox 1781 2660 2088 2717; x_wconf 80' lang='lat' dir='ltr'><strong>ueneratur</strong></span> <span class='ocrx_word' id='word_1_130' title='bbox 2115 2657 2326 2718; x_wconf 88' lang='lat' dir='ltr'><strong>honore</strong></span> 
     </span>
    </p>
   </div>
   <div class='ocr_carea' id='block_1_3' title="bbox 613 2849 2868 3557">
    <p class='ocr_par' dir='ltr' id='par_1_3' title="bbox 613 2849 2868 3557">
     <span class='ocr_line' id='line_1_22' title="bbox 751 2849 2868 2953; baseline -0.001 -14"><span class='ocrx_word' id='word_1_131' title='bbox 751 2885 957 2940; x_wconf 82' lang='lat'>17—18</span> <span class='ocrx_word' id='word_1_132' title='bbox 990 2902 1021 2941; x_wconf 92' lang='lat' dir='ltr'><strong>c</strong></span> <span class='ocrx_word' id='word_1_133' title='bbox 1036 2852 1107 2939; x_wconf 66' lang='lat'><strong>:-</strong></span> <span class='ocrx_word' id='word_1_134' title='bbox 1125 2887 1373 2953; x_wconf 81' lang='lat' dir='ltr'><strong>stumque</strong></span> <span class='ocrx_word' id='word_1_135' title='bbox 1396 2886 1450 2953; x_wconf 90' lang='lat' dir='ltr'><strong>(a</strong></span> <span class='ocrx_word' id='word_1_136' title='bbox 1470 2902 1540 2939; x_wconf 85' lang='lat' dir='ltr'><strong>m.</strong></span> <span class='ocrx_word' id='word_1_137' title='bbox 1565 2900 1670 2938; x_wconf 84' lang='lat' dir='ltr'><strong>rec.</strong></span> <span class='ocrx_word' id='word_1_138' title='bbox 1695 2900 1736 2938; x_wconf 80' lang='lat' dir='ltr'><strong>s.</strong></span> <span class='ocrx_word' id='word_1_139' title='bbox 1763 2884 1820 2953; x_wconf 79' lang='lat' dir='ltr'><strong>l.)</strong></span> <span class='ocrx_word' id='word_1_140' title='bbox 1856 2900 2094 2938; x_wconf 85' lang='lat' dir='ltr'><strong>cruorem</strong></span> <span class='ocrx_word' id='word_1_141' title='bbox 2119 2882 2342 2938; x_wconf 83' lang='lat' dir='ltr'><strong>subdere</strong></span> <span class='ocrx_word' id='word_1_142' title='bbox 2365 2849 2768 2939; x_wconf 59' lang='lat' dir='ltr'><strong>brebicigblicas</strong></span> <span class='ocrx_word' id='word_1_143' title='bbox 2794 2884 2868 2947; x_wconf 94' lang='lat' dir='ltr'><strong>A,</strong></span> 
     </span>
     <span class='ocr_line' id='line_1_23' title="bbox 616 2969 2862 3043; baseline -0.002 -16"><span class='ocrx_word' id='word_1_144' title='bbox 616 2988 899 3043; x_wconf 86' lang='lat' dir='ltr'><strong>caesusque</strong></span> <span class='ocrx_word' id='word_1_145' title='bbox 946 2990 1016 3030; x_wconf 86' lang='lat' dir='ltr'><strong>cr.</strong></span> <span class='ocrx_word' id='word_1_146' title='bbox 1064 2972 1283 3026; x_wconf 83' lang='lat' dir='ltr'><strong>fundere</strong></span> <span class='ocrx_word' id='word_1_147' title='bbox 1328 2970 1640 3041; x_wconf 82' lang='lat' dir='ltr'><strong>bebrycium</strong></span> <span class='ocrx_word' id='word_1_148' title='bbox 1687 2970 1892 3040; x_wconf 81' lang='lat' dir='ltr'><strong>libycas</strong></span> <span class='ocrx_word' id='word_1_149' title='bbox 1927 2970 2080 3027; x_wconf 65' lang='lat' dir='ltr'><strong>HR„</strong></span> <span class='ocrx_word' id='word_1_150' title='bbox 2115 2971 2228 3025; x_wconf 66' lang='lat' dir='ltr'><strong>nisi</strong></span> <span class='ocrx_word' id='word_1_151' title='bbox 2271 2970 2416 3038; x_wconf 76' lang='lat' dir='ltr'><strong>quod</strong></span> <span class='ocrx_word' id='word_1_152' title='bbox 2447 2986 2480 3024; x_wconf 84' lang='lat' dir='ltr'><strong><em>v</em></strong></span> <span class='ocrx_word' id='word_1_153' title='bbox 2527 2971 2584 3024; x_wconf 88' lang='lat' dir='ltr'><strong>et</strong></span> <span class='ocrx_word' id='word_1_154' title='bbox 2627 2969 2862 3040; x_wconf 73' lang='lat' dir='ltr'><strong>libycas,</strong></span> 
     </span>
     <span class='ocr_line' id='line_1_24' title="bbox 616 3055 2860 3127; baseline -0.002 -13"><span class='ocrx_word' id='word_1_155' title='bbox 616 3060 899 3127; x_wconf 75' lang='lat' dir='ltr'><strong>caestuque</strong></span> <span class='ocrx_word' id='word_1_156' title='bbox 936 3059 1047 3125; x_wconf 70' lang='lat' dir='ltr'><strong>(uel</strong></span> <span class='ocrx_word' id='word_1_157' title='bbox 1080 3060 1348 3125; x_wconf 85' lang='lat' dir='ltr'><strong>caestuue)</strong></span> <span class='ocrx_word' id='word_1_158' title='bbox 1375 3074 1445 3112; x_wconf 91' lang='lat' dir='ltr'><strong>cr.</strong></span> <span class='ocrx_word' id='word_1_159' title='bbox 1502 3057 1726 3113; x_wconf 87' lang='lat' dir='ltr'><strong>subdere</strong></span> <span class='ocrx_word' id='word_1_160' title='bbox 1760 3056 2007 3125; x_wconf 87' lang='lat' dir='ltr'><strong>bebrycio</strong></span> <span class='ocrx_word' id='word_1_161' title='bbox 2044 3057 2250 3127; x_wconf 75' lang='lat' dir='ltr'><strong>libycas</strong></span> <span class='ocrx_word' id='word_1_162' title='bbox 2285 3059 2341 3111; x_wconf 86' lang='lat' dir='ltr'><strong>et</strong></span> <span class='ocrx_word' id='word_1_163' title='bbox 2367 3056 2478 3124; x_wconf 77' lang='lat' dir='ltr'><strong>(uel</strong></span> <span class='ocrx_word' id='word_1_164' title='bbox 2509 3056 2714 3126; x_wconf 83' lang='lat' dir='ltr'><strong>libycas</strong></span> <span class='ocrx_word' id='word_1_165' title='bbox 2749 3055 2860 3123; x_wconf 90' lang='lat' dir='ltr'><strong>uel)</strong></span> 
     </span>
     <span class='ocr_line' id='line_1_25' title="bbox 613 3142 2860 3214; baseline -0.002 -14"><span class='ocrx_word' id='word_1_166' title='bbox 613 3146 706 3201; x_wconf 72' lang='lat' dir='ltr'><strong>uel</strong></span> <span class='ocrx_word' id='word_1_167' title='bbox 740 3146 1051 3214; x_wconf 83' lang='lat' dir='ltr'><strong>caestusque</strong></span> <span class='ocrx_word' id='word_1_168' title='bbox 1086 3144 1257 3199; x_wconf 86' lang='lat' dir='ltr'><strong>furori</strong></span> <span class='ocrx_word' id='word_1_169' title='bbox 1290 3160 1346 3199; x_wconf 88' lang='lat' dir='ltr'><strong>se</strong></span> <span class='ocrx_word' id='word_1_170' title='bbox 1382 3144 1507 3199; x_wconf 90' lang='lat' dir='ltr'><strong>dare</strong></span> <span class='ocrx_word' id='word_1_171' title='bbox 1528 3143 1764 3213; x_wconf 83' lang='lat' dir='ltr'><strong>bebrycii</strong></span> <span class='ocrx_word' id='word_1_172' title='bbox 1786 3142 1825 3196; x_wconf 91' lang='lat'><strong>1.</strong></span> <span class='ocrx_word' id='word_1_173' title='bbox 1851 3147 1908 3197; x_wconf 88' lang='lat' dir='ltr'><strong>et</strong></span> <span class='ocrx_word' id='word_1_174' title='bbox 1931 3144 2070 3199; x_wconf 61' lang='grc' dir='ltr'><strong>σοφοί.</strong></span> <span class='ocrx_word' id='word_1_175' title='bbox 2098 3144 2321 3208; x_wconf 68' lang='lat' dir='ltr'><strong>Mamer,</strong></span> <span class='ocrx_word' id='word_1_176' title='bbox 2359 3145 2644 3211; x_wconf 80' lang='lat' dir='ltr'><strong>caestuque</strong></span> <span class='ocrx_word' id='word_1_177' title='bbox 2665 3158 2713 3199; x_wconf 89' lang='lat' dir='ltr'><strong>c.</strong></span> <span class='ocrx_word' id='word_1_178' title='bbox 2738 3142 2860 3196; x_wconf 82' lang='lat' dir='ltr'><strong>fun·</strong></span> 
     </span>
     <span class='ocr_line' id='line_1_26' title="bbox 616 3228 2863 3298; baseline -0.001 -12"><span class='ocrx_word' id='word_1_179' title='bbox 616 3231 737 3286; x_wconf 84' lang='lat' dir='ltr'><strong>dere</strong></span> <span class='ocrx_word' id='word_1_180' title='bbox 771 3229 823 3284; x_wconf 93' lang='lat' dir='ltr'><strong>b.</strong></span> <span class='ocrx_word' id='word_1_181' title='bbox 859 3230 895 3284; x_wconf 84' lang='lat' dir='ltr'><strong>l.</strong></span> <span class='ocrx_word' id='word_1_182' title='bbox 934 3232 1073 3285; x_wconf 78' lang='lat' dir='ltr'><strong>coni.</strong></span> <span class='ocrx_word' id='word_1_183' title='bbox 1120 3231 1436 3285; x_wconf 75' lang='lat' dir='ltr'><strong>Gronouius</strong></span> <span class='ocrx_word' id='word_1_184' title='bbox 1608 3230 1823 3298; x_wconf 87' lang='lat' dir='ltr'><strong>satiare]</strong></span> <span class='ocrx_word' id='word_1_185' title='bbox 1863 3228 2008 3283; x_wconf 89' lang='lat' dir='ltr'><strong>adire</strong></span> <span class='ocrx_word' id='word_1_186' title='bbox 2042 3231 2179 3283; x_wconf 74' lang='lat' dir='ltr'><strong>coni.</strong></span> <span class='ocrx_word' id='word_1_187' title='bbox 2217 3230 2444 3294; x_wconf 58' lang='lat' dir='ltr'><strong>Mallem</strong></span> <span class='ocrx_word' id='word_1_188' title='bbox 2481 3229 2680 3285; x_wconf 86' lang='lat' dir='ltr'><strong>sociare</strong></span> <span class='ocrx_word' id='word_1_189' title='bbox 2723 3228 2863 3283; x_wconf 72' lang='lat' dir='ltr'><strong>Gro-</strong></span> 
     </span>
     <span class='ocr_line' id='line_1_27' title="bbox 616 3314 2866 3387; baseline -0.003 -14"><span class='ocrx_word' id='word_1_190' title='bbox 616 3319 820 3373; x_wconf 71' lang='lat' dir='ltr'><strong>nouius</strong></span> <span class='ocrx_word' id='word_1_191' title='bbox 984 3318 1051 3371; x_wconf 88' lang='grc'><strong>19</strong></span> <span class='ocrx_word' id='word_1_192' title='bbox 1086 3319 1209 3371; x_wconf 86' lang='lat' dir='ltr'><strong>ante</strong></span> <span class='ocrx_word' id='word_1_193' title='bbox 1246 3317 1408 3371; x_wconf 84' lang='lat' dir='ltr'><strong>etiam</strong></span> <span class='ocrx_word' id='word_1_194' title='bbox 1444 3318 1513 3383; x_wconf 98' lang='lat' dir='ltr'><strong>A,</strong></span> <span class='ocrx_word' id='word_1_195' title='bbox 1548 3320 1697 3372; x_wconf 89' lang='lat' dir='ltr'><strong>antei</strong></span> <span class='ocrx_word' id='word_1_196' title='bbox 1732 3318 1810 3382; x_wconf 91' lang='lat' dir='ltr'><strong><em>H,</em></strong></span> <span class='ocrx_word' id='word_1_197' title='bbox 1847 3320 1972 3372; x_wconf 87' lang='lat' dir='ltr'><strong>ante</strong></span> <span class='ocrx_word' id='word_1_198' title='bbox 2010 3314 2079 3383; x_wconf 83' lang='lat' dir='ltr'><strong><em>R,</em></strong></span> <span class='ocrx_word' id='word_1_199' title='bbox 2117 3321 2342 3387; x_wconf 76' lang='lat' dir='ltr'><strong>anteque</strong></span> <span class='ocrx_word' id='word_1_200' title='bbox 2375 3316 2465 3371; x_wconf 91' lang='lat' dir='ltr'><strong>uel</strong></span> <span class='ocrx_word' id='word_1_201' title='bbox 2498 3333 2531 3370; x_wconf 85' lang='lat' dir='ltr'><strong><em>v</em></strong></span> <span class='ocrx_word' id='word_1_202' title='bbox 2693 3315 2866 3370; x_wconf 80' lang='lat' dir='ltr'><strong>circes.</strong></span> 
     </span>
     <span class='ocr_line' id='line_1_28' title="bbox 618 3401 2866 3474; baseline -0.001 -15"><span class='ocrx_word' id='word_1_203' title='bbox 618 3420 686 3459; x_wconf 78' lang='lat' dir='ltr'><strong>ex</strong></span> <span class='ocrx_word' id='word_1_204' title='bbox 707 3404 847 3459; x_wconf 87' lang='lat' dir='ltr'><strong>circa</strong></span> <span class='ocrx_word' id='word_1_205' title='bbox 868 3404 925 3461; x_wconf 81' lang='lat' dir='ltr'><em>R</em></span> <span class='ocrx_word' id='word_1_206' title='bbox 944 3420 1014 3458; x_wconf 87' lang='lat' dir='ltr'><strong>m.</strong></span> <span class='ocrx_word' id='word_1_207' title='bbox 1037 3409 1075 3460; x_wconf 81' lang='lat'><strong><em>2</em></strong></span> <span class='ocrx_word' id='word_1_208' title='bbox 1232 3419 1425 3458; x_wconf 90' lang='lat' dir='ltr'><strong>nouam</strong></span> <span class='ocrx_word' id='word_1_209' title='bbox 1447 3421 1498 3474; x_wconf 89' lang='lat' dir='ltr'><strong>p.</strong></span> <span class='ocrx_word' id='word_1_210' title='bbox 1525 3422 1574 3474; x_wconf 89' lang='lat' dir='ltr'><strong>p.</strong></span> <span class='ocrx_word' id='word_1_211' title='bbox 1601 3405 1830 3460; x_wconf 85' lang='lat' dir='ltr'><strong>formam</strong></span> <span class='ocrx_word' id='word_1_212' title='bbox 1853 3408 1908 3460; x_wconf 97' lang='lat' dir='ltr'><strong><em>A</em></strong></span> <span class='ocrx_word' id='word_1_213' title='bbox 2063 3406 2132 3459; x_wconf 90' lang='grc'><strong>20</strong></span> <span class='ocrx_word' id='word_1_214' title='bbox 2165 3402 2482 3459; x_wconf 87' lang='lat' dir='ltr'><strong>summereR</strong></span> <span class='ocrx_word' id='word_1_215' title='bbox 2640 3402 2709 3456; x_wconf 89' lang='grc'><strong>21</strong></span> <span class='ocrx_word' id='word_1_216' title='bbox 2745 3401 2866 3471; x_wconf 87' lang='lat' dir='ltr'><strong>pul·</strong></span> 
     </span>
     <span class='ocr_line' id='line_1_29' title="bbox 618 3489 2864 3557; baseline -0 -14"><span class='ocrx_word' id='word_1_217' title='bbox 618 3489 773 3545; x_wconf 86' lang='lat' dir='ltr'><strong>sabat</strong></span> <span class='ocrx_word' id='word_1_218' title='bbox 806 3490 877 3544; x_wconf 94' lang='lat' dir='ltr'><strong><em>H</em></strong></span> <span class='ocrx_word' id='word_1_219' title='bbox 1006 3489 1233 3544; x_wconf 88' lang='lat' dir='ltr'><strong>conubia</strong></span> <span class='ocrx_word' id='word_1_220' title='bbox 1266 3492 1505 3544; x_wconf 87' lang='lat' dir='ltr'><strong>monstra</strong></span> <span class='ocrx_word' id='word_1_221' title='bbox 1538 3492 1607 3557; x_wconf 94' lang='lat' dir='ltr'><strong>A,</strong></span> <span class='ocrx_word' id='word_1_222' title='bbox 1647 3508 1688 3546; x_wconf 91' lang='lat' dir='ltr'><strong>c.</strong></span> <span class='ocrx_word' id='word_1_223' title='bbox 1725 3491 1895 3545; x_wconf 83' lang='lat' dir='ltr'><strong>mixta</strong></span> <span class='ocrx_word' id='word_1_224' title='bbox 1917 3492 2084 3557; x_wconf 85' lang='lat' dir='ltr'><strong><em>HRv,</em></strong></span> <span class='ocrx_word' id='word_1_225' title='bbox 2121 3492 2420 3547; x_wconf 88' lang='lat' dir='ltr'><strong>communia</strong></span> <span class='ocrx_word' id='word_1_226' title='bbox 2453 3490 2694 3545; x_wconf 85' lang='lat' dir='ltr'><strong>monstra</strong></span> <span class='ocrx_word' id='word_1_227' title='bbox 2727 3490 2864 3543; x_wconf 74' lang='lat' dir='ltr'><strong>coni.</strong></span> 
     </span>
    </p>
   </div>
   <div class='ocr_carea' id='block_1_4' title="bbox 618 3568 2874 4535">
    <p class='ocr_par' dir='ltr' id='par_1_4' title="bbox 618 3568 2874 4535">
     <span class='ocr_line' id='line_1_30' title="bbox 618 3568 2801 3673; baseline 0 -18"><span class='ocrx_word' id='word_1_228' title='bbox 618 3602 829 3656; x_wconf 60' lang='lat' dir='ltr'><strong>Malles·</strong></span> <span class='ocrx_word' id='word_1_229' title='bbox 1076 3604 1144 3657; x_wconf 91' lang='grc'><strong>22</strong></span> <span class='ocrx_word' id='word_1_230' title='bbox 1179 3568 1473 3657; x_wconf 68' lang='grc' dir='ltr'><strong>ἱηεθ;ίῑιιηι</strong></span> <span class='ocrx_word' id='word_1_231' title='bbox 1508 3604 1563 3656; x_wconf 92' lang='lat' dir='ltr'><strong><em>A</em></strong></span> <span class='ocrx_word' id='word_1_232' title='bbox 1600 3604 1646 3671; x_wconf 87' lang='lat' dir='ltr'><strong>(s</strong></span> <span class='ocrx_word' id='word_1_233' title='bbox 1680 3622 1746 3659; x_wconf 88' lang='lat' dir='ltr'><strong>m.</strong></span> <span class='ocrx_word' id='word_1_234' title='bbox 1784 3608 1857 3673; x_wconf 78' lang='lat'><strong><em>2),</em></strong></span> <span class='ocrx_word' id='word_1_235' title='bbox 1895 3607 2158 3661; x_wconf 86' lang='lat' dir='ltr'><strong>incestum</strong></span> <span class='ocrx_word' id='word_1_236' title='bbox 2193 3605 2274 3659; x_wconf 65' lang='grc' dir='ltr'><strong>Β*</strong></span> <span class='ocrx_word' id='word_1_237' title='bbox 2325 3658 2344 3673; x_wconf 70' lang='grc'><strong><em>,</em></strong></span> <span class='ocrx_word' id='word_1_238' title='bbox 2520 3602 2708 3673; x_wconf 85' lang='lat' dir='ltr'><strong>parilis</strong></span> <span class='ocrx_word' id='word_1_239' title='bbox 2744 3601 2801 3654; x_wconf 89' lang='lat' dir='ltr'><strong><em>A</em></strong></span> 
     </span>
     <span class='ocr_line' id='line_1_31' title="bbox 619 3676 2800 3759; baseline -0.001 -18"><span class='ocrx_word' id='word_1_240' title='bbox 619 3687 689 3741; x_wconf 83' lang='grc'><strong>24</strong></span> <span class='ocrx_word' id='word_1_241' title='bbox 720 3690 962 3757; x_wconf 85' lang='lat' dir='ltr'><strong>tempora</strong></span> <span class='ocrx_word' id='word_1_242' title='bbox 997 3690 1069 3743; x_wconf 91' lang='lat' dir='ltr'><strong><em>H</em></strong></span> <span class='ocrx_word' id='word_1_243' title='bbox 1309 3676 1646 3759; x_wconf 66' lang='lat' dir='ltr'><strong>prospecuhst</strong></span> <span class='ocrx_word' id='word_1_244' title='bbox 1684 3690 1752 3755; x_wconf 87' lang='lat' dir='ltr'><strong><em>R,</em></strong></span> <span class='ocrx_word' id='word_1_245' title='bbox 1788 3688 2181 3759; x_wconf 86' lang='lat' dir='ltr'><strong>prospeculator</strong></span> <span class='ocrx_word' id='word_1_246' title='bbox 2203 3688 2281 3755; x_wconf 94' lang='lat' dir='ltr'><strong><em>H,</em></strong></span> <span class='ocrx_word' id='word_1_247' title='bbox 2317 3686 2708 3758; x_wconf 84' lang='lat' dir='ltr'><strong>prospiculator</strong></span> <span class='ocrx_word' id='word_1_248' title='bbox 2744 3686 2800 3739; x_wconf 95' lang='lat' dir='ltr'><strong><em>A</em></strong></span> 
     </span>
     <span class='ocr_line' id='line_1_32' title="bbox 620 3772 2805 3844; baseline 0 -17"><span class='ocrx_word' id='word_1_249' title='bbox 620 3774 689 3827; x_wconf 85' lang='lat'><strong>25</strong></span> <span class='ocrx_word' id='word_1_250' title='bbox 725 3774 835 3844; x_wconf 92' lang='lat' dir='ltr'><strong>ubi]</strong></span> <span class='ocrx_word' id='word_1_251' title='bbox 875 3774 980 3828; x_wconf 89' lang='lat' dir='ltr'><strong>sibi</strong></span> <span class='ocrx_word' id='word_1_252' title='bbox 1006 3776 1061 3828; x_wconf 98' lang='lat' dir='ltr'><strong><em>A</em></strong></span> <span class='ocrx_word' id='word_1_253' title='bbox 1092 3776 1186 3829; x_wconf 79' lang='lat' dir='ltr'><strong>sed</strong></span> <span class='ocrx_word' id='word_1_254' title='bbox 1222 3776 1267 3829; x_wconf 90' lang='lat' dir='ltr'><strong>si</strong></span> <span class='ocrx_word' id='word_1_255' title='bbox 1303 3792 1442 3832; x_wconf 85' lang='lat' dir='ltr'><strong>cor-r.</strong></span> <span class='ocrx_word' id='word_1_256' title='bbox 1581 3776 1752 3844; x_wconf 86' lang='lat' dir='ltr'><strong>aetas]</strong></span> <span class='ocrx_word' id='word_1_257' title='bbox 1791 3778 1969 3829; x_wconf 86' lang='lat' dir='ltr'><strong>actum</strong></span> <span class='ocrx_word' id='word_1_258' title='bbox 2013 3774 2182 3829; x_wconf 73' lang='lat' dir='ltr'><strong>Gron.</strong></span> <span class='ocrx_word' id='word_1_259' title='bbox 2321 3774 2391 3828; x_wconf 92' lang='grc'><strong>26</strong></span> <span class='ocrx_word' id='word_1_260' title='bbox 2427 3772 2666 3843; x_wconf 86' lang='lat' dir='ltr'><strong>spacium</strong></span> <span class='ocrx_word' id='word_1_261' title='bbox 2691 3773 2805 3828; x_wconf 85' lang='lat' dir='ltr'><strong><em>AR</em></strong></span> 
     </span>
     <span class='ocr_line' id='line_1_33' title="bbox 620 3860 2802 3931; baseline 0 -18"><span class='ocrx_word' id='word_1_262' title='bbox 620 3860 883 3914; x_wconf 86' lang='lat' dir='ltr'><strong>frustrata</strong></span> <span class='ocrx_word' id='word_1_263' title='bbox 906 3863 976 3927; x_wconf 89' lang='lat' dir='ltr'><strong>A,</strong></span> <span class='ocrx_word' id='word_1_264' title='bbox 1012 3862 1258 3929; x_wconf 84' lang='lat' dir='ltr'><strong>iussa&#39;H,</strong></span> <span class='ocrx_word' id='word_1_265' title='bbox 1296 3864 1379 3916; x_wconf 86' lang='lat' dir='ltr'><strong>uis</strong></span> <span class='ocrx_word' id='word_1_266' title='bbox 1416 3862 1566 3916; x_wconf 88' lang='lat' dir='ltr'><strong>nulla</strong></span> <span class='ocrx_word' id='word_1_267' title='bbox 1602 3863 1690 3918; x_wconf 83' lang='lat' dir='ltr'><strong>Rv</strong></span> <span class='ocrx_word' id='word_1_268' title='bbox 1896 3864 2138 3931; x_wconf 86' lang='lat' dir='ltr'><strong>coegerat</strong></span> <span class='ocrx_word' id='word_1_269' title='bbox 2167 3860 2381 3926; x_wconf 80' lang='lat' dir='ltr'><strong><em>A²HB,</em></strong></span> <span class='ocrx_word' id='word_1_270' title='bbox 2419 3861 2654 3930; x_wconf 83' lang='lat' dir='ltr'><strong>coegerit</strong></span> <span class='ocrx_word' id='word_1_271' title='bbox 2688 3861 2802 3913; x_wconf 81' lang='lat' dir='ltr'><strong><em>A¹v</em></strong></span> 
     </span>
     <span class='ocr_line' id='line_1_34' title="bbox 621 3947 2798 4018; baseline 0 -19"><span class='ocrx_word' id='word_1_272' title='bbox 621 3947 702 4000; x_wconf 83' lang='lat' dir='ltr'><strong>ira</strong></span> <span class='ocrx_word' id='word_1_273' title='bbox 735 3947 872 4012; x_wconf 82' lang='lat' dir='ltr'><strong><em>HR,</em></strong></span> <span class='ocrx_word' id='word_1_274' title='bbox 906 3948 1015 4001; x_wconf 88' lang='lat' dir='ltr'><strong>irae</strong></span> <span class='ocrx_word' id='word_1_275' title='bbox 1050 3965 1083 4003; x_wconf 81' lang='lat' dir='ltr'><strong><em>v</em></strong></span> <span class='ocrx_word' id='word_1_276' title='bbox 1252 3949 1337 4003; x_wconf 87' lang='lat' dir='ltr'><strong>uis</strong></span> <span class='ocrx_word' id='word_1_277' title='bbox 1374 3950 1546 4002; x_wconf 89' lang='lat' dir='ltr'><strong>multa</strong></span> <span class='ocrx_word' id='word_1_278' title='bbox 1582 3948 1814 4018; x_wconf 81' lang='lat' dir='ltr'><strong>coegerit</strong></span> <span class='ocrx_word' id='word_1_279' title='bbox 1851 3949 1959 4002; x_wconf 87' lang='lat' dir='ltr'><strong>irae</strong></span> <span class='ocrx_word' id='word_1_280' title='bbox 2005 3948 2174 4002; x_wconf 77' lang='lat' dir='ltr'><strong>Gron.</strong></span> <span class='ocrx_word' id='word_1_281' title='bbox 2355 3947 2423 4001; x_wconf 84' lang='grc'><strong>27</strong></span> <span class='ocrx_word' id='word_1_282' title='bbox 2460 3947 2685 4001; x_wconf 86' lang='lat' dir='ltr'><strong>adherat</strong></span> <span class='ocrx_word' id='word_1_283' title='bbox 2718 3947 2798 3999; x_wconf 85' lang='lat' dir='ltr'><strong><em>A⁸</em></strong></span> 
     </span>
     <span class='ocr_line' id='line_1_35' title="bbox 622 4031 2800 4102; baseline -0.001 -15"><span class='ocrx_word' id='word_1_284' title='bbox 622 4033 691 4087; x_wconf 90' lang='grc'><strong>28</strong></span> <span class='ocrx_word' id='word_1_285' title='bbox 724 4033 967 4102; x_wconf 85' lang='lat' dir='ltr'><strong>angelica</strong></span> <span class='ocrx_word' id='word_1_286' title='bbox 1002 4035 1114 4090; x_wconf 86' lang='lat' dir='ltr'><strong>HR</strong></span> <span class='ocrx_word' id='word_1_287' title='bbox 1362 4036 1571 4089; x_wconf 88' lang='lat' dir='ltr'><strong>iuuenis</strong></span> <span class='ocrx_word' id='word_1_288' title='bbox 1606 4036 1674 4089; x_wconf 91' lang='lat' dir='ltr'><em>H</em></span> <span class='ocrx_word' id='word_1_289' title='bbox 1921 4034 1988 4087; x_wconf 88' lang='grc'><strong>29</strong></span> <span class='ocrx_word' id='word_1_290' title='bbox 2025 4033 2149 4087; x_wconf 85' lang='lat' dir='ltr'><strong>diua</strong></span> <span class='ocrx_word' id='word_1_291' title='bbox 2184 4034 2255 4097; x_wconf 86' lang='lat' dir='ltr'><strong><em>R,</em></strong></span> <span class='ocrx_word' id='word_1_292' title='bbox 2290 4032 2384 4087; x_wconf 84' lang='lat' dir='ltr'><strong>diu</strong></span> <span class='ocrx_word' id='word_1_293' title='bbox 2418 4034 2469 4087; x_wconf 90' lang='lat' dir='ltr'><strong>ic</strong></span> <span class='ocrx_word' id='word_1_294' title='bbox 2503 4033 2580 4097; x_wconf 97' lang='lat' dir='ltr'><strong><em>H,</em></strong></span> <span class='ocrx_word' id='word_1_295' title='bbox 2616 4031 2723 4086; x_wconf 84' lang='lat' dir='ltr'><strong>dua</strong></span> <span class='ocrx_word' id='word_1_296' title='bbox 2745 4032 2800 4085; x_wconf 98' lang='lat' dir='ltr'><strong><em>A</em></strong></span> 
     </span>
     <span class='ocr_line' id='line_1_36' title="bbox 623 4118 2802 4187; baseline -0.001 -13"><span class='ocrx_word' id='word_1_297' title='bbox 623 4120 922 4175; x_wconf 84' lang='lat' dir='ltr'><strong>ministerio</strong></span> <span class='ocrx_word' id='word_1_298' title='bbox 957 4140 990 4178; x_wconf 86' lang='lat' dir='ltr'><strong><em>v</em></strong></span> <span class='ocrx_word' id='word_1_299' title='bbox 1239 4124 1305 4176; x_wconf 89' lang='lat' dir='ltr'><strong>ut</strong></span> <span class='ocrx_word' id='word_1_300' title='bbox 1338 4124 1409 4187; x_wconf 86' lang='lat' dir='ltr'><strong>A,</strong></span> <span class='ocrx_word' id='word_1_301' title='bbox 1448 4140 1547 4177; x_wconf 87' lang='lat' dir='ltr'><strong>om.</strong></span> <span class='ocrx_word' id='word_1_302' title='bbox 1583 4122 1736 4176; x_wconf 82' lang='lat' dir='ltr'><strong>HRv</strong></span> <span class='ocrx_word' id='word_1_303' title='bbox 1977 4119 2232 4174; x_wconf 88' lang='lat' dir='ltr'><strong>iubebant</strong></span> <span class='ocrx_word' id='word_1_304' title='bbox 2267 4122 2338 4184; x_wconf 88' lang='lat' dir='ltr'><strong>A,</strong></span> <span class='ocrx_word' id='word_1_305' title='bbox 2374 4119 2618 4173; x_wconf 88' lang='lat' dir='ltr'><strong>ferebant</strong></span> <span class='ocrx_word' id='word_1_306' title='bbox 2650 4118 2802 4173; x_wconf 80' lang='lat' dir='ltr'><strong>HRv</strong></span> 
     </span>
     <span class='ocr_line' id='line_1_37' title="bbox 622 4198 2872 4276; baseline -0.002 -15"><span class='ocrx_word' id='word_1_307' title='bbox 622 4207 693 4261; x_wconf 88' lang='lat'><strong>30</strong></span> <span class='ocrx_word' id='word_1_308' title='bbox 726 4207 824 4261; x_wconf 88' lang='lat' dir='ltr'><strong>illa</strong></span> <span class='ocrx_word' id='word_1_309' title='bbox 858 4208 927 4262; x_wconf 89' lang='lat' dir='ltr'><strong><em>H</em></strong></span> <span class='ocrx_word' id='word_1_310' title='bbox 1101 4208 1167 4263; x_wconf 84' lang='lat'><strong>31</strong></span> <span class='ocrx_word' id='word_1_311' title='bbox 1203 4198 1310 4262; x_wconf 85' lang='lat' dir='ltr'><strong>Lot</strong></span> <span class='ocrx_word' id='word_1_312' title='bbox 1345 4209 1399 4261; x_wconf 89' lang='lat' dir='ltr'><strong><em>A</em></strong></span> <span class='ocrx_word' id='word_1_313' title='bbox 1433 4208 1655 4276; x_wconf 77' lang='lat' dir='ltr'><strong>saepius</strong></span> <span class='ocrx_word' id='word_1_314' title='bbox 1839 4207 1996 4275; x_wconf 88' lang='lat' dir='ltr'><strong>aequi</strong></span> <span class='ocrx_word' id='word_1_315' title='bbox 2031 4208 2101 4271; x_wconf 89' lang='lat' dir='ltr'><strong>A,</strong></span> <span class='ocrx_word' id='word_1_316' title='bbox 2138 4206 2323 4260; x_wconf 87' lang='lat' dir='ltr'><strong>aderat</strong></span> <span class='ocrx_word' id='word_1_317' title='bbox 2356 4206 2508 4261; x_wconf 88' lang='lat' dir='ltr'><strong>HRv</strong></span> <span class='ocrx_word' id='word_1_318' title='bbox 2691 4205 2760 4258; x_wconf 83' lang='lat'><strong>33</strong></span> <span class='ocrx_word' id='word_1_319' title='bbox 2793 4204 2872 4257; x_wconf 85' lang='lat' dir='ltr'><strong>fe·-</strong></span> 
     </span>
     <span class='ocr_line' id='line_1_38' title="bbox 622 4290 2874 4364; baseline -0.002 -16"><span class='ocrx_word' id='word_1_320' title='bbox 622 4310 711 4348; x_wconf 89' lang='lat' dir='ltr'><strong>ras</strong></span> <span class='ocrx_word' id='word_1_321' title='bbox 746 4296 834 4351; x_wconf 84' lang='lat' dir='ltr'><strong>Rv</strong></span> <span class='ocrx_word' id='word_1_322' title='bbox 1054 4295 1265 4364; x_wconf 77' lang='lat' dir='ltr'><strong>hospite</strong></span> <span class='ocrx_word' id='word_1_323' title='bbox 1300 4297 1370 4359; x_wconf 93' lang='lat' dir='ltr'><strong>A,</strong></span> <span class='ocrx_word' id='word_1_324' title='bbox 1404 4295 1623 4363; x_wconf 86' lang='lat' dir='ltr'><strong>hospita</strong></span> <span class='ocrx_word' id='word_1_325' title='bbox 1657 4294 1822 4359; x_wconf 85' lang='lat' dir='ltr'><strong><em>HRv,</em></strong></span> <span class='ocrx_word' id='word_1_326' title='bbox 1858 4293 2034 4363; x_wconf 87' lang='lat' dir='ltr'><strong>opsita</strong></span> <span class='ocrx_word' id='word_1_327' title='bbox 2069 4295 2204 4347; x_wconf 81' lang='lat' dir='ltr'><strong>com‘.</strong></span> <span class='ocrx_word' id='word_1_328' title='bbox 2241 4292 2448 4346; x_wconf 59' lang='lat' dir='ltr'><strong>Maller</strong></span> <span class='ocrx_word' id='word_1_329' title='bbox 2665 4290 2874 4359; x_wconf 68' lang='lat' dir='ltr'><strong>fluctus</strong></span> 
     </span>
     <span class='ocr_line' id='line_1_39' title="bbox 624 4376 2810 4448; baseline -0.002 -14"><span class='ocrx_word' id='word_1_330' title='bbox 624 4379 743 4434; x_wconf 87' lang='lat' dir='ltr'><strong>HR</strong></span> <span class='ocrx_word' id='word_1_331' title='bbox 928 4380 999 4435; x_wconf 81' lang='lat'><strong>34</strong></span> <span class='ocrx_word' id='word_1_332' title='bbox 1030 4381 1208 4435; x_wconf 87' lang='lat' dir='ltr'><strong>menia</strong></span> <span class='ocrx_word' id='word_1_333' title='bbox 1244 4382 1299 4436; x_wconf 83' lang='lat' dir='ltr'><strong><em>R</em></strong></span> <span class='ocrx_word' id='word_1_334' title='bbox 1459 4379 1720 4435; x_wconf 86' lang='lat' dir='ltr'><strong>adhibant</strong></span> <span class='ocrx_word' id='word_1_335' title='bbox 1755 4380 1893 4435; x_wconf 85' lang='lat' dir='ltr'><strong><em>A¹R</em></strong></span> <span class='ocrx_word' id='word_1_336' title='bbox 2061 4380 2130 4433; x_wconf 86' lang='lat'><strong>35</strong></span> <span class='ocrx_word' id='word_1_337' title='bbox 2165 4377 2508 4448; x_wconf 88' lang='lat' dir='ltr'><strong>quamquam]</strong></span> <span class='ocrx_word' id='word_1_338' title='bbox 2543 4392 2704 4445; x_wconf 88' lang='lat' dir='ltr'><strong>quam</strong></span> <span class='ocrx_word' id='word_1_339' title='bbox 2739 4376 2810 4430; x_wconf 88' lang='lat' dir='ltr'><strong><em>H</em></strong></span> 
     </span>
     <span class='ocr_line' id='line_1_40' title="bbox 624 4465 1950 4535; baseline 0 -16"><span class='ocrx_word' id='word_1_340' title='bbox 624 4465 825 4520; x_wconf 90' lang='lat' dir='ltr'><strong>inscius</strong></span> <span class='ocrx_word' id='word_1_341' title='bbox 859 4468 927 4533; x_wconf 90' lang='lat' dir='ltr'><strong>A,</strong></span> <span class='ocrx_word' id='word_1_342' title='bbox 964 4466 1169 4521; x_wconf 87' lang='lat' dir='ltr'><strong>nescius</strong></span> <span class='ocrx_word' id='word_1_343' title='bbox 1206 4467 1353 4523; x_wconf 79' lang='lat' dir='ltr'><strong>HRv</strong></span> <span class='ocrx_word' id='word_1_344' title='bbox 1558 4466 1628 4521; x_wconf 85' lang='lat'><strong>36</strong></span> <span class='ocrx_word' id='word_1_345' title='bbox 1662 4465 1863 4535; x_wconf 87' lang='lat' dir='ltr'><strong>apellat</strong></span> <span class='ocrx_word' id='word_1_346' title='bbox 1897 4467 1950 4519; x_wconf 89' lang='lat' dir='ltr'><strong><em>A</em></strong></span> 
     </span>
    </p>
   </div>
  </div>
 </body>
</html>
