3217 5150
2256 581 2477 628 LXXIX

222 693 511 786 Roterod.
553 718 923 802 diliyentius
959 718 1154 783 multo
1181 737 1373 799 quam
1400 717 1697 782 hactenus
1725 735 1993 797 usquam
2023 716 2482 810 exemplarium

217 853 423 896 manu
468 830 845 911 scriptorum
886 829 1159 894 subsidio
1188 849 1232 892 a
1260 828 1507 892 mendis
1544 828 1898 892 uindicata.
1953 826 2114 894 Cum
2141 829 2484 894 accessione

216 943 421 1008 libelli
452 941 779 1024 Cypriano
806 941 1104 1021 inscripti
1134 940 1473 1004 admodum
1496 940 1618 1023 pij,
1647 939 1748 1004 De
1773 940 2096 1020 Martyria
2123 940 2370 1021 duplici
2399 939 2485 1004 ad

226 1053 669 1119 Fortunatam.
714 1053 1121 1117 Accesserant
1150 1052 1585 1117 adnotationes
1617 1051 1885 1116 Erasmi
1921 1104 1934 1116 .
1963 1101 2016 1116 ..
2050 1102 2062 1115 .
2099 1051 2191 1116 Et
2221 1051 2484 1116 adnota-

228 1165 555 1232 tiunculae
594 1183 701 1229 seu
739 1164 1177 1248 castiyationes
1216 1163 1453 1246 aliquot
1492 1165 1836 1229 doctissimi
1871 1164 2198 1245 utriusque
2227 1163 2486 1246 linquae

222 1276 362 1342 uiri
379 1276 651 1342 Henrici
672 1275 932 1358 Grauij,
962 1276 1171 1340 breues
1198 1275 1353 1341 illae
1382 1277 1632 1358 quidem
1651 1281 1708 1340 et
1719 1297 1986 1358 paucae,
2015 1275 2122 1340 sed
2145 1280 2486 1358 oportunae

222 1394 435 1452 tamen
462 1393 517 1454 et
546 1388 845 1452 eruditae.
858 1387 975 1454 ..Et
1004 1387 1199 1452 index
1228 1407 1431 1452 nouus
1461 1389 1763 1470 copiosior
1789 1393 2027 1452 uetusto
2053 1387 2167 1452 illo
2195 1391 2252 1453 et
2281 1387 2488 1470 mayis

224 1501 520 1584 diyestuS,
580 1500 715 1564 iam
764 1519 974 1564 recens
1024 1519 1214 1581 opera
1266 1499 1739 1565 Bartholomaei
1789 1499 2134 1564 Laurentii
2189 1498 2484 1564 adiectus.

232 1612 528 1680 Coloniae
568 1633 643 1675 ex
667 1612 933 1698 *officina
974 1611 1425 1694 typoqraphica
1456 1610 1637 1676 Petri
1673 1611 1932 1687 Quentel
1971 1631 2178 1676 mense
2207 1610 2487 1694 Auyusto

226 1723 393 1787 anni
411 1727 553 1804 post
586 1721 911 1788 Christum
942 1727 1167 1788 natum
1188 1723 1613 1787 MDXLIIII.
1646 1725 1894 1807 propter
1921 1723 2032 1788 has
2064 1722 2281 1788 Grauii
2309 1725 2488 1788 notas

234 1836 391 1900 falso
422 1833 642 1900 Grauii
664 1853 801 1900 -esse
832 1835 1103 1900 creditur
1132 1834 1309 1917 quasi
1343 1833 1611 1900 Grauius
1643 1853 1779 1898 eam
1809 1835 2171 1912 accurasset,
2203 1835 2490 1917 quamuis

231 1943 298 2011 in
319 1945 693 2029 praefatione
716 1947 791 2011 de
816 1945 1312 2012 annotationibus
1342 1945 1544 2011 nescio
1570 1946 1710 2028 quis
1734 1947 2081 2030 scripserit:
2114 1946 2232 2010 has
2253 1946 2362 2009 uir
2382 1945 2492 2010 ille

232 2057 626 2122 doctissimus
653 2077 728 2122 ex
754 2059 1187 2139 manuscripto
1216 2057 1533 2140 Cypriani
1571 2059 1772 2124 codice
1800 2060 2174 2137 obseruataS,
2201 2060 2279 2124 in
2308 2078 2493 2124 suum

230 2169 356 2232 sibi
384 2169 649 2234 codicem
676 2169 1035 2234 breuissime
1065 2173 1313 2234 tantum
1344 2174 1620 2249 notarat,
1650 2171 1875 2234 nonin
1898 2171 2004 2236 hoc
2025 2175 2094 2235 ut
2117 2174 2206 2236 sic
2235 2171 2492 2237 seorsim

230 2279 577 2360 ederentur,
628 2281 735 2346 sed
784 2286 854 2344 ut
895 2301 971 2346 ex
1018 2281 1343 2345 uolumine
1392 2282 1597 2362 ipsius
1647 2287 1984 2363 excerptae,
2035 2301 2239 2347 nouae
2291 2282 2492 2348 alicui

236 2372 501 2456 editioni
541 2393 884 2457 ederentur.
948 2378 1111 2458 Veru
1149 2393 1305 2473 quia
1342 2392 1419 2456 in
1461 2391 1575 2456 hac
1617 2393 1884 2458 editione
1920 2413 2318 2477 proyressiim
2358 2398 2493 2458 erat

244 2502 653 2585 aliquousque
692 2503 1075 2585 priusquam
1128 2503 1305 2567 nobis
1349 2503 1423 2566 de
1471 2503 1605 2567 illi-s
1654 2509 1980 2583 constaret,
2033 2525 2112 2568 ne
2154 2505 2336 2570 lector
2386 2504 2494 2569 hoc

238 2615 659 2695 qualicunque
688 2615 995 2679 commodo
1015 2616 1415 2696 minaretur,
1444 2617 1716 2695 oportuit
1739 2616 1827 2679 ad
1847 2616 2014 2680 hunc
2040 2616 2292 2681 modum
2319 2620 2492 2680 ante-

234 2727 437 2790 riores
495 2726 783 2790 illarum·
819 2726 921 2791 hic
972 2728 1226 2791 seorsim
1284 2713 1570 2810 cbqestas,
1633 2748 1788 2790 nam
1834 2727 2226 2808 posterioreS,
2276 2746 2354 2791 ne
2404 2727 2494 2791 sis

232 2837 533 2915 insciens,
584 2837 846 2901 editioni
890 2836 1035 2902 huic
1076 2839 1210 2903 suis
1238 2840 1489 2920 passim
1530 2838 1680 2903 locis
1718 2844 1868 2903 sunt
1907 2840 2199 2903 insertae.
2251 2838 2392 2934 plus
2429 2839 2494 2903 in

236 2949 635 3014 emendandis
660 2946 947 3033 Cypriani
978 2950 1263 3032 operibus
1293 2951 1605 3032 praestitit
1637 2950 1827 3015 editio
1856 2969 2014 3032 quae
2043 2970 2096 3016 a.
2136 2951 2301 3017 1563
2331 2950 2494 3034 apud

236 3061 507 3125 Paulum
560 3060 913 3125 Manutium
955 3061 1189 3127 Romae
1239 3062 1488 3145 prodiit.
1550 3062 1811 3127 Latinus
1863 3062 2146 3127 Latinius
2199 3064 2306 3145 qui
2356 3080 2494 3127 eam

236 3172 483 3237 curauit
512 3190 583 3235 ex
612 3172 977 3238 Erasmiana
1016 3174 1248 3256 recepit
1292 3174 1589 3256 epistulas
1621 3173 1834 3239 eodem
1865 3174 2076 3240 ordine
2104 3175 2170 3240 in
2202 3176 2496 3257 quattuor

238 3281 433 3346 libros
475 3282 748 3364 digestas
789 3283 998 3365 eisque
1037 3284 1265 3349 adiecit
1308 3285 1595 3367 quintum
1629 3286 2139 3368 complectentem
2173 3288 2252 3352 16
2283 3304 2492 3370 nouaS‚

238 3412 325 3457 sc.
372 3393 475 3457 81.
518 3394 578 3459 5.
612 3394 714 3458 34.
747 3392 851 3457 27.
887 3394 988 3459 35.
1025 3394 1125 3459 33.
1159 3395 1261 3459 41.
1296 3396 1399 3460 62.
1430 3396 1529 3461 80.
1566 3396 1665 3461 77.
1703 3398 1802 3462 79.
1835 3398 1936 3462 31.
1970 3398 2070 3463 36.
2103 3398 2206 3462 23.
2241 3396 2343 3463 24.
2375 3398 2492 3473 42;

237 3504 481 3587 reliqua
521 3522 699 3587 opera
740 3508 1005 3591 genuina
1034 3524 1099 3571 se
1121 3507 1434 3589 excipiunt
1462 3510 1535 3572 ut
1563 3509 1727 3590 apud
1756 3510 2104 3574 Erasmum.
2148 3508 2496 3589 spuriorum

238 3616 518 3681 ordinem
569 3617 753 3699 paulo
806 3618 1079 3682 mutauit
1130 3618 1336 3699 eisque
1388 3619 1631 3684 addidit
1682 3620 1914 3685 librum
1959 3619 2060 3685 De
2109 3619 2494 3700 spectaculis.

253 3729 551 3811 apparent
579 3729 775 3812 igitur
802 3728 868 3793 in
898 3728 1011 3795 hac
1042 3730 1307 3794 editione
1339 3731 1640 3813 epistulae
1670 3731 2060 3815 septuaginta
2087 3732 2342 3813 septem.
2391 3734 2497 3797 sed

244 3840 640 3905 innotuerant
668 3840 914 3905 Latinio
955 3859 1181 3907 omnes,
1228 3842 1302 3906 de
1344 3844 1637 3924 quattuor
1675 3844 1838 3907 enim
1879 3862 2034 3925 quae
2076 3843 2500 3909 desiderantur

249 3951 397 4016 haec
446 3953 700 4019 annotat
744 3952 808 4015 in
853 3952 1243 4018 Bibliotheca
1295 3972 1481 4017 sacra
1525 3972 1584 4035 p.
1633 3955 1786 4019 174:
1832 3959 1888 4017 et
1931 3954 2078 4019 haec
2121 3974 2260 4019 una
2301 3956 2500 4019 trium

247 4064 573 4150 (epistulas
606 4062 665 4128 8.
698 4064 803 4128 22.
834 4064 918 4129 23
948 4065 1127 4149 dicit)
1172 4065 1579 4145 epistolarum
1607 4070 1712 4147 est,
1756 4086 1913 4146 quae
1941 4070 2015 4130 in
2043 4067 2280 4131 duobus
2326 4066 2498 4131 Vati-

242 4177 428 4241 canis
468 4181 523 4241 et
552 4176 629 4242 in
660 4176 1058 4240 Bononiensi
1098 4177 1473 4241 monasterio
1504 4178 1730 4245 Sancti
1762 4178 2122 4244 Saluatoris
2147 4199 2188 4241 a
2217 4200 2313 4243 me
2351 4184 2499 4243 sunt

248 4291 564 4367 repertae;
586 4306 714 4351 non
725 4286 978 4368 placuit
995 4288 1094 4370 ijs,
1120 4290 1228 4369 qui
1234 4295 1601 4369 praeerant,
1625 4294 1694 4355 ut
1709 4290 2141 4355 inemendatae
2157 4292 2498 4369 ederentur,

246 4398 766 4479 quemadmodum
817 4418 947 4463 non
988 4400 1343 4480 probarunt
1397 4400 1778 4465 Firmiliani
1828 4401 2152 4482 epistolam
2175 4384 2183 4411 ’
2206 4407 2315 4489 (=
2366 4404 2495 4488 75),

244 4530 439 4590 quam
465 4530 641 4577 nemo
664 4516 811 4577 ante
832 4512 1133 4589 ediderat,
1156 4532 1229 4577 ea:
1252 4513 1515 4577 tenebris
1535 4532 1659 4577 esse
1669 4514 2138 4595 proferendam,
2170 4518 2234 4579 et
2255 4534 2314 4597 p.
2343 4516 2419 4580 17
2423 4517 2494 4582 5:

2529 2944 2599 2984 Ma

2589 2874 2736 2916 Editio
2763 2900 2768 2906 -
2810 2900 2820 2909 -

2600 2945 2802 2987 nntium.
