<?xml version="1.0" encoding="UTF-8"?>
<!DOCTYPE html PUBLIC "-//W3C//DTD XHTML 1.0 Transitional//EN"
    "http://www.w3.org/TR/xhtml1/DTD/xhtml1-transitional.dtd">
<html xmlns="http://www.w3.org/1999/xhtml" xml:lang="en" lang="en">
 <head>
  <title>
</title>
<meta http-equiv="Content-Type" content="text/html;charset=utf-8" />
  <meta name='ocr-system' content='tesseract 3.04.00' />
  <meta name='ocr-capabilities' content='ocr_page ocr_carea ocr_par ocr_line ocrx_word'/>
</head>
<body>
  <div class='ocr_page' id='page_1' title='image "./corpusscriptoru29wissgoog_0262.png"; bbox 0 0 3217 5150; ppageno 0'>
   <div class='ocr_carea' id='block_1_1' title="bbox 621 545 1929 616">
    <p class='ocr_par' dir='ltr' id='par_1_1' title="bbox 621 545 1929 616">
     <span class='ocr_line' id='line_1_1' title="bbox 621 545 1929 616; baseline 0 -16"><span class='ocrx_word' id='word_1_1' title='bbox 621 548 750 616; x_wconf 83' lang='lat'><strong>256</strong></span> <span class='ocrx_word' id='word_1_2' title='bbox 1566 545 1929 615; x_wconf 78' lang='lat' dir='ltr'><strong>Appendix.</strong></span> 
     </span>
    </p>
   </div>
   <div class='ocr_carea' id='block_1_2' title="bbox 516 705 2947 3064">
    <p class='ocr_par' dir='ltr' id='par_1_2' title="bbox 621 705 2922 1299">
     <span class='ocr_line' id='line_1_2' title="bbox 621 705 2883 781; baseline 0 -15"><span class='ocrx_word' id='word_1_3' title='bbox 621 708 797 767; x_wconf 80' lang='lat' dir='ltr'>XIIII</span> <span class='ocrx_word' id='word_1_4' title='bbox 835 706 976 767; x_wconf 81' lang='lat' dir='ltr'><strong>luna</strong></span> <span class='ocrx_word' id='word_1_5' title='bbox 1003 711 1064 768; x_wconf 89' lang='lat' dir='ltr'><strong>et</strong></span> <span class='ocrx_word' id='word_1_6' title='bbox 1091 708 1152 767; x_wconf 93' lang='grc' dir='ltr'>Π</span> <span class='ocrx_word' id='word_1_7' title='bbox 1181 707 1325 769; x_wconf 75' lang='lat' dir='ltr'><strong>feria</strong></span> <span class='ocrx_word' id='word_1_8' title='bbox 1355 706 1601 767; x_wconf 85' lang='lat' dir='ltr'><strong>occurrit</strong></span> <span class='ocrx_word' id='word_1_9' title='bbox 1630 706 1743 766; x_wconf 83' lang='lat' dir='ltr'><strong>kal.</strong></span> <span class='ocrx_word' id='word_1_10' title='bbox 1774 706 1941 781; x_wconf 67' lang='lat' dir='ltr'><strong>Apr„</strong></span> <span class='ocrx_word' id='word_1_11' title='bbox 1990 705 2131 766; x_wconf 88' lang='lat' dir='ltr'><strong>item</strong></span> <span class='ocrx_word' id='word_1_12' title='bbox 2174 707 2393 767; x_wconf 87' lang='lat' dir='ltr'><strong>decimo</strong></span> <span class='ocrx_word' id='word_1_13' title='bbox 2422 724 2571 767; x_wconf 84' lang='lat' dir='ltr'><strong>anuo</strong></span> <span class='ocrx_word' id='word_1_14' title='bbox 2598 710 2883 769; x_wconf 86' lang='lat' dir='ltr'><strong>communi</strong></span> 
     </span>
     <span class='ocr_line' id='line_1_3' title="bbox 623 809 2881 885; baseline 0.001 -16"><span class='ocrx_word' id='word_1_15' title='bbox 623 810 734 869; x_wconf 89' lang='lat' dir='ltr'><strong>XII</strong></span> <span class='ocrx_word' id='word_1_16' title='bbox 765 811 878 870; x_wconf 79' lang='lat' dir='ltr'><strong>kal.</strong></span> <span class='ocrx_word' id='word_1_17' title='bbox 911 813 1050 885; x_wconf 80' lang='lat' dir='ltr'><strong>Apr.</strong></span> <span class='ocrx_word' id='word_1_18' title='bbox 1083 814 1246 870; x_wconf 83' lang='lat' dir='ltr'><strong>sexta</strong></span> <span class='ocrx_word' id='word_1_19' title='bbox 1274 809 1436 883; x_wconf 86' lang='lat' dir='ltr'><strong>feria,</strong></span> <span class='ocrx_word' id='word_1_20' title='bbox 1469 810 1765 871; x_wconf 87' lang='lat' dir='ltr'><strong>undecimo</strong></span> <span class='ocrx_word' id='word_1_21' title='bbox 1793 826 1943 869; x_wconf 81' lang='lat' dir='ltr'><strong>anno</strong></span> <span class='ocrx_word' id='word_1_22' title='bbox 1987 809 2279 870; x_wconf 72' lang='lat' dir='ltr'><strong>bissextus</strong></span> <span class='ocrx_word' id='word_1_23' title='bbox 2308 814 2369 871; x_wconf 84' lang='lat' dir='ltr'><strong>et</strong></span> <span class='ocrx_word' id='word_1_24' title='bbox 2394 810 2765 871; x_wconf 76' lang='lat' dir='ltr'><strong>embolismus</strong></span> <span class='ocrx_word' id='word_1_25' title='bbox 2794 812 2881 872; x_wconf 93' lang='lat' dir='ltr'>VI</span> 
     </span>
     <span class='ocr_line' id='line_1_4' title="bbox 623 913 2884 990; baseline 0.001 -17"><span class='ocrx_word' id='word_1_26' title='bbox 623 914 702 973; x_wconf 89' lang='lat' dir='ltr'><strong>id.</strong></span> <span class='ocrx_word' id='word_1_27' title='bbox 733 916 875 988; x_wconf 81' lang='lat' dir='ltr'><strong>Apr.</strong></span> <span class='ocrx_word' id='word_1_28' title='bbox 909 914 1108 989; x_wconf 77' lang='lat' dir='ltr'><strong>quinta</strong></span> <span class='ocrx_word' id='word_1_29' title='bbox 1153 914 1315 987; x_wconf 81' lang='lat' dir='ltr'><strong>feria,</strong></span> <span class='ocrx_word' id='word_1_30' title='bbox 1359 913 1689 974; x_wconf 86' lang='lat' dir='ltr'><strong>duodecimo</strong></span> <span class='ocrx_word' id='word_1_31' title='bbox 1728 931 1875 974; x_wconf 83' lang='lat' dir='ltr'><strong>anno</strong></span> <span class='ocrx_word' id='word_1_32' title='bbox 1915 914 2199 974; x_wconf 86' lang='lat' dir='ltr'><strong>communi</strong></span> <span class='ocrx_word' id='word_1_33' title='bbox 2226 914 2279 973; x_wconf 99' lang='lat' dir='ltr'><strong>V</strong></span> <span class='ocrx_word' id='word_1_34' title='bbox 2308 914 2421 975; x_wconf 82' lang='lat' dir='ltr'><strong>kal.</strong></span> <span class='ocrx_word' id='word_1_35' title='bbox 2456 915 2599 990; x_wconf 81' lang='lat' dir='ltr'><strong>Apr.</strong></span> <span class='ocrx_word' id='word_1_36' title='bbox 2632 916 2884 976; x_wconf 71' lang='lat' dir='ltr'><strong>secunda</strong></span> 
     </span>
     <span class='ocr_line' id='line_1_5' title="bbox 629 1016 2879 1094; baseline 0.002 -18"><span class='ocrx_word' id='word_1_37' title='bbox 629 1018 793 1090; x_wconf 80' lang='lat' dir='ltr'><strong>feria,</strong></span> <span class='ocrx_word' id='word_1_38' title='bbox 855 1016 1026 1079; x_wconf 87' lang='lat' dir='ltr'><strong>tertio</strong></span> <span class='ocrx_word' id='word_1_39' title='bbox 1077 1017 1294 1078; x_wconf 89' lang='lat' dir='ltr'><strong>decimo</strong></span> <span class='ocrx_word' id='word_1_40' title='bbox 1347 1034 1494 1078; x_wconf 83' lang='lat' dir='ltr'><strong>auno</strong></span> <span class='ocrx_word' id='word_1_41' title='bbox 1547 1018 1687 1077; x_wconf 86' lang='lat' dir='ltr'><strong>item</strong></span> <span class='ocrx_word' id='word_1_42' title='bbox 1726 1019 2007 1077; x_wconf 88' lang='lat' dir='ltr'><strong>communi</strong></span> <span class='ocrx_word' id='word_1_43' title='bbox 2036 1018 2173 1077; x_wconf 89' lang='lat' dir='ltr'>XVI</span> <span class='ocrx_word' id='word_1_44' title='bbox 2200 1018 2317 1079; x_wconf 81' lang='lat' dir='ltr'><strong>kal.</strong></span> <span class='ocrx_word' id='word_1_45' title='bbox 2348 1020 2493 1094; x_wconf 80' lang='lat' dir='ltr'><strong>Apr.</strong></span> <span class='ocrx_word' id='word_1_46' title='bbox 2520 1022 2687 1079; x_wconf 84' lang='lat' dir='ltr'><strong>sexta</strong></span> <span class='ocrx_word' id='word_1_47' title='bbox 2714 1019 2879 1094; x_wconf 72' lang='lat' dir='ltr'><strong>feris,</strong></span> 
     </span>
     <span class='ocr_line' id='line_1_6' title="bbox 623 1120 2922 1197; baseline 0 -17"><span class='ocrx_word' id='word_1_48' title='bbox 623 1124 826 1196; x_wconf 85' lang='lat' dir='ltr'><strong>quarto</strong></span> <span class='ocrx_word' id='word_1_49' title='bbox 879 1121 1094 1182; x_wconf 88' lang='lat' dir='ltr'><strong>decimo</strong></span> <span class='ocrx_word' id='word_1_50' title='bbox 1145 1138 1293 1181; x_wconf 89' lang='lat' dir='ltr'><strong>anno</strong></span> <span class='ocrx_word' id='word_1_51' title='bbox 1337 1120 1708 1181; x_wconf 78' lang='lat' dir='ltr'>embolismus</span> <span class='ocrx_word' id='word_1_52' title='bbox 1760 1138 1895 1181; x_wconf 86' lang='lat' dir='ltr'><strong>uon.</strong></span> <span class='ocrx_word' id='word_1_53' title='bbox 1938 1120 2085 1195; x_wconf 81' lang='lat' dir='ltr'><strong>Apr.</strong></span> <span class='ocrx_word' id='word_1_54' title='bbox 2114 1121 2319 1195; x_wconf 84' lang='lat' dir='ltr'><strong>quinta</strong></span> <span class='ocrx_word' id='word_1_55' title='bbox 2346 1121 2513 1194; x_wconf 84' lang='lat' dir='ltr'><strong>feria,</strong></span> <span class='ocrx_word' id='word_1_56' title='bbox 2544 1122 2743 1197; x_wconf 82' lang='lat' dir='ltr'><strong>quinto</strong></span> <span class='ocrx_word' id='word_1_57' title='bbox 2774 1122 2876 1183; x_wconf 85' lang='lat' dir='ltr'><strong>de·</strong></span> <span class='ocrx_word' id='word_1_58' title='bbox 2896 1143 2922 1181; x_wconf 77' lang='lat' dir='ltr'><strong>s</strong></span> 
     </span>
     <span class='ocr_line' id='line_1_7' title="bbox 621 1224 2879 1299; baseline 0 -13"><span class='ocrx_word' id='word_1_59' title='bbox 621 1225 765 1286; x_wconf 92' lang='lat' dir='ltr'><strong>cimo</strong></span> <span class='ocrx_word' id='word_1_60' title='bbox 817 1240 964 1285; x_wconf 82' lang='lat' dir='ltr'><strong>auno</strong></span> <span class='ocrx_word' id='word_1_61' title='bbox 1017 1224 1256 1284; x_wconf 76' lang='lat' dir='ltr'><strong>bissext.</strong></span> <span class='ocrx_word' id='word_1_62' title='bbox 1314 1224 1600 1285; x_wconf 84' lang='lat' dir='ltr'><strong>communi</strong></span> <span class='ocrx_word' id='word_1_63' title='bbox 1630 1224 1807 1283; x_wconf 88' lang='lat' dir='ltr'>VIIII</span> <span class='ocrx_word' id='word_1_64' title='bbox 1858 1224 1972 1284; x_wconf 84' lang='lat' dir='ltr'><strong>kal.</strong></span> <span class='ocrx_word' id='word_1_65' title='bbox 2004 1227 2151 1299; x_wconf 79' lang='lat' dir='ltr'><strong>Apr.</strong></span> <span class='ocrx_word' id='word_1_66' title='bbox 2204 1227 2451 1285; x_wconf 77' lang='lat' dir='ltr'><strong>secunda.</strong></span> <span class='ocrx_word' id='word_1_67' title='bbox 2498 1224 2666 1299; x_wconf 87' lang='lat' dir='ltr'><strong>feria,</strong></span> <span class='ocrx_word' id='word_1_68' title='bbox 2718 1229 2879 1286; x_wconf 84' lang='lat' dir='ltr'><strong>sexto</strong></span> 
     </span>
    </p>

    <p class='ocr_par' dir='ltr' id='par_1_3' title="bbox 540 1319 2880 1610">
     <span class='ocr_line' id='line_1_8' title="bbox 540 1319 2880 1404; baseline 0.001 -17"><span class='ocrx_word' id='word_1_69' title='bbox 540 1384 548 1394; x_wconf 88' lang='grc'><em>,</em></span> <span class='ocrx_word' id='word_1_70' title='bbox 621 1328 838 1389; x_wconf 89' lang='lat' dir='ltr'><strong>decimo</strong></span> <span class='ocrx_word' id='word_1_71' title='bbox 878 1344 1024 1388; x_wconf 86' lang='lat' dir='ltr'><strong>anno</strong></span> <span class='ocrx_word' id='word_1_72' title='bbox 1075 1325 1230 1387; x_wconf 77' lang='lat' dir='ltr'><strong>facto</strong></span> <span class='ocrx_word' id='word_1_73' title='bbox 1279 1328 1609 1388; x_wconf 87' lang='lat' dir='ltr'><strong>embolismo</strong></span> <span class='ocrx_word' id='word_1_74' title='bbox 1642 1329 1877 1388; x_wconf 80' lang='lat' dir='ltr'><strong>inuenta</strong></span> <span class='ocrx_word' id='word_1_75' title='bbox 1904 1332 1995 1388; x_wconf 87' lang='lat' dir='ltr'><strong>est</strong></span> <span class='ocrx_word' id='word_1_76' title='bbox 2018 1319 2229 1388; x_wconf 67' lang='lat' dir='ltr'><strong>&#39;iterum</strong></span> <span class='ocrx_word' id='word_1_77' title='bbox 2257 1329 2334 1388; x_wconf 74' lang='lat' dir='ltr'><strong>ad</strong></span> <span class='ocrx_word' id='word_1_78' title='bbox 2362 1332 2551 1404; x_wconf 88' lang='lat' dir='ltr'><strong>caput,</strong></span> <span class='ocrx_word' id='word_1_79' title='bbox 2605 1329 2667 1389; x_wconf 89' lang='lat' dir='ltr'><strong>id</strong></span> <span class='ocrx_word' id='word_1_80' title='bbox 2696 1332 2787 1389; x_wconf 87' lang='lat' dir='ltr'><strong>est</strong></span> <span class='ocrx_word' id='word_1_81' title='bbox 2816 1330 2880 1389; x_wconf 89' lang='lat' dir='ltr'><strong>in</strong></span> 
     </span>
     <span class='ocr_line' id='line_1_9' title="bbox 618 1430 2880 1507; baseline 0.002 -18"><span class='ocrx_word' id='word_1_82' title='bbox 618 1431 802 1506; x_wconf 88' lang='lat' dir='ltr'><strong>primo</strong></span> <span class='ocrx_word' id='word_1_83' title='bbox 856 1448 1025 1490; x_wconf 90' lang='lat' dir='ltr'><strong>uersu</strong></span> <span class='ocrx_word' id='word_1_84' title='bbox 1073 1430 1212 1490; x_wconf 81' lang='lat' dir='ltr'><strong>luna</strong></span> <span class='ocrx_word' id='word_1_85' title='bbox 1238 1430 1415 1489; x_wconf 85' lang='lat' dir='ltr'>XIIII</span> <span class='ocrx_word' id='word_1_86' title='bbox 1443 1434 1506 1490; x_wconf 84' lang='lat' dir='ltr'><strong>et</strong></span> <span class='ocrx_word' id='word_1_87' title='bbox 1535 1432 1723 1507; x_wconf 84' lang='lat' dir='ltr'><strong>prima</strong></span> <span class='ocrx_word' id='word_1_88' title='bbox 1770 1431 1916 1491; x_wconf 82' lang='lat' dir='ltr'><strong>feria</strong></span> <span class='ocrx_word' id='word_1_89' title='bbox 1966 1431 2153 1507; x_wconf 85' lang='lat' dir='ltr'><strong>pridie</strong></span> <span class='ocrx_word' id='word_1_90' title='bbox 2181 1432 2262 1491; x_wconf 88' lang='lat' dir='ltr'><strong>id.</strong></span> <span class='ocrx_word' id='word_1_91' title='bbox 2306 1433 2520 1506; x_wconf 67' lang='lat' dir='ltr'><strong>April„</strong></span> <span class='ocrx_word' id='word_1_92' title='bbox 2552 1434 2613 1492; x_wconf 87' lang='lat' dir='ltr'><strong>in</strong></span> <span class='ocrx_word' id='word_1_93' title='bbox 2644 1450 2755 1507; x_wconf 88' lang='lat' dir='ltr'><strong>quo</strong></span> <span class='ocrx_word' id='word_1_94' title='bbox 2786 1432 2880 1493; x_wconf 88' lang='lat' dir='ltr'><strong>die</strong></span> 
     </span>
     <span class='ocr_line' id='line_1_10' title="bbox 621 1534 2439 1610; baseline 0 -15"><span class='ocrx_word' id='word_1_95' title='bbox 621 1534 866 1595; x_wconf 84' lang='lat' dir='ltr'><strong>diximus</strong></span> <span class='ocrx_word' id='word_1_96' title='bbox 897 1534 1140 1595; x_wconf 84' lang='lat' dir='ltr'><strong>Iudaeos</strong></span> <span class='ocrx_word' id='word_1_97' title='bbox 1168 1534 1230 1593; x_wconf 87' lang='lat' dir='ltr'><strong>in</strong></span> <span class='ocrx_word' id='word_1_98' title='bbox 1262 1536 1526 1610; x_wconf 78' lang='lat' dir='ltr'><strong>Aegypte</strong></span> <span class='ocrx_word' id='word_1_99' title='bbox 1556 1535 1799 1610; x_wconf 87' lang='lat' dir='ltr'><strong>primum</strong></span> <span class='ocrx_word' id='word_1_100' title='bbox 1832 1534 2166 1596; x_wconf 88' lang='lat' dir='ltr'><strong>obseruasse</strong></span> <span class='ocrx_word' id='word_1_101' title='bbox 2196 1536 2439 1595; x_wconf 83' lang='lat' dir='ltr'><strong>Pascha.</strong></span> 
     </span>
    </p>

    <p class='ocr_par' dir='ltr' id='par_1_4' title="bbox 562 1636 2947 2753">
     <span class='ocr_line' id='line_1_11' title="bbox 562 1636 2947 1715; baseline 0.002 -18"><span class='ocrx_word' id='word_1_102' title='bbox 562 1638 599 1697; x_wconf 84' lang='lat'>9</span> <span class='ocrx_word' id='word_1_103' title='bbox 706 1638 868 1699; x_wconf 84' lang='lat' dir='ltr'><strong>Vnde</strong></span> <span class='ocrx_word' id='word_1_104' title='bbox 897 1652 1080 1713; x_wconf 86' lang='lat' dir='ltr'><strong>usque</strong></span> <span class='ocrx_word' id='word_1_105' title='bbox 1108 1636 1182 1697; x_wconf 82' lang='lat' dir='ltr'><strong>sd</strong></span> <span class='ocrx_word' id='word_1_106' title='bbox 1211 1638 1402 1697; x_wconf 88' lang='lat' dir='ltr'><strong>Iesum</strong></span> <span class='ocrx_word' id='word_1_107' title='bbox 1447 1638 1628 1699; x_wconf 87' lang='lat' dir='ltr'><strong>filium</strong></span> <span class='ocrx_word' id='word_1_108' title='bbox 1656 1638 1823 1699; x_wconf 78' lang='lat' dir='ltr'><strong>Naue</strong></span> <span class='ocrx_word' id='word_1_109' title='bbox 1852 1640 2018 1699; x_wconf 86' lang='lat' dir='ltr'><strong>annis</strong></span> <span class='ocrx_word' id='word_1_110' title='bbox 2048 1638 2178 1697; x_wconf 85' lang='lat' dir='ltr'><strong>XLI</strong></span> <span class='ocrx_word' id='word_1_111' title='bbox 2220 1638 2508 1715; x_wconf 79' lang='lat' dir='ltr'><strong>suppletis</strong></span> <span class='ocrx_word' id='word_1_112' title='bbox 2542 1639 2873 1699; x_wconf 84' lang='lat' dir='ltr'><strong>immolaue-</strong></span> <span class='ocrx_word' id='word_1_113' title='bbox 2896 1662 2947 1702; x_wconf 83' lang='grc' dir='ltr'><strong>ιο</strong></span> 
     </span>
     <span class='ocr_line' id='line_1_12' title="bbox 622 1742 2878 1818; baseline 0 -15"><span class='ocrx_word' id='word_1_114' title='bbox 622 1746 756 1803; x_wconf 87' lang='lat' dir='ltr'><strong>runt</strong></span> <span class='ocrx_word' id='word_1_115' title='bbox 785 1742 893 1801; x_wconf 87' lang='lat' dir='ltr'><strong>filii</strong></span> <span class='ocrx_word' id='word_1_116' title='bbox 923 1743 1102 1803; x_wconf 76' lang='lat' dir='ltr'><strong>Israel</strong></span> <span class='ocrx_word' id='word_1_117' title='bbox 1133 1742 1362 1803; x_wconf 75' lang='lat' dir='ltr'><strong>Pascha</strong></span> <span class='ocrx_word' id='word_1_118' title='bbox 1387 1742 1503 1803; x_wconf 82' lang='lat' dir='ltr'><strong>kal.</strong></span> <span class='ocrx_word' id='word_1_119' title='bbox 1536 1746 1677 1818; x_wconf 80' lang='lat' dir='ltr'><strong>Apr.</strong></span> <span class='ocrx_word' id='word_1_120' title='bbox 1736 1742 1996 1805; x_wconf 73' lang='lat' dir='ltr'><strong>sabbato.</strong></span> <span class='ocrx_word' id='word_1_121' title='bbox 2048 1742 2325 1803; x_wconf 78' lang='lat' dir='ltr'><strong>Ezechias</strong></span> <span class='ocrx_word' id='word_1_122' title='bbox 2354 1746 2545 1804; x_wconf 81' lang='lat' dir='ltr'><strong>autem</strong></span> <span class='ocrx_word' id='word_1_123' title='bbox 2587 1745 2663 1806; x_wconf 85' lang='lat' dir='ltr'><strong>ab</strong></span> <span class='ocrx_word' id='word_1_124' title='bbox 2708 1744 2878 1803; x_wconf 65' lang='lat' dir='ltr'><strong>«citu</strong></span> 
     </span>
     <span class='ocr_line' id='line_1_13' title="bbox 619 1846 2875 1923; baseline 0.001 -18"><span class='ocrx_word' id='word_1_125' title='bbox 619 1864 694 1905; x_wconf 62' lang='lat' dir='ltr'><strong><em>a</em></strong></span> <span class='ocrx_word' id='word_1_126' title='bbox 715 1848 979 1922; x_wconf 76' lang='lat' dir='ltr'><strong>Aegypto</strong></span> <span class='ocrx_word' id='word_1_127' title='bbox 1001 1864 1184 1921; x_wconf 88' lang='lat' dir='ltr'><strong>usque</strong></span> <span class='ocrx_word' id='word_1_128' title='bbox 1205 1846 1280 1907; x_wconf 80' lang='lat' dir='ltr'><strong>ad</strong></span> <span class='ocrx_word' id='word_1_129' title='bbox 1304 1847 1556 1922; x_wconf 88' lang='lat' dir='ltr'><strong>primum</strong></span> <span class='ocrx_word' id='word_1_130' title='bbox 1580 1865 1793 1907; x_wconf 84' lang='lat' dir='ltr'><strong>annum</strong></span> <span class='ocrx_word' id='word_1_131' title='bbox 1814 1846 1979 1923; x_wconf 85' lang='lat' dir='ltr'><strong>regui</strong></span> <span class='ocrx_word' id='word_1_132' title='bbox 2002 1847 2092 1907; x_wconf 90' lang='lat' dir='ltr'><strong>sui</strong></span> <span class='ocrx_word' id='word_1_133' title='bbox 2114 1850 2247 1921; x_wconf 88' lang='lat' dir='ltr'><strong>post</strong></span> <span class='ocrx_word' id='word_1_134' title='bbox 2266 1864 2446 1907; x_wconf 84' lang='lat' dir='ltr'><strong>annos</strong></span> <span class='ocrx_word' id='word_1_135' title='bbox 2470 1846 2875 1909; x_wconf 81' lang='lat' dir='ltr'>DCCCLXVII</span> 
     </span>
     <span class='ocr_line' id='line_1_14' title="bbox 620 1950 2875 2027; baseline 0.001 -17"><span class='ocrx_word' id='word_1_136' title='bbox 620 1950 933 2010; x_wconf 88' lang='lat' dir='ltr'><strong>celebrauit</strong></span> <span class='ocrx_word' id='word_1_137' title='bbox 961 1950 1188 2011; x_wconf 82' lang='lat' dir='ltr'><strong>Pascha</strong></span> <span class='ocrx_word' id='word_1_138' title='bbox 1217 1951 1298 2009; x_wconf 89' lang='lat' dir='ltr'>VI</span> <span class='ocrx_word' id='word_1_139' title='bbox 1327 1952 1406 2012; x_wconf 86' lang='lat' dir='ltr'><strong>id.</strong></span> <span class='ocrx_word' id='word_1_140' title='bbox 1438 1952 1578 2027; x_wconf 87' lang='lat' dir='ltr'><strong>Apr.</strong></span> <span class='ocrx_word' id='word_1_141' title='bbox 1626 1952 1749 2010; x_wconf 83' lang='lat'>[111</span> <span class='ocrx_word' id='word_1_142' title='bbox 1797 1951 1958 2012; x_wconf 85' lang='lat' dir='ltr'><strong>feria.</strong></span> <span class='ocrx_word' id='word_1_143' title='bbox 2008 1951 2151 2016; x_wconf 83' lang='lat' dir='ltr'><strong>item</strong></span> <span class='ocrx_word' id='word_1_144' title='bbox 2194 1952 2377 2012; x_wconf 83' lang='lat' dir='ltr'><strong>Iosias</strong></span> <span class='ocrx_word' id='word_1_145' title='bbox 2420 1952 2875 2013; x_wconf 84' lang='lat' dir='ltr'><strong>duodeuicesimo</strong></span> 
     </span>
     <span class='ocr_line' id='line_1_15' title="bbox 619 2052 2872 2129; baseline 0 -16"><span class='ocrx_word' id='word_1_146' title='bbox 619 2070 766 2113; x_wconf 78' lang='lat' dir='ltr'><strong>anno</strong></span> <span class='ocrx_word' id='word_1_147' title='bbox 795 2052 960 2129; x_wconf 80' lang='lat' dir='ltr'><strong>regui</strong></span> <span class='ocrx_word' id='word_1_148' title='bbox 990 2055 1080 2114; x_wconf 88' lang='lat' dir='ltr'><strong>sui</strong></span> <span class='ocrx_word' id='word_1_149' title='bbox 1111 2058 1242 2129; x_wconf 88' lang='lat' dir='ltr'><strong>post</strong></span> <span class='ocrx_word' id='word_1_150' title='bbox 1298 2072 1486 2116; x_wconf 84' lang='lat' dir='ltr'><strong>annos</strong></span> <span class='ocrx_word' id='word_1_151' title='bbox 1516 2054 1897 2113; x_wconf 80' lang='lat' dir='ltr'><strong>Dccchxx</strong></span> <span class='ocrx_word' id='word_1_152' title='bbox 1945 2054 2265 2115; x_wconf 87' lang='lat' dir='ltr'><strong>immolauit</strong></span> <span class='ocrx_word' id='word_1_153' title='bbox 2314 2056 2541 2115; x_wconf 87' lang='lat' dir='ltr'><strong>Pascha</strong></span> <span class='ocrx_word' id='word_1_154' title='bbox 2590 2054 2703 2114; x_wconf 88' lang='lat' dir='ltr'><strong>XII</strong></span> <span class='ocrx_word' id='word_1_155' title='bbox 2752 2056 2872 2115; x_wconf 77' lang='lat' dir='ltr'><strong>kal.</strong></span> 
     </span>
     <span class='ocr_line' id='line_1_16' title="bbox 618 2144 2945 2235; baseline 0.002 -18"><span class='ocrx_word' id='word_1_156' title='bbox 618 2157 842 2232; x_wconf 85' lang='lat' dir='ltr'><strong>Aprilis</strong></span> <span class='ocrx_word' id='word_1_157' title='bbox 872 2156 1014 2219; x_wconf 81' lang='lat' dir='ltr'><strong>feria</strong></span> <span class='ocrx_word' id='word_1_158' title='bbox 1043 2158 1122 2220; x_wconf 91' lang='grc' dir='ltr'><strong>Π.</strong></span> <span class='ocrx_word' id='word_1_159' title='bbox 1157 2144 1374 2219; x_wconf 82' lang='lat' dir='ltr'><strong>Esdras</strong></span> <span class='ocrx_word' id='word_1_160' title='bbox 1406 2160 1598 2218; x_wconf 86' lang='lat' dir='ltr'><strong>antem</strong></span> <span class='ocrx_word' id='word_1_161' title='bbox 1641 2174 1707 2219; x_wconf 91' lang='lat' dir='ltr'><strong>eo</strong></span> <span class='ocrx_word' id='word_1_162' title='bbox 1738 2161 1993 2233; x_wconf 85' lang='lat' dir='ltr'><strong>tempore</strong></span> <span class='ocrx_word' id='word_1_163' title='bbox 2024 2176 2137 2233; x_wconf 89' lang='lat' dir='ltr'><strong>quo</strong></span> <span class='ocrx_word' id='word_1_164' title='bbox 2161 2158 2457 2233; x_wconf 77' lang='lat' dir='ltr'><strong>suppletae</strong></span> <span class='ocrx_word' id='word_1_165' title='bbox 2487 2161 2623 2219; x_wconf 84' lang='lat' dir='ltr'><strong>suut</strong></span> <span class='ocrx_word' id='word_1_166' title='bbox 2652 2162 2873 2235; x_wconf 79' lang='lat' dir='ltr'><strong>septem</strong></span> <span class='ocrx_word' id='word_1_167' title='bbox 2897 2182 2945 2222; x_wconf 71' lang='grc' dir='ltr'><strong>ιι</strong></span> 
     </span>
     <span class='ocr_line' id='line_1_17' title="bbox 619 2262 2873 2337; baseline 0.001 -17"><span class='ocrx_word' id='word_1_168' title='bbox 619 2262 1006 2322; x_wconf 76' lang='lat' dir='ltr'><strong>hebdomadae</strong></span> <span class='ocrx_word' id='word_1_169' title='bbox 1037 2281 1074 2323; x_wconf 83' lang='lat' dir='ltr'><strong>a</strong></span> <span class='ocrx_word' id='word_1_170' title='bbox 1097 2263 1312 2337; x_wconf 88' lang='lat' dir='ltr'><strong>templo</strong></span> <span class='ocrx_word' id='word_1_171' title='bbox 1342 2262 1613 2322; x_wconf 85' lang='lat' dir='ltr'><strong>restituto</strong></span> <span class='ocrx_word' id='word_1_172' title='bbox 1642 2264 1703 2323; x_wconf 87' lang='lat' dir='ltr'><strong>et</strong></span> <span class='ocrx_word' id='word_1_173' title='bbox 1730 2262 1983 2337; x_wconf 83' lang='lat' dir='ltr'><strong>perfecto</strong></span> <span class='ocrx_word' id='word_1_174' title='bbox 2006 2266 2067 2322; x_wconf 88' lang='lat' dir='ltr'><strong>et</strong></span> <span class='ocrx_word' id='word_1_175' title='bbox 2094 2263 2367 2323; x_wconf 82' lang='lat' dir='ltr'><strong>restituta</strong></span> <span class='ocrx_word' id='word_1_176' title='bbox 2394 2262 2630 2323; x_wconf 86' lang='lat' dir='ltr'><strong>ciuitate</strong></span> <span class='ocrx_word' id='word_1_177' title='bbox 2658 2264 2873 2323; x_wconf 85' lang='lat' dir='ltr'><strong>Hieru—</strong></span> 
     </span>
     <span class='ocr_line' id='line_1_18' title="bbox 621 2364 2870 2441; baseline 0 -16"><span class='ocrx_word' id='word_1_178' title='bbox 621 2366 818 2439; x_wconf 81' lang='lat' dir='ltr'><strong>salem,</strong></span> <span class='ocrx_word' id='word_1_179' title='bbox 845 2368 978 2440; x_wconf 85' lang='lat' dir='ltr'><strong>post</strong></span> <span class='ocrx_word' id='word_1_180' title='bbox 1009 2382 1191 2426; x_wconf 74' lang='lat' dir='ltr'><strong>annos</strong></span> <span class='ocrx_word' id='word_1_181' title='bbox 1221 2369 1250 2425; x_wconf 89' lang='grc' dir='ltr'>ῑ</span> <span class='ocrx_word' id='word_1_182' title='bbox 1275 2364 1496 2431; x_wconf 82' lang='lat' dir='ltr'>CXIIII</span> <span class='ocrx_word' id='word_1_183' title='bbox 1525 2364 1873 2426; x_wconf 82' lang='lat' dir='ltr'><strong>sacrificauit</strong></span> <span class='ocrx_word' id='word_1_184' title='bbox 1900 2366 2125 2427; x_wconf 85' lang='lat' dir='ltr'><strong>Pascha</strong></span> <span class='ocrx_word' id='word_1_185' title='bbox 2153 2366 2265 2425; x_wconf 90' lang='lat' dir='ltr'><strong>XII</strong></span> <span class='ocrx_word' id='word_1_186' title='bbox 2294 2366 2410 2427; x_wconf 82' lang='lat' dir='ltr'><strong>kal.</strong></span> <span class='ocrx_word' id='word_1_187' title='bbox 2441 2367 2582 2441; x_wconf 88' lang='lat' dir='ltr'><strong>Apr.</strong></span> <span class='ocrx_word' id='word_1_188' title='bbox 2610 2367 2870 2428; x_wconf 78' lang='lat' dir='ltr'><strong>sabbato.</strong></span> 
     </span>
     <span class='ocr_line' id='line_1_19' title="bbox 620 2468 2873 2545; baseline -0 -16"><span class='ocrx_word' id='word_1_189' title='bbox 620 2469 721 2529; x_wconf 88' lang='lat' dir='ltr'><strong>sed</strong></span> <span class='ocrx_word' id='word_1_190' title='bbox 752 2472 810 2530; x_wconf 88' lang='lat' dir='ltr'><strong>et</strong></span> <span class='ocrx_word' id='word_1_191' title='bbox 839 2469 964 2545; x_wconf 87' lang='lat' dir='ltr'><strong>ipse</strong></span> <span class='ocrx_word' id='word_1_192' title='bbox 995 2469 1158 2530; x_wconf 90' lang='lat' dir='ltr'><strong>Iesus</strong></span> <span class='ocrx_word' id='word_1_193' title='bbox 1187 2468 1449 2529; x_wconf 85' lang='lat' dir='ltr'><strong>dominus</strong></span> <span class='ocrx_word' id='word_1_194' title='bbox 1479 2472 1540 2529; x_wconf 86' lang='lat' dir='ltr'><strong>et</strong></span> <span class='ocrx_word' id='word_1_195' title='bbox 1567 2468 1823 2529; x_wconf 75' lang='lat' dir='ltr'><strong>saluatur</strong></span> <span class='ocrx_word' id='word_1_196' title='bbox 1852 2472 2045 2529; x_wconf 86' lang='lat' dir='ltr'><strong>nester</strong></span> <span class='ocrx_word' id='word_1_197' title='bbox 2072 2474 2207 2544; x_wconf 86' lang='lat' dir='ltr'><strong>post</strong></span> <span class='ocrx_word' id='word_1_198' title='bbox 2235 2487 2415 2530; x_wconf 85' lang='lat' dir='ltr'><strong>annos</strong></span> <span class='ocrx_word' id='word_1_199' title='bbox 2442 2474 2471 2530; x_wconf 88' lang='grc' dir='ltr'>ῑ</span> <span class='ocrx_word' id='word_1_200' title='bbox 2491 2468 2873 2529; x_wconf 77' lang='lat' dir='ltr'>DLXXVIIII</span> 
     </span>
     <span class='ocr_line' id='line_1_20' title="bbox 615 2572 2873 2650; baseline -0.001 -15"><span class='ocrx_word' id='word_1_201' title='bbox 615 2593 744 2635; x_wconf 89' lang='lat' dir='ltr'><strong>cum</strong></span> <span class='ocrx_word' id='word_1_202' title='bbox 776 2574 1125 2636; x_wconf 82' lang='lat' dir='ltr'><strong>discentibus</strong></span> <span class='ocrx_word' id='word_1_203' title='bbox 1173 2572 1296 2634; x_wconf 88' lang='lat' dir='ltr'><strong>suis</strong></span> <span class='ocrx_word' id='word_1_204' title='bbox 1340 2573 1713 2634; x_wconf 84' lang='lat' dir='ltr'><strong>manducauit</strong></span> <span class='ocrx_word' id='word_1_205' title='bbox 1740 2574 1964 2634; x_wconf 79' lang='lat' dir='ltr'><strong>Pascha</strong></span> <span class='ocrx_word' id='word_1_206' title='bbox 2006 2572 2090 2633; x_wconf 90' lang='lat' dir='ltr'>VI</span> <span class='ocrx_word' id='word_1_207' title='bbox 2119 2572 2197 2633; x_wconf 91' lang='lat' dir='ltr'><strong>id.</strong></span> <span class='ocrx_word' id='word_1_208' title='bbox 2237 2574 2422 2650; x_wconf 82' lang='lat' dir='ltr'><strong>April.</strong></span> <span class='ocrx_word' id='word_1_209' title='bbox 2478 2573 2531 2632; x_wconf 87' lang='lat' dir='ltr'><strong>V</strong></span> <span class='ocrx_word' id='word_1_210' title='bbox 2582 2572 2757 2634; x_wconf 77' lang='lat' dir='ltr'><strong>feria.</strong></span> <span class='ocrx_word' id='word_1_211' title='bbox 2813 2577 2873 2633; x_wconf 90' lang='lat' dir='ltr'><strong>et</strong></span> 
     </span>
     <span class='ocr_line' id='line_1_21' title="bbox 613 2675 2941 2753; baseline 0 -15"><span class='ocrx_word' id='word_1_212' title='bbox 613 2696 818 2753; x_wconf 75' lang='lat' dir='ltr'><strong>passus</strong></span> <span class='ocrx_word' id='word_1_213' title='bbox 850 2680 940 2738; x_wconf 87' lang='lat' dir='ltr'><strong>est</strong></span> <span class='ocrx_word' id='word_1_214' title='bbox 968 2677 1153 2739; x_wconf 76' lang='lat' dir='ltr'><strong>altera</strong></span> <span class='ocrx_word' id='word_1_215' title='bbox 1181 2677 1274 2737; x_wconf 90' lang='lat' dir='ltr'><strong>die</strong></span> <span class='ocrx_word' id='word_1_216' title='bbox 1304 2675 1357 2737; x_wconf 88' lang='lat' dir='ltr'><strong>V</strong></span> <span class='ocrx_word' id='word_1_217' title='bbox 1385 2677 1466 2739; x_wconf 88' lang='lat' dir='ltr'><strong>id.</strong></span> <span class='ocrx_word' id='word_1_218' title='bbox 1496 2677 1684 2752; x_wconf 87' lang='lat' dir='ltr'><strong>April.</strong></span> <span class='ocrx_word' id='word_1_219' title='bbox 1717 2677 1820 2739; x_wconf 89' lang='lat' dir='ltr'>VI.</span> <span class='ocrx_word' id='word_1_220' title='bbox 1851 2677 2014 2739; x_wconf 87' lang='lat' dir='ltr'><strong>feria.</strong></span> <span class='ocrx_word' id='word_1_221' title='bbox 2886 2703 2941 2744; x_wconf 66' lang='grc' dir='ltr'><strong>,ο</strong></span> 
     </span>
    </p>

    <p class='ocr_par' dir='ltr' id='par_1_5' title="bbox 516 2780 2871 3064">
     <span class='ocr_line' id='line_1_22' title="bbox 516 2780 2871 2854; baseline -0 -11"><span class='ocrx_word' id='word_1_222' title='bbox 516 2785 596 2845; x_wconf 94' lang='grc'><strong>10</strong></span> <span class='ocrx_word' id='word_1_223' title='bbox 699 2781 809 2841; x_wconf 91' lang='lat' dir='ltr'><strong>Hic</strong></span> <span class='ocrx_word' id='word_1_224' title='bbox 839 2783 928 2841; x_wconf 86' lang='lat' dir='ltr'><strong>est</strong></span> <span class='ocrx_word' id='word_1_225' title='bbox 951 2780 1212 2841; x_wconf 84' lang='lat' dir='ltr'><strong>Christus</strong></span> <span class='ocrx_word' id='word_1_226' title='bbox 1247 2781 1413 2840; x_wconf 90' lang='lat' dir='ltr'><strong>Iesus</strong></span> <span class='ocrx_word' id='word_1_227' title='bbox 1439 2783 1538 2854; x_wconf 90' lang='lat' dir='ltr'><strong>qui</strong></span> <span class='ocrx_word' id='word_1_228' title='bbox 1568 2782 1877 2841; x_wconf 88' lang='lat' dir='ltr'><strong>secuudum</strong></span> <span class='ocrx_word' id='word_1_229' title='bbox 1908 2798 2135 2842; x_wconf 86' lang='lat' dir='ltr'><strong>carnem</strong></span> <span class='ocrx_word' id='word_1_230' title='bbox 2163 2781 2434 2842; x_wconf 81' lang='lat' dir='ltr'><strong>Abrahae</strong></span> <span class='ocrx_word' id='word_1_231' title='bbox 2479 2780 2592 2842; x_wconf 81' lang='lat' dir='ltr'><strong>fuit</strong></span> <span class='ocrx_word' id='word_1_232' title='bbox 2622 2783 2824 2842; x_wconf 90' lang='lat' dir='ltr'><strong>filius</strong></span> <span class='ocrx_word' id='word_1_233' title='bbox 2808 2801 2871 2841; x_wconf 88' lang='lat' dir='ltr'><strong>m</strong></span> 
     </span>
     <span class='ocr_line' id='line_1_23' title="bbox 616 2883 2863 2960; baseline -0.001 -14"><span class='ocrx_word' id='word_1_234' title='bbox 616 2885 776 2946; x_wconf 89' lang='lat' dir='ltr'><strong>cuius</strong></span> <span class='ocrx_word' id='word_1_235' title='bbox 805 2883 1076 2960; x_wconf 88' lang='lat' dir='ltr'><strong>mysterio</strong></span> <span class='ocrx_word' id='word_1_236' title='bbox 1111 2884 1443 2945; x_wconf 78' lang='lat' dir='ltr'><strong>centenario</strong></span> <span class='ocrx_word' id='word_1_237' title='bbox 1473 2886 1629 2959; x_wconf 81' lang='lat' dir='ltr'><strong>patri</strong></span> <span class='ocrx_word' id='word_1_238' title='bbox 1656 2888 1829 2945; x_wconf 84' lang='lat' dir='ltr'><strong>natus</strong></span> <span class='ocrx_word' id='word_1_239' title='bbox 1858 2885 2023 2944; x_wconf 79' lang='lat' dir='ltr'><strong>Isaac</strong></span> <span class='ocrx_word' id='word_1_240' title='bbox 2069 2901 2239 2959; x_wconf 88' lang='lat' dir='ltr'><strong>super</strong></span> <span class='ocrx_word' id='word_1_241' title='bbox 2268 2885 2536 2946; x_wconf 88' lang='lat' dir='ltr'><strong>humeros</strong></span> <span class='ocrx_word' id='word_1_242' title='bbox 2567 2903 2701 2947; x_wconf 90' lang='lat' dir='ltr'><strong>suos</strong></span> <span class='ocrx_word' id='word_1_243' title='bbox 2730 2903 2863 2959; x_wconf 88' lang='lat' dir='ltr'><strong>por-</strong></span> 
     </span>
     <span class='ocr_line' id='line_1_24' title="bbox 621 2985 2859 3064; baseline 0.001 -18"><span class='ocrx_word' id='word_1_244' title='bbox 621 2987 769 3046; x_wconf 83' lang='lat' dir='ltr'><strong>tauit</strong></span> <span class='ocrx_word' id='word_1_245' title='bbox 799 2985 1050 3061; x_wconf 81' lang='lat' dir='ltr'><strong>lignum:</strong></span> <span class='ocrx_word' id='word_1_246' title='bbox 1104 2989 1170 3046; x_wconf 91' lang='lat' dir='ltr'><strong>ut</strong></span> <span class='ocrx_word' id='word_1_247' title='bbox 1217 3003 1287 3046; x_wconf 86' lang='lat' dir='ltr'><strong>ex</strong></span> <span class='ocrx_word' id='word_1_248' title='bbox 1338 3003 1404 3047; x_wconf 87' lang='lat' dir='ltr'><strong>eo</strong></span> <span class='ocrx_word' id='word_1_249' title='bbox 1456 2989 1940 3048; x_wconf 77' lang='lat' dir='ltr'><strong>demonstraretur</strong></span> <span class='ocrx_word' id='word_1_250' title='bbox 1982 2990 2041 3048; x_wconf 88' lang='lat' dir='ltr'><strong>et</strong></span> <span class='ocrx_word' id='word_1_251' title='bbox 2070 2987 2429 3048; x_wconf 77' lang='lat' dir='ltr'><strong>aduersarios</strong></span> <span class='ocrx_word' id='word_1_252' title='bbox 2460 2987 2770 3064; x_wconf 84' lang='lat' dir='ltr'><strong>expugnari</strong></span> <span class='ocrx_word' id='word_1_253' title='bbox 2801 2993 2859 3048; x_wconf 85' lang='lat' dir='ltr'><strong>et</strong></span> 
     </span>
    </p>
   </div>
   <div class='ocr_carea' id='block_1_3' title="bbox 604 3344 2885 4540">
    <p class='ocr_par' dir='ltr' id='par_1_6' title="bbox 604 3344 2885 4540">
     <span class='ocr_line' id='line_1_25' title="bbox 751 3344 2885 3422; baseline 0 -22"><span class='ocrx_word' id='word_1_254' title='bbox 751 3347 782 3400; x_wconf 89' lang='lat'><strong>1</strong></span> <span class='ocrx_word' id='word_1_255' title='bbox 819 3345 1019 3402; x_wconf 88' lang='lat' dir='ltr'><strong>decimo</strong></span> <span class='ocrx_word' id='word_1_256' title='bbox 1054 3345 1210 3416; x_wconf 85' lang='lat' dir='ltr'><strong>anno]</strong></span> <span class='ocrx_word' id='word_1_257' title='bbox 1251 3345 1457 3400; x_wconf 89' lang='lat' dir='ltr'><strong>decimo</strong></span> <span class='ocrx_word' id='word_1_258' title='bbox 1493 3347 1525 3401; x_wconf 81' lang='lat' dir='ltr'><strong>b</strong></span> <span class='ocrx_word' id='word_1_259' title='bbox 1754 3345 1789 3400; x_wconf 83' lang='lat'><strong>2</strong></span> <span class='ocrx_word' id='word_1_260' title='bbox 1824 3345 2113 3400; x_wconf 78' lang='lat' dir='ltr'><strong>bissextum</strong></span> <span class='ocrx_word' id='word_1_261' title='bbox 2146 3345 2211 3400; x_wconf 82' lang='lat' dir='ltr'><strong>bc</strong></span> <span class='ocrx_word' id='word_1_262' title='bbox 2424 3344 2736 3399; x_wconf 87' lang='lat' dir='ltr'><strong>embolismo</strong></span> <span class='ocrx_word' id='word_1_263' title='bbox 2772 3361 2801 3400; x_wconf 92' lang='lat' dir='ltr'><strong>c</strong></span> <span class='ocrx_word' id='word_1_264' title='bbox 2876 3411 2885 3422; x_wconf 60' lang='lat'>„</span> 
     </span>
     <span class='ocr_line' id='line_1_26' title="bbox 610 3429 2799 3503; baseline -0.002 -15"><span class='ocrx_word' id='word_1_265' title='bbox 610 3433 645 3488; x_wconf 88' lang='lat'><strong>3</strong></span> <span class='ocrx_word' id='word_1_266' title='bbox 680 3431 892 3503; x_wconf 79' lang='lat' dir='ltr'><strong>quinta]</strong></span> <span class='ocrx_word' id='word_1_267' title='bbox 926 3431 1043 3486; x_wconf 87' lang='lat'>1111</span> <span class='ocrx_word' id='word_1_268' title='bbox 1075 3449 1107 3488; x_wconf 92' lang='lat' dir='ltr'><strong>c</strong></span> <span class='ocrx_word' id='word_1_269' title='bbox 1359 3433 1606 3501; x_wconf 85' lang='lat' dir='ltr'><strong>quintam</strong></span> <span class='ocrx_word' id='word_1_270' title='bbox 1640 3432 1715 3487; x_wconf 86' lang='lat' dir='ltr'><strong>kl.</strong></span> <span class='ocrx_word' id='word_1_271' title='bbox 1751 3433 1783 3487; x_wconf 88' lang='lat' dir='ltr'><strong>b</strong></span> <span class='ocrx_word' id='word_1_272' title='bbox 2030 3432 2067 3486; x_wconf 83' lang='lat'>4</span> <span class='ocrx_word' id='word_1_273' title='bbox 2099 3431 2265 3486; x_wconf 81' lang='lat' dir='ltr'><strong>tertio</strong></span> <span class='ocrx_word' id='word_1_274' title='bbox 2299 3431 2525 3501; x_wconf 89' lang='lat' dir='ltr'><strong>decimo]</strong></span> <span class='ocrx_word' id='word_1_275' title='bbox 2561 3429 2731 3485; x_wconf 83' lang='lat' dir='ltr'>XIIII</span> <span class='ocrx_word' id='word_1_276' title='bbox 2765 3430 2799 3484; x_wconf 82' lang='lat' dir='ltr'><strong>b</strong></span> 
     </span>
     <span class='ocr_line' id='line_1_27' title="bbox 609 3517 2800 3589; baseline -0.001 -15"><span class='ocrx_word' id='word_1_277' title='bbox 609 3519 754 3589; x_wconf 85' lang='lat' dir='ltr'><strong>XVI]</strong></span> <span class='ocrx_word' id='word_1_278' title='bbox 791 3518 929 3574; x_wconf 88' lang='lat' dir='ltr'>XIII</span> <span class='ocrx_word' id='word_1_279' title='bbox 964 3520 996 3574; x_wconf 84' lang='lat' dir='ltr'><strong><em>b</em></strong></span> <span class='ocrx_word' id='word_1_280' title='bbox 1201 3518 1340 3574; x_wconf 83' lang='lat' dir='ltr'><strong>feria</strong></span> <span class='ocrx_word' id='word_1_281' title='bbox 1377 3521 1525 3574; x_wconf 85' lang='lat' dir='ltr'><strong>sexta</strong></span> <span class='ocrx_word' id='word_1_282' title='bbox 1562 3520 1594 3574; x_wconf 84' lang='lat' dir='ltr'><strong><em>b</em></strong></span> <span class='ocrx_word' id='word_1_283' title='bbox 1801 3519 1836 3574; x_wconf 84' lang='lat'>5</span> <span class='ocrx_word' id='word_1_284' title='bbox 1870 3534 2008 3573; x_wconf 86' lang='lat' dir='ltr'><strong>anno</strong></span> <span class='ocrx_word' id='word_1_285' title='bbox 2042 3533 2141 3574; x_wconf 82' lang='lat' dir='ltr'><strong>om.</strong></span> <span class='ocrx_word' id='word_1_286' title='bbox 2182 3519 2214 3572; x_wconf 86' lang='lat' dir='ltr'><strong>b</strong></span> <span class='ocrx_word' id='word_1_287' title='bbox 2422 3517 2736 3573; x_wconf 87' lang='lat' dir='ltr'><strong>embolismo</strong></span> <span class='ocrx_word' id='word_1_288' title='bbox 2770 3531 2800 3572; x_wconf 92' lang='lat' dir='ltr'><strong>c</strong></span> 
     </span>
     <span class='ocr_line' id='line_1_28' title="bbox 611 3603 2861 3676; baseline -0.001 -16"><span class='ocrx_word' id='word_1_289' title='bbox 611 3608 798 3675; x_wconf 88' lang='lat' dir='ltr'><strong>quinto</strong></span> <span class='ocrx_word' id='word_1_290' title='bbox 833 3606 1057 3676; x_wconf 87' lang='lat' dir='ltr'><strong>decimo]</strong></span> <span class='ocrx_word' id='word_1_291' title='bbox 1093 3604 1203 3660; x_wconf 87' lang='lat' dir='ltr'><strong>XII</strong></span> <span class='ocrx_word' id='word_1_292' title='bbox 1243 3606 1274 3661; x_wconf 84' lang='lat' dir='ltr'><strong>b</strong></span> <span class='ocrx_word' id='word_1_293' title='bbox 1387 3639 1396 3649; x_wconf 89' lang='lat'><strong>·</strong></span> <span class='ocrx_word' id='word_1_294' title='bbox 1690 3607 1725 3660; x_wconf 85' lang='grc'><strong>6</strong></span> <span class='ocrx_word' id='word_1_295' title='bbox 1758 3605 1844 3662; x_wconf 90' lang='lat' dir='ltr'><strong>bis</strong></span> <span class='ocrx_word' id='word_1_296' title='bbox 1880 3608 2088 3659; x_wconf 84' lang='lat' dir='ltr'><strong>sextum</strong></span> <span class='ocrx_word' id='word_1_297' title='bbox 2133 3619 2334 3659; x_wconf 90' lang='lat' dir='ltr'><strong>nonum</strong></span> <span class='ocrx_word' id='word_1_298' title='bbox 2370 3604 2444 3659; x_wconf 89' lang='lat' dir='ltr'><strong>kl.</strong></span> <span class='ocrx_word' id='word_1_299' title='bbox 2482 3619 2595 3673; x_wconf 87' lang='lat' dir='ltr'><strong>apr.</strong></span> <span class='ocrx_word' id='word_1_300' title='bbox 2632 3603 2861 3658; x_wconf 85' lang='lat' dir='ltr'><strong>secunda</strong></span> 
     </span>
     <span class='ocr_line' id='line_1_29' title="bbox 609 3688 2797 3764; baseline -0.001 -18"><span class='ocrx_word' id='word_1_301' title='bbox 609 3688 746 3747; x_wconf 83' lang='lat' dir='ltr'><strong>feria</strong></span> <span class='ocrx_word' id='word_1_302' title='bbox 781 3693 814 3748; x_wconf 83' lang='lat' dir='ltr'><strong>b</strong></span> <span class='ocrx_word' id='word_1_303' title='bbox 1097 3691 1130 3746; x_wconf 78' lang='lat'>7</span> <span class='ocrx_word' id='word_1_304' title='bbox 1165 3693 1382 3764; x_wconf 86' lang='lat' dir='ltr'><strong>iterum]</strong></span> <span class='ocrx_word' id='word_1_305' title='bbox 1419 3691 1592 3763; x_wconf 75' lang='lat' dir='ltr'><strong>igitur</strong></span> <span class='ocrx_word' id='word_1_306' title='bbox 1625 3708 1656 3747; x_wconf 91' lang='lat' dir='ltr'><strong>c</strong></span> <span class='ocrx_word' id='word_1_307' title='bbox 1892 3693 1929 3748; x_wconf 90' lang='grc'>8</span> <span class='ocrx_word' id='word_1_308' title='bbox 1963 3691 2119 3746; x_wconf 89' lang='lat' dir='ltr'><strong>XVII</strong></span> <span class='ocrx_word' id='word_1_309' title='bbox 2154 3695 2212 3746; x_wconf 86' lang='lat' dir='ltr'><strong>et</strong></span> <span class='ocrx_word' id='word_1_310' title='bbox 2244 3689 2391 3746; x_wconf 82' lang='lat' dir='ltr'><strong>infra</strong></span> <span class='ocrx_word' id='word_1_311' title='bbox 2414 3691 2474 3745; x_wconf 95' lang='lat' dir='ltr'><strong>II</strong></span> <span class='ocrx_word' id='word_1_312' title='bbox 2498 3689 2555 3745; x_wconf 90' lang='lat' dir='ltr'><strong>id</strong></span> <span class='ocrx_word' id='word_1_313' title='bbox 2590 3690 2733 3760; x_wconf 84' lang='lat' dir='ltr'><strong>april</strong></span> <span class='ocrx_word' id='word_1_314' title='bbox 2766 3705 2797 3744; x_wconf 88' lang='lat' dir='ltr'><strong>c</strong></span> 
     </span>
     <span class='ocr_line' id='line_1_30' title="bbox 607 3777 2857 3850; baseline -0.002 -17"><span class='ocrx_word' id='word_1_315' title='bbox 607 3779 640 3833; x_wconf 88' lang='grc'>9</span> <span class='ocrx_word' id='word_1_316' title='bbox 676 3780 850 3850; x_wconf 88' lang='lat' dir='ltr'><strong>primo</strong></span> <span class='ocrx_word' id='word_1_317' title='bbox 885 3780 917 3834; x_wconf 83' lang='lat' dir='ltr'><strong>b</strong></span> <span class='ocrx_word' id='word_1_318' title='bbox 995 3839 1002 3846; x_wconf 59' lang='grc'><strong><em>,</em></strong></span> <span class='ocrx_word' id='word_1_319' title='bbox 1091 3781 1159 3836; x_wconf 92' lang='grc'><strong>10</strong></span> <span class='ocrx_word' id='word_1_320' title='bbox 1193 3780 1321 3834; x_wconf 90' lang='lat' dir='ltr'><strong>anni</strong></span> <span class='ocrx_word' id='word_1_321' title='bbox 1359 3778 1482 3834; x_wconf 86' lang='lat' dir='ltr'><strong>XLI</strong></span> <span class='ocrx_word' id='word_1_322' title='bbox 1519 3779 1755 3849; x_wconf 79' lang='lat' dir='ltr'><strong>suppleti</strong></span> <span class='ocrx_word' id='word_1_323' title='bbox 1790 3793 1820 3835; x_wconf 90' lang='lat' dir='ltr'><strong>c</strong></span> <span class='ocrx_word' id='word_1_324' title='bbox 2025 3778 2091 3831; x_wconf 94' lang='lat'><strong>11</strong></span> <span class='ocrx_word' id='word_1_325' title='bbox 2128 3777 2368 3834; x_wconf 76' lang='lat' dir='ltr'><strong>sabbatis</strong></span> <span class='ocrx_word' id='word_1_326' title='bbox 2405 3778 2437 3832; x_wconf 84' lang='lat' dir='ltr'><strong>b</strong></span> <span class='ocrx_word' id='word_1_327' title='bbox 2618 3777 2763 3831; x_wconf 81' lang='lat' dir='ltr'><strong>exitu</strong></span> <span class='ocrx_word' id='word_1_328' title='bbox 2797 3790 2857 3829; x_wconf 91' lang='lat' dir='ltr'><strong>ex</strong></span> 
     </span>
     <span class='ocr_line' id='line_1_31' title="bbox 607 3861 2794 3931; baseline -0.001 -11"><span class='ocrx_word' id='word_1_329' title='bbox 607 3866 732 3920; x_wconf 79' lang='lat' dir='ltr'><strong>add.</strong></span> <span class='ocrx_word' id='word_1_330' title='bbox 783 3866 868 3930; x_wconf 84' lang='lat' dir='ltr'><strong>W,</strong></span> <span class='ocrx_word' id='word_1_331' title='bbox 905 3881 1006 3921; x_wconf 88' lang='lat' dir='ltr'><strong>om.</strong></span> <span class='ocrx_word' id='word_1_332' title='bbox 1042 3866 1104 3922; x_wconf 84' lang='lat' dir='ltr'><strong>bc</strong></span> <span class='ocrx_word' id='word_1_333' title='bbox 1241 3867 1308 3922; x_wconf 88' lang='grc'><strong>12</strong></span> <span class='ocrx_word' id='word_1_334' title='bbox 1334 3865 1402 3919; x_wconf 80' lang='lat' dir='ltr'><strong>ad</strong></span> <span class='ocrx_word' id='word_1_335' title='bbox 1430 3866 1478 3929; x_wconf 84' lang='lat' dir='ltr'><strong>b,</strong></span> <span class='ocrx_word' id='word_1_336' title='bbox 1513 3865 1574 3918; x_wconf 88' lang='lat' dir='ltr'><strong>in</strong></span> <span class='ocrx_word' id='word_1_337' title='bbox 1597 3881 1663 3921; x_wconf 81' lang='lat' dir='ltr'><strong>cv</strong></span> <span class='ocrx_word' id='word_1_338' title='bbox 1798 3861 2207 3921; x_wconf 86' lang='lat' dir='ltr'>DCCCLXVIII</span> <span class='ocrx_word' id='word_1_339' title='bbox 2232 3864 2264 3918; x_wconf 85' lang='lat' dir='ltr'><strong>b</strong></span> <span class='ocrx_word' id='word_1_340' title='bbox 2402 3863 2469 3918; x_wconf 84' lang='lat'><strong>13</strong></span> <span class='ocrx_word' id='word_1_341' title='bbox 2492 3861 2741 3931; x_wconf 75' lang='lat' dir='ltr'>1111]OE</span> <span class='ocrx_word' id='word_1_342' title='bbox 2764 3877 2794 3917; x_wconf 90' lang='lat' dir='ltr'><strong>c</strong></span> 
     </span>
     <span class='ocr_line' id='line_1_32' title="bbox 608 3947 2791 4022; baseline -0.002 -16"><span class='ocrx_word' id='word_1_343' title='bbox 608 3951 676 4006; x_wconf 82' lang='lat'><strong>14</strong></span> <span class='ocrx_word' id='word_1_344' title='bbox 709 3951 1032 4007; x_wconf 88' lang='lat' dir='ltr'>DCCCLXX</span> <span class='ocrx_word' id='word_1_345' title='bbox 1069 3951 1101 4008; x_wconf 88' lang='lat' dir='ltr'><strong>b</strong></span> <span class='ocrx_word' id='word_1_346' title='bbox 1295 3951 1422 4022; x_wconf 86' lang='lat' dir='ltr'>XII]</span> <span class='ocrx_word' id='word_1_347' title='bbox 1461 3950 1619 4006; x_wconf 87' lang='lat' dir='ltr'><strong>XVII</strong></span> <span class='ocrx_word' id='word_1_348' title='bbox 1654 3967 1683 4008; x_wconf 89' lang='lat' dir='ltr'><strong>c</strong></span> <span class='ocrx_word' id='word_1_349' title='bbox 1880 3951 1947 4006; x_wconf 87' lang='lat'><strong>15</strong></span> <span class='ocrx_word' id='word_1_350' title='bbox 1982 3948 2175 4004; x_wconf 77' lang='lat' dir='ltr'><strong>hesdra</strong></span> <span class='ocrx_word' id='word_1_351' title='bbox 2208 3949 2241 4003; x_wconf 79' lang='lat' dir='ltr'><strong><em>b</em></strong></span> <span class='ocrx_word' id='word_1_352' title='bbox 2423 3948 2503 4019; x_wconf 93' lang='lat' dir='ltr'><strong>eo]</strong></span> <span class='ocrx_word' id='word_1_353' title='bbox 2542 3947 2727 4003; x_wconf 80' lang='lat' dir='ltr'><strong>eodem</strong></span> <span class='ocrx_word' id='word_1_354' title='bbox 2762 3963 2791 4002; x_wconf 95' lang='lat' dir='ltr'><strong>c</strong></span> 
     </span>
     <span class='ocr_line' id='line_1_33' title="bbox 609 4033 2789 4108; baseline -0.002 -16"><span class='ocrx_word' id='word_1_355' title='bbox 609 4037 752 4107; x_wconf 87' lang='lat' dir='ltr'><strong>quod</strong></span> <span class='ocrx_word' id='word_1_356' title='bbox 789 4039 1026 4108; x_wconf 88' lang='lat' dir='ltr'><strong>suppleti</strong></span> <span class='ocrx_word' id='word_1_357' title='bbox 1061 4040 1190 4093; x_wconf 87' lang='lat' dir='ltr'><strong>sunt</strong></span> <span class='ocrx_word' id='word_1_358' title='bbox 1222 4037 1560 4093; x_wconf 84' lang='lat' dir='ltr'><strong>hebdomada</strong></span> <span class='ocrx_word' id='word_1_359' title='bbox 1596 4053 1631 4092; x_wconf 98' lang='lat' dir='ltr'><strong>a</strong></span> <span class='ocrx_word' id='word_1_360' title='bbox 1666 4040 1903 4107; x_wconf 88' lang='lat' dir='ltr'><strong>tempore</strong></span> <span class='ocrx_word' id='word_1_361' title='bbox 1937 4039 2021 4091; x_wconf 89' lang='lat' dir='ltr'><strong>est</strong></span> <span class='ocrx_word' id='word_1_362' title='bbox 2054 4052 2085 4091; x_wconf 91' lang='lat' dir='ltr'><strong>c</strong></span> <span class='ocrx_word' id='word_1_363' title='bbox 2282 4038 2483 4104; x_wconf 85' lang='lat' dir='ltr'><strong>septem</strong></span> <span class='ocrx_word' id='word_1_364' title='bbox 2528 4036 2607 4100; x_wconf 83' lang='lat' dir='ltr'><strong>W,</strong></span> <span class='ocrx_word' id='word_1_365' title='bbox 2643 4033 2722 4088; x_wconf 81' lang='lat' dir='ltr'>VI</span> <span class='ocrx_word' id='word_1_366' title='bbox 2757 4035 2789 4089; x_wconf 85' lang='lat' dir='ltr'><strong>b</strong></span> 
     </span>
     <span class='ocr_line' id='line_1_34' title="bbox 610 4108 2794 4190; baseline -0.001 -13"><span class='ocrx_word' id='word_1_367' title='bbox 610 4124 676 4178; x_wconf 83' lang='lat'><strong>16</strong></span> <span class='ocrx_word' id='word_1_368' title='bbox 711 4138 744 4177; x_wconf 71' lang='lat' dir='ltr'><strong>a</strong></span> <span class='ocrx_word' id='word_1_369' title='bbox 778 4139 880 4180; x_wconf 83' lang='lat' dir='ltr'><strong>om.</strong></span> <span class='ocrx_word' id='word_1_370' title='bbox 918 4125 950 4178; x_wconf 87' lang='lat' dir='ltr'><strong>b</strong></span> <span class='ocrx_word' id='word_1_371' title='bbox 1154 4125 1434 4179; x_wconf 79' lang='lat' dir='ltr'><strong>ciuitatem</strong></span> <span class='ocrx_word' id='word_1_372' title='bbox 1471 4125 1783 4180; x_wconf 70' lang='lat' dir='ltr'><strong>restitutam</strong></span> <span class='ocrx_word' id='word_1_373' title='bbox 1816 4123 1849 4178; x_wconf 80' lang='lat' dir='ltr'><strong>b</strong></span> <span class='ocrx_word' id='word_1_374' title='bbox 2040 4122 2104 4176; x_wconf 79' lang='lat'><strong>17</strong></span> <span class='ocrx_word' id='word_1_375' title='bbox 2132 4119 2399 4190; x_wconf 71' lang='lat' dir='ltr'><strong>icium]</strong></span> <span class='ocrx_word' id='word_1_376' title='bbox 2439 4108 2719 4176; x_wconf 63' lang='lat' dir='ltr'>5150me</span> <span class='ocrx_word' id='word_1_377' title='bbox 2762 4119 2794 4173; x_wconf 83' lang='lat' dir='ltr'><strong><em>b</em></strong></span> 
     </span>
     <span class='ocr_line' id='line_1_35' title="bbox 609 4190 2860 4281; baseline -0.002 -15"><span class='ocrx_word' id='word_1_378' title='bbox 609 4211 676 4266; x_wconf 84' lang='lat'><strong>18</strong></span> <span class='ocrx_word' id='word_1_379' title='bbox 721 4209 968 4266; x_wconf 73' lang='lat' dir='ltr'><strong>dominus</strong></span> <span class='ocrx_word' id='word_1_380' title='bbox 1013 4211 1085 4281; x_wconf 77' lang='lat' dir='ltr'><strong>et]</strong></span> <span class='ocrx_word' id='word_1_381' title='bbox 1130 4210 1376 4266; x_wconf 73' lang='lat' dir='ltr'><strong>dominus</strong></span> <span class='ocrx_word' id='word_1_382' title='bbox 1421 4227 1453 4267; x_wconf 72' lang='grc' dir='ltr'><strong><em>ο</em></strong></span> <span class='ocrx_word' id='word_1_383' title='bbox 1853 4215 1883 4262; x_wconf 79' lang='lat'>1</span> <span class='ocrx_word' id='word_1_384' title='bbox 1904 4207 2177 4262; x_wconf 80' lang='lat' dir='ltr'><strong>1&gt;me</strong></span> <span class='ocrx_word' id='word_1_385' title='bbox 2232 4207 2307 4272; x_wconf 87' lang='lat' dir='ltr'><strong>U,</strong></span> <span class='ocrx_word' id='word_1_386' title='bbox 2362 4190 2790 4260; x_wconf 61' lang='lat' dir='ltr'><strong>ffianxvnn.</strong></span> <span class='ocrx_word' id='word_1_387' title='bbox 2811 4207 2860 4269; x_wconf 80' lang='lat' dir='ltr'><strong>b,</strong></span> 
     </span>
     <span class='ocr_line' id='line_1_36' title="bbox 604 4291 2793 4364; baseline -0.001 -14"><span class='ocrx_word' id='word_1_388' title='bbox 604 4303 630 4350; x_wconf 76' lang='grc' dir='ltr'>ἲ</span> <span class='ocrx_word' id='word_1_389' title='bbox 649 4295 965 4352; x_wconf 85' lang='lat' dir='ltr'>DLXXIIII</span> <span class='ocrx_word' id='word_1_390' title='bbox 997 4314 1026 4353; x_wconf 89' lang='lat' dir='ltr'><strong>c</strong></span> <span class='ocrx_word' id='word_1_391' title='bbox 1164 4296 1231 4351; x_wconf 89' lang='grc'><strong>19</strong></span> <span class='ocrx_word' id='word_1_392' title='bbox 1268 4296 1599 4352; x_wconf 81' lang='lat' dir='ltr'><strong>discentibus</strong></span> <span class='ocrx_word' id='word_1_393' title='bbox 1624 4297 1672 4362; x_wconf 84' lang='lat' dir='ltr'><strong>b,</strong></span> <span class='ocrx_word' id='word_1_394' title='bbox 1709 4295 1989 4364; x_wconf 78' lang='lat' dir='ltr'><strong>discipulis</strong></span> <span class='ocrx_word' id='word_1_395' title='bbox 2022 4309 2085 4349; x_wconf 81' lang='lat' dir='ltr'><strong>cv</strong></span> <span class='ocrx_word' id='word_1_396' title='bbox 2220 4293 2296 4348; x_wconf 88' lang='lat' dir='ltr'>VI</span> <span class='ocrx_word' id='word_1_397' title='bbox 2320 4292 2415 4363; x_wconf 89' lang='lat' dir='ltr'><strong>id.]</strong></span> <span class='ocrx_word' id='word_1_398' title='bbox 2444 4291 2607 4348; x_wconf 86' lang='lat' dir='ltr'>VIIII</span> <span class='ocrx_word' id='word_1_399' title='bbox 2629 4292 2737 4348; x_wconf 82' lang='lat' dir='ltr'><strong>kal.</strong></span> <span class='ocrx_word' id='word_1_400' title='bbox 2764 4309 2793 4347; x_wconf 91' lang='lat' dir='ltr'><strong>c</strong></span> 
     </span>
     <span class='ocr_line' id='line_1_37' title="bbox 607 4378 2861 4453; baseline -0.002 -16"><span class='ocrx_word' id='word_1_401' title='bbox 607 4383 677 4437; x_wconf 92' lang='grc'><strong>20</strong></span> <span class='ocrx_word' id='word_1_402' title='bbox 713 4382 760 4438; x_wconf 95' lang='lat' dir='ltr'><strong>V</strong></span> <span class='ocrx_word' id='word_1_403' title='bbox 793 4381 888 4453; x_wconf 91' lang='lat' dir='ltr'><strong>id.]</strong></span> <span class='ocrx_word' id='word_1_404' title='bbox 929 4381 1062 4438; x_wconf 84' lang='lat' dir='ltr'><strong>vm</strong></span> <span class='ocrx_word' id='word_1_405' title='bbox 1095 4383 1203 4438; x_wconf 81' lang='lat' dir='ltr'><strong>kal.</strong></span> <span class='ocrx_word' id='word_1_406' title='bbox 1241 4400 1271 4440; x_wconf 88' lang='lat' dir='ltr'><strong>c</strong></span> <span class='ocrx_word' id='word_1_407' title='bbox 1532 4383 1602 4438; x_wconf 88' lang='grc'><strong>22</strong></span> <span class='ocrx_word' id='word_1_408' title='bbox 1640 4381 1940 4437; x_wconf 87' lang='lat' dir='ltr'><strong>centenario</strong></span> <span class='ocrx_word' id='word_1_409' title='bbox 1975 4397 2077 4438; x_wconf 86' lang='lat' dir='ltr'><strong>om.</strong></span> <span class='ocrx_word' id='word_1_410' title='bbox 2112 4396 2142 4436; x_wconf 84' lang='lat' dir='ltr'><strong>c</strong></span> <span class='ocrx_word' id='word_1_411' title='bbox 2392 4380 2463 4435; x_wconf 86' lang='grc'><strong>23</strong></span> <span class='ocrx_word' id='word_1_412' title='bbox 2497 4378 2674 4433; x_wconf 87' lang='lat' dir='ltr'><strong>eodem</strong></span> <span class='ocrx_word' id='word_1_413' title='bbox 2711 4393 2861 4434; x_wconf 88' lang='lat' dir='ltr'><strong>mou·</strong></span> 
     </span>
     <span class='ocr_line' id='line_1_38' title="bbox 607 4468 1759 4540; baseline 0 -17"><span class='ocrx_word' id='word_1_414' title='bbox 607 4470 870 4524; x_wconf 83' lang='lat' dir='ltr'><strong>straretur</strong></span> <span class='ocrx_word' id='word_1_415' title='bbox 904 4468 1210 4525; x_wconf 81' lang='lat' dir='ltr'><strong>aduersario</strong></span> <span class='ocrx_word' id='word_1_416' title='bbox 1245 4485 1372 4525; x_wconf 87' lang='lat' dir='ltr'><strong>sexu</strong></span> <span class='ocrx_word' id='word_1_417' title='bbox 1405 4469 1697 4540; x_wconf 71' lang='lat' dir='ltr'><strong>repugnari</strong></span> <span class='ocrx_word' id='word_1_418' title='bbox 1731 4484 1759 4523; x_wconf 94' lang='lat' dir='ltr'><strong>c</strong></span> 
     </span>
    </p>
   </div>
  </div>
 </body>
</html>
