3217 5150
773 532 866 587 De
901 532 1408 603 singularitate
1442 532 1843 589 clericorum
1880 550 1921 589 c.
1958 534 2177 591 27-29.
2472 538 2601 605 205

347 694 610 757 Salomon
663 694 930 753 denotat:
1012 693 1468 755 abominatio
1528 695 1675 767 est,
1736 693 1959 769 inquit,
2019 712 2255 756 coram
2298 696 2599 757 Domino

343 796 690 872 defigens
734 796 1042 857 oculum.
1099 796 1270 871 plane
1298 814 1502 871 purum
1534 798 1735 859 contra
1764 798 1991 858 oculum
2018 815 2081 858 se
2112 799 2321 860 habere
2350 802 2600 861 testatur

343 900 449 963 Iob
507 900 606 975 qui
666 900 780 959 ait:
864 902 935 959 et
1004 897 1069 959 si
1127 899 1364 961 oculis
1439 900 1832 961 consensit
1901 918 2021 962 cor
2077 918 2321 963 meum.
2400 920 2599 963 uerum

344 1003 633 1066 enimuero
663 1001 763 1063 ille
793 1004 987 1075 potest
1017 1000 1142 1063 suis
1173 1001 1354 1063 oculis
1385 1003 1665 1063 obnoxius
1694 1020 1809 1064 non
1835 1003 2019 1065 teneri
2033 1048 2051 1077 ,
2110 1004 2205 1065 cui
2254 1006 2471 1067 nolenti
2502 1022 2596 1067 re-

301 1125 326 1165 s
343 1100 616 1183 penfinus
667 1122 933 1167 occursus
985 1104 1244 1167 mulieris
1273 1106 1606 1166 scandalum
1636 1105 1881 1167 mouerit
1894 1151 1911 1179 ‚
1967 1108 2117 1182 quod
2145 1107 2408 1183 protinus
2436 1124 2599 1169 mens

339 1210 492 1286 quod
520 1206 752 1269 nolebat
782 1208 1038 1282 expellit.
1069 1208 1172 1268 ille
1199 1211 1390 1269 autem
1433 1209 1865 1269 commotionem
1896 1210 1987 1269 sui
2014 1209 2178 1270 uisus
2206 1226 2320 1271 non
2348 1213 2598 1271 meretur

339 1314 584 1377 euadere
603 1314 702 1389 qui
725 1312 879 1388 apud
909 1329 970 1373 se
986 1311 1240 1373 scandali
1267 1312 1563 1373 materiam
1587 1315 1767 1387 tenet,
1797 1312 1897 1388 qui
1912 1313 2042 1373 uult
2067 1313 2402 1373 intentionis
2420 1314 2598 1374 affec-

337 1418 498 1479 tibus
519 1417 658 1491 frui,
689 1416 786 1492 qui
811 1415 1045 1477 affectat
1073 1416 1283 1477 habere
1307 1417 1458 1491 quod
1481 1416 1853 1477 offensionem
1880 1417 2061 1477 oculis
2090 1417 2323 1493 ingerit,
2354 1434 2595 1493 quorum

337 1522 592 1584 auiditas
643 1518 1010 1594 inexplebilis
1059 1517 1213 1579 inter
1265 1519 1610 1581 offendicula
1663 1519 1935 1583 continua
1982 1520 2141 1581 nullo
2184 1520 2349 1582 modo
2402 1521 2597 1595 potest

269 1644 324 1685 ιο
339 1624 570 1699 omnino
629 1620 922 1699 conpesci,
984 1622 1135 1696 quod
1188 1622 1452 1683 Salomon
1504 1624 1787 1697 adprobat
1832 1623 2059 1685 dicens:
2117 1623 2235 1683 inf
2245 1640 2415 1685 ernu
2432 1642 2461 1683 s
2520 1639 2551 1682 e
2566 1624 2597 1681 t

334 1726 714 1790 interitus
771 1743 914 1787 non
971 1725 1345 1799 satiatur,
1405 1725 1790 1787 similiter
1839 1726 2050 1788 oculi
2095 1728 2462 1787 hominum
2489 1726 2593 1785 in-

335 1830 752 1893 satiabiles
795 1833 981 1890 sunt.
1044 1833 1103 1892 et
1159 1830 1274 1891 alio
1332 1829 1492 1891 loco:
1567 1846 1709 1891 non
1768 1830 2100 1891 satiatur
2158 1830 2444 1891 oculus·
2488 1830 2592 1891 ui-

335 1936 588 1997 dendo.
645 1934 969 1997 etiterum
1029 1932 1346 2009 nequius
1401 1934 1617 1997 oculo
1674 1934 1850 2008 quid
1907 1936 2234 1995 creatum
2292 1935 2448 1995 est?

421 2039 550 2099 Hac
591 2037 971 2112 castigatione
1016 2054 1132 2098 non
1174 2036 1480 2112 conpuncti
1523 2038 1721 2099 diuina
1764 2038 2070 2099 interdicta
2112 2037 2381 2099 infandae
2425 2037 2595 2097 fami·
2615 2042 2695 2101 29

265 2162 320 2203 1⁸
336 2141 612 2203 liaritatis
661 2141 1043 2203 obstinatione
1096 2143 1468 2202 contemnunt
1520 2143 1580 2202 et
1606 2142 1793 2203 adhuc
1821 2142 2055 2217 insuper
2084 2144 2155 2203 de
2185 2142 2423 2202 caritate
2455 2160 2594 2202 cau-

339 2247 542 2307 santur
555 2288 573 2318 ‚
625 2262 754 2306 cum
783 2245 1094 2305 secundum
1144 2244 1382 2305 uerbum
1411 2244 1621 2305 Esaiae
1665 2245 1764 2320 qui
1793 2244 2233 2305 amaritudinem
2262 2262 2364 2320 pro
2396 2245 2596 2307 dulce-

341 2350 474 2409 dine
501 2350 846 2409 denotantes
899 2348 1112 2409 nudam
1162 2348 1498 2409 foeditatem
1547 2348 1873 2409 uelamento
1924 2348 2061 2409 boni
2088 2346 2337 2408 nominis
2368 2350 2595 2423 tegunt,

337 2454 491 2528 apud
518 2468 618 2513 eos
645 2452 752 2513 sub
779 2450 930 2513 falsa
959 2450 1262 2514 dilectione
1293 2467 1430 2513 uera
1459 2452 1693 2513 dilectio
1714 2451 1978 2513 uioletur.
2011 2452 2113 2511 sed
2133 2452 2417 2513 exclamat
2444 2452 2593 2511 cari-

337 2558 430 2618 tas
459 2558 524 2617 et
549 2554 832 2632 appellat:
875 2544 1048 2619 ‘tales
1077 2570 1186 2631 ego
1213 2573 1328 2618 non
1355 2555 1515 2616 iunxi
1528 2600 1546 2630 ‚
1606 2555 1795 2616 altera
1835 2557 1924 2616 est
1965 2571 2109 2631 quae
2140 2570 2229 2615 me
2274 2553 2593 2616 simulando

263 2677 322 2720 ιο
339 2659 630 2735 confingit.
691 2678 1000 2735 numquam
1043 2660 1148 2721 Dei
1199 2659 1520 2735 praeceptis
1573 2658 1811 2734 obsisto,
1872 2675 2179 2734 numquam
2206 2659 2375 2718 fluxis
2406 2658 2591 2732 faueo,

335 2779 441 2840 per
467 2777 564 2826 me
591 2765 958 2826 sanctitatem
986 2781 1102 2826 non
1131 2765 1266 2838 opto
1296 2762 1536 2837 culpari.
1582 2762 1899 2824 calumnias
1924 2761 2069 2822 mihi
2099 2761 2341 2824 aduersa
2366 2779 2595 2838 germa-

335 2866 492 2928 nitas
541 2866 683 2928 facit
697 2911 714 2940 ,
772 2865 1028 2942 pericula
1076 2869 1138 2928 et
1185 2883 1290 2941 ego
1343 2859 1494 2930 inter
1546 2865 1723 2928 falsos
1774 2866 1984 2926 fratres
2028 2865 2261 2928 incurri.
2328 2883 2595 2930 succurre

335 2987 498 3032 meus
527 2985 752 3044 praeco,
784 2985 1046 3032 succurre
1064 2969 1246 3030 Paule
1260 2969 1535 3044 apostole,
1567 2969 1660 3030 dic
1686 2968 2079 3030 testimonium
2104 2985 2317 3043 meum,
2344 2985 2418 3032 ne
2440 2970 2595 3044 quod

336 3075 525 3136 deme
555 3073 864 3134 adnuntias
893 3075 1290 3149 peruertatur:
1349 3071 1538 3134 finis
1595 3075 1836 3134 autem
1894 3073 2279 3146 praecepti
2338 3074 2454 3133 est
2481 3090 2594 3134 ca-

260 3177 534 3240 veritas
585 3178 669 3239 de
727 3179 944 3240 corde
999 3193 1184 3251 puro
1243 3179 1312 3242 et
1371 3175 1849 3238 conscientia
1892 3175 2076 3236 bona
2132 3178 2205 3236 et
2247 3174 2403 3236 fide
2454 3193 2595 3236 non

332 3281 363 3340 f
369 3281 392 3342 i
407 3283 479 3342 ct
493 3265 568 3340 a'.
630 3281 862 3343 dilectio
891 3280 1258 3356 deputabitur
1272 3325 1290 3354 ,
1345 3295 1446 3354 per
1475 3296 1647 3354 quam
1698 3278 2023 3340 sanctitatis
2084 3278 2295 3340 iniuria
2321 3277 2590 3339 crimina-

471 3531 502 3585 1
541 3531 642 3587 Sir.
683 3533 765 3598 14,
802 3534 852 3588 8.
1267 3531 1302 3586 3
1337 3531 1438 3586 Iob
1473 3531 1559 3597 31,
1595 3531 1645 3585 7.
2089 3530 2157 3585 10
2190 3529 2347 3585 Prcu.
2382 3529 2468 3595 27,
2504 3529 2589 3585 20.

333 3617 403 3672 12
438 3617 538 3672 Sir.
579 3619 628 3682 1,
661 3619 712 3674 8.
1023 3618 1090 3673 13
1125 3619 1226 3674 Sir.
1263 3618 1350 3682 31,
1386 3619 1468 3672 15.
1798 3617 1868 3672 24
1902 3617 1932 3671 Ι
1967 3617 2106 3672 Tim.
2144 3617 2191 3682 1,
2228 3616 2279 3671 5.

470 3857 505 3911 2
541 3861 727 3914 contra
760 3875 953 3928 purum
987 3876 1022 3916 v
1237 3858 1451 3914 oculum
1486 3874 1544 3912 se
1580 3873 1651 3912 ex
1687 3857 1868 3912 oculos
1914 3857 1961 3914 G
1990 3873 2058 3912 m.
2095 3859 2137 3911 2
2353 3857 2590 3910 testatur

332 3961 390 4000 se
423 3945 621 4000 habere
653 3962 688 4002 v
926 3947 961 4002 3
996 3945 1092 4016 qui
1125 3947 1217 4001 iob
1253 3946 1301 4002 0
1537 3945 1807 4000 consentit
1849 3944 1917 4001 Ο*
2169 3942 2206 3997 5
2238 3942 2413 3997 mouit
2447 3942 2519 3998 0¹

332 4033 364 4087 7
401 4033 494 4100 qui
530 4032 672 4103 uult]
710 4032 840 4102 quia
873 4033 1020 4088 uolt·
1060 4032 1108 4088 0
1344 4031 1667 4086 intentionis
1680 4087 1689 4096 ,
1702 4046 1829 4085 suae
1864 4047 1897 4085 v
2148 4029 2185 4084 8
2217 4028 2387 4084 oculis
2421 4028 2587 4083 offen·

329 4119 534 4173 sionem
569 4133 603 4174 υ
783 4118 928 4188 gerit
971 4118 1029 4184 0,
1064 4118 1280 4187 ingerat
1313 4133 1346 4171 v
1525 4118 1590 4173 11
1629 4116 1899 4171 satiantur
1932 4133 1967 4171 v
2145 4115 2213 4170 13
2247 4117 2307 4169 in
2341 4113 2451 4170 alio
2486 4131 2520 4172 v

332 4205 400 4260 14
433 4205 566 4260 baec
599 4203 668 4260 0¹
919 4219 1028 4260 non
1064 4201 1112 4258 0
1141 4218 1185 4258 ε.
1221 4203 1258 4258 1.
1297 4219 1366 4259 m.
1403 4207 1440 4258 2
1691 4201 1951 4262 nefandae
1984 4217 2017 4256 v
2265 4203 2335 4257 16
2368 4216 2491 4257 cum
2526 4200 2584 4266 0,

329 4291 426 4359 qui
460 4307 494 4346 v
723 4291 816 4360 qui
853 4288 901 4345 0
929 4306 973 4344 ε.
1011 4289 1064 4354 L,
1101 4303 1202 4345 om.
1238 4304 1272 4345 υ
1503 4289 1568 4344 18
1603 4288 1747 4358 apud
1790 4288 1847 4355 0,
1886 4287 2014 4342 dum
2048 4287 2194 4358 apud
2226 4304 2261 4344 v
2468 4286 2586 4342 uio-

327 4375 478 4432 latur
510 4392 544 4433 υ
707 4376 774 4432 19
807 4377 980 4431 altera
1015 4375 1074 4440 0,
1109 4375 1250 4429 falsa
1283 4375 1458 4430 altera
1494 4392 1526 4430 ο
1696 4375 1767 4430 20
1800 4374 2055 4430 confinxit
2087 4391 2122 4431 v
2294 4373 2362 4429 21
2398 4388 2589 4428 auersa

329 4463 616 4518 Pamelius
823 4462 1155 4532 germinatas
1191 4460 1261 4517 0²
1466 4461 1534 4516 26
1569 4460 1826 4516 iniuriam
1863 4460 2254 4516 criminationis
2290 4459 2359 4516 0¹
