3217 5150
665 516 748 580 92
1607 506 1973 577 Appendix.

564 673 642 732 19
751 670 898 729 Puto
949 684 1052 728 nos
1093 667 1260 742 plene
1312 669 1610 727 exsecutos
1639 665 2119 741 praedicationem
2150 664 2437 737 baptistae
2467 664 2719 736 Ioannis,
2773 666 2925 725 unde

664 788 980 832 sermonem
1031 788 1226 831 sumus
1269 769 1476 841 exorsi,
1531 769 1631 843 qui
1672 768 1819 827 dixit
1862 770 1938 827 ad
1965 769 2246 828 Iudaeos:
2292 785 2421 842 ego
2466 768 2749 842 quidem
2793 786 2921 829 uos

660 876 956 949 baptizo
999 891 1183 948 aqua
1223 873 1297 931 in
1335 872 1893 946 poenitentiam.
1940 873 2063 947 qui
2092 874 2326 931 autem
2366 873 2533 945 post
2573 889 2676 931 me
2716 872 2922 931 uenit

661 978 936 1038 fortior
979 994 1082 1037 me
1126 980 1270 1049 est,
1315 976 1530 1035 cuius
1574 992 1703 1049 ego
1748 993 1887 1036 non
1932 993 2084 1035 sum
2127 974 2394 1049 dignus
2438 974 2727 1035 soluere
2770 992 2919 1035 cor·

660 1082 927 1155 rigiam
999 1079 1493 1140 calciamenti.
1569 1079 1729 1153 ipse
1761 1145 1770 1156 ⁸
1804 1096 1929 1138 uos
2002 1078 2422 1152 baptizabit
2494 1077 2567 1135 in
2640 1078 2961 1151 spiritus

661 1202 830 1244 sanc
848 1186 916 1243 to
961 1186 1032 1242 et
1074 1182 1247 1256 igni.
1294 1182 1543 1241 arbitror
1583 1184 1773 1241 autem
1804 1184 1864 1240 et
1894 1182 2142 1256 apostoli
2185 1180 2419 1240 Ioannis
2464 1180 2781 1241 doctrinam
2812 1199 2919 1243 nos

658 1304 770 1347 non
800 1286 991 1361 inepte
1022 1286 1388 1360 disposuisse,
1420 1284 1519 1359 qui
1549 1284 1662 1344 ait:
1708 1284 1877 1359 quia
1917 1288 2076 1344 tres
2120 1284 2629 1345 testimonium
2672 1285 2918 1359 perhi-

657 1391 861 1463 bent,
931 1389 1258 1463 spiritus
1311 1392 1382 1449 et
1436 1405 1622 1462 aqua
1666 1392 1738 1448 et
1780 1390 2120 1463 sanguis,
2183 1391 2254 1448 et
2306 1388 2441 1449 isti
2494 1391 2651 1449 tres
2706 1406 2917 1449 unum

656 1496 844 1553 sunt.
903 1492 1017 1551 nisi
1070 1492 1242 1551 fallor
1293 1493 1485 1550 autem
1538 1490 1712 1550 etiam
1761 1491 1909 1550 illud
1960 1492 2389 1565 explanauimus
2440 1493 2588 1566 quod
2640 1491 2919 1553 Dominus

651 1599 848 1657 noster
897 1596 1017 1655 ait:
1078 1596 1397 1655 Ioannes
1442 1595 1730 1669 quidem
1773 1588 2445 1669 baptizauit'aqua,
2503 1612 2633 1655 uos
2677 1597 2985 1656 antemio

651 1697 1222 1774 baptizabimini
1267 1697 1340 1756 in
1385 1697 1671 1772 spiritu
1716 1700 1990 1759 sancto.
2035 1702 2331 1772 praeterea
2374 1698 2636 1760 existimo
2665 1716 2771 1759 nm
2800 1718 2917 1759 non

651 1802 934 1861 infirmam
991 1801 1270 1861 rationem
1315 1800 1633 1861 reddidisse
1664 1801 2087 1862 consuetudinis
2118 1818 2364 1862 causam.
2410 1804 2670 1862 tueamur
2698 1806 2912 1877 tamen,

650 1903 760 1965 etsi
801 1903 1112 1978 posteriore
1155 1904 1277 1963 loco
1307 1902 1367 1961 id
1395 1902 1661 1976 facimus,
1716 1921 1785 1963 ne
1817 1903 1916 1978 qui
1946 1906 2112 1979 putet
2140 1922 2247 1965 nos
2274 1905 2440 1965 unico
2470 1904 2713 1965 articulo
2742 1922 2913 1981 prae-

649 2010 870 2067 sentem
923 2007 1347 2067 altercationem
1404 2006 1701 2067 suscitare.
1770 2025 2113 2083 quamquam
2162 2009 2304 2068 haec
2345 2010 2692 2068 consuetudo
2736 2009 2913 2070 etiam

650 2110 774 2170 sola
823 2110 1052 2171 deberet
1093 2112 1244 2185 apud
1287 2110 1544 2170 homines
1592 2110 1849 2171 timorem
1879 2112 1986 2171 Dei
2017 2112 2295 2172 habentes
2325 2114 2385 2171 et
2414 2112 2659 2172 humiles
2686 2113 2911 2187 praeci·
2932 2136 2980 2177 ιε

647 2230 823 2288 puum
851 2214 1038 2274 locum
1069 2213 1344 2274 obtinere.

1155 2919 1301 3017 VI.
1368 2919 1513 3017 DE
1597 2919 2391 3019 ALEA'I'ORIBVS.

1656 3173 1901 3186 -η

587 3403 618 3461 1
723 3425 756 3458 ιιι
779 3425 809 3459 2³
839 3411 1048 3468 magna
1093 3395 1258 3453 nobis
1300 3395 1371 3453 ob
1412 3395 1738 3456 uniuersam
1770 3399 2191 3457 fraternitatem
2222 3415 2357 3458 cura
2386 3401 2493 3470 est,
2524 3399 2743 3473 fideleS,
2776 3417 2902 3459 ma-

641 3499 788 3558 xime
841 3500 898 3558 et
949 3515 1048 3558 rea
1099 3499 1446 3573 perditorum
1489 3502 1737 3560 omnium
1786 3502 2022 3562 audacia
2062 3503 2120 3561 id
2152 3504 2241 3562 est
2282 3503 2616 3575 aleatorum,
2678 3503 2905 3563 animos
2924 3524 2985 3565 πο

776 3716 810 3769 2
845 3715 972 3769 Luc.
1009 3715 1058 3780 3,
1099 3716 1180 3770 16.
1389 3717 1419 3770 7
1458 3717 1487 3770 I
1523 3717 1602 3770 Io.
1641 3719 1689 3781 5,
1726 3719 1776 3772 8.
1987 3719 2053 3772 10
2088 3721 2206 3774 Act.
2245 3721 2295 3786 1,
2330 3721 2380 3774 5.

776 3913 842 3966 16
879 3941 945 3952 -—-
985 3911 1181 3967 Caecili
1215 3913 1466 3982 Cypriani
1501 3913 1685 3968 finiuit
1719 3915 1783 3968 de
1816 3916 2199 3984 rebaptismate
2234 3918 2348 3972 cod.
2389 3947 2450 3958 --

775 3997 976 4066 Incipit
1024 3997 1088 4051 de
1133 3998 1458 4053 aleatoribus
1505 3999 1589 4063 D,
1636 4000 1839 4069 Incipit
1889 4001 2122 4070 epistula
2168 4002 2421 4072 Cypriani
2470 4003 2534 4058 de
2569 4006 2905 4062 aleatoribus

635 4080 917 4148 (aleatores
969 4085 1035 4152 T)
1075 4083 1188 4154 ΩΤ.
1261 4115 1322 4126 —
1404 4086 1473 4141 19
1517 4087 1742 4139 initiam
1788 4087 1955 4140 huius
2000 4088 2126 4140 libri
2161 4088 2389 4143 uidetur
2435 4091 2757 4146 lacunosum

637 4167 721 4236 ob]
761 4167 827 4222 ab
863 4184 895 4221 v
1157 4170 1410 4225 uniuersa
1445 4172 1789 4226 fraternitate
1831 4174 1935 4243 QT
2207 4193 2333 4231 cura
2368 4181 2450 4232 est
2483 4181 2698 4248 scripsi,
2736 4197 2905 4236 curae

634 4253 809 4318 DQT,
849 4270 974 4308 cura
1007 4271 1040 4310 υ
1333 4257 1516 4311 fideles
1549 4259 1763 4326 scripsi,
1799 4260 1973 4314 fidelis
2006 4261 2184 4333 DQT,
2222 4265 2477 4318 successit
2508 4283 2567 4328 v;
2604 4267 2675 4332 cf.
2706 4283 2767 4334 p.
2806 4273 2901 4335 96,

631 4339 732 4402 21‚·
766 4356 828 4408 p.
867 4345 955 4404 97,
991 4347 1060 4397 10
1409 4344 1479 4397 20
1513 4344 1586 4411 et]
1634 4359 1695 4397 ex
1732 4361 1765 4399 v
2078 4349 2335 4420 omnium]
2374 4351 2656 4405 hominum
2688 4353 2823 4418 fort.

629 4423 944 4497 aleatorum]
983 4427 1218 4492 omnium
1255 4427 1383 4483 add.
1419 4429 1478 4483 D
1509 4445 1551 4484 8.
1589 4430 1625 4484 l.
1662 4448 1729 4485 m.
1766 4434 1823 4495 2,
1860 4448 1993 4500 quae
2028 4434 2155 4488 add.
2191 4453 2224 4490 v
2406 4438 2574 4491 animi
2610 4440 2905 4495 Pam-elius
