3217 5150
842 513 932 565 De
965 512 1310 566 montibus
1345 511 1511 566 Sina
1547 514 1615 566 et
1648 512 1803 565 Sion
1846 528 1891 567 c.
1928 512 2079 566 6-7.
2456 514 2569 579 111

335 672 556 731 Iacob
599 670 746 731 fuit
787 671 978 731 lenis
1022 674 1094 730 et
1135 670 1380 742 minor,
1426 671 1488 729 in
1531 670 1718 745 figura
1753 671 1949 744 populi
1974 670 2322 743 nouellioris‚
2368 670 2467 745 qui
2507 686 2575 729 ex

334 772 780 834 dictoaudientia
807 790 910 848 per
937 772 1292 833 credulitatis
1320 772 1486 832 fidem
1516 788 1586 831 ex
1614 773 1912 846 aspredine
1952 774 2163 833 saeculi
2192 774 2253 832 in
2282 772 2577 833 lenitatem

334 892 639 937 conuersus
671 879 761 936 est
789 877 862 935 ad
891 875 1182 955 Christum
1211 876 1512 936 Dominum
1541 878 1602 935 et
1630 875 1737 934 Dei
1768 876 1967 935 fllium.

418 978 564 1039 Ecce
593 979 953 1051 probauimus
983 995 1084 1052 per
1113 978 1519 1053 scripturarum
1547 977 1719 1037 fidem
1747 978 2013 1038 maiorem
2042 980 2309 1053 populum
2334 980 2392 1038 et
2412 980 2575 1038 uetu·
2600 981 2635 1037 7

289 1104 313 1143 s
331 1081 566 1140 stiorem
593 1096 718 1140 esse
749 1080 864 1140 Deo
893 1082 956 1139 in
985 1081 1112 1141 odio
1141 1098 1442 1141 conuersos
1471 1082 1777 1140 secundum
1818 1080 2343 1155 interpretationem
2370 1080 2579 1140 montis

333 1184 470 1243 Sina
483 1184 726 1242 dicentis
739 1172 1061 1258 ‘temptatio
1083 1186 1315 1243 aeterna
1336 1187 1396 1243 et
1417 1168 1647 1243 odium'.
1672 1200 1849 1257 aeque
1871 1186 1931 1243 et
1952 1185 2083 1243 Sion
2105 1202 2267 1243 mons
2286 1184 2371 1245 ita
2398 1184 2578 1243 inter-

331 1288 524 1360 pretat
547 1276 866 1361 ‘temptatio
897 1286 1340 1348 exacerbationis
1367 1291 1426 1347 et
1455 1272 1810 1361 speculatio'.
1855 1288 1995 1347 haec
2021 1304 2157 1348 uero
2186 1287 2578 1361 interpretatio

333 1390 540 1449 Latina
569 1390 716 1465 ligni
775 1393 921 1451 sacri
980 1392 1297 1466 passionem
1358 1392 1623 1466 designat
1694 1390 1915 1451 dicente
1975 1390 2267 1451 Salomone
2296 1391 2365 1450 de
2394 1390 2579 1465 ipsam

333 1494 657 1569 passionem
674 1494 1052 1555 Dominicam:
1077 1494 1524 1554 contumelia
1553 1496 1623 1553 et
1652 1496 2013 1563 tormento
2044 1494 2581 1567 interrogemus

260 1595 578 1669 millum,
637 1599 713 1655 ut
755 1596 1070 1657 sciamus
1111 1598 1609 1657 reuerentiam
1666 1595 1883 1656 illius
1924 1598 1997 1655 et
2038 1597 2423 1671 probemus
2464 1613 2579 1669 pa-

337 1696 684 1757 tientiam
725 1699 968 1772 ipsius
1011 1703 1082 1759 et
1125 1702 1560 1772 temptemus
1603 1716 1781 1773 quae
1822 1702 2180 1758 euentura
2222 1702 2393 1758 sunt
2433 1699 2579 1761 illi.

340 1799 404 1861 si
445 1801 632 1861 enim
675 1818 841 1861 uere
887 1801 1108 1861 filius
1149 1801 1282 1860 Dei
1324 1806 1463 1873 est,
1507 1802 1874 1874 suscipiet
1916 1802 2159 1872 illum,
2204 1804 2274 1860 et
2316 1802 2581 1860 libera-

333 1902 450 1961 bit
492 1904 700 1963 illum
745 1905 826 1963 de
871 1905 1208 1965 manibus
1265 1906 1827 1965 contrariorum:
1887 1908 2111 1965 morte
2154 1905 2583 1989 turpissima

334 2008 898 2067 condemnemus
941 2008 1171 2067 illum.
1217 2009 1391 2068 haec
1435 2008 1959 2082 cogitauerunt
2002 2010 2073 2066 et
2114 2009 2579 2067 errauerunt:

262 2111 772 2173 inexcaecauit
813 2110 996 2170 illos
1039 2109 1334 2174 malitia
1387 2112 1706 2185 ipsorum
1750 2113 1819 2171 et
1861 2128 1997 2170 non
2040 2110 2583 2171 intellexerunt

335 2216 864 2273 sacramentum
906 2213 1057 2273 Dei.
1113 2230 1240 2273 ecce
1283 2216 1657 2288 temptatores
1685 2214 1945 2273 Iudaeos.
1990 2214 2129 2273 item
2158 2215 2432 2288 scriptum
2460 2214 2579 2273 est:

335 2318 410 2373 et
465 2318 1022 2389 temptauerunt
1075 2316 1448 2376 Dominum
1505 2316 1579 2376 111
1634 2318 1793 2377 loco
1854 2318 2223 2392 inaquoso.
2292 2316 2581 2391 speculum

333 2434 472 2477 uero
530 2416 890 2478 altitudinem
930 2420 1078 2493 ligni
1122 2420 1374 2479 declarat
1417 2420 1637 2480 dicente
1670 2420 1990 2480 Salomone:
2036 2422 2437 2494 posuerunt
2478 2438 2577 2481 me

333 2520 546 2581 uelut
609 2522 1016 2582 custodiam
1082 2522 1407 2595 pomarii,
1473 2540 1538 2583 eo
1595 2524 1745 2598 quod
1788 2524 1847 2583 in
1902 2524 2065 2584 horto
2118 2524 2179 2582 in
2236 2522 2394 2598 ligno
2442 2541 2580 2584 con-

234 2621 316 2688 'ao
333 2624 490 2684 fixus
553 2625 704 2684 inter
759 2625 900 2684 duos
955 2627 1206 2686 latrones
1263 2625 1550 2700 pependit.
1618 2628 1678 2686 et
1720 2629 1789 2688 de
1832 2627 2135 2686 altitudine
2188 2627 2335 2701 lig-ni
2386 2629 2581 2687 ambos

333 2728 736 2802 speculabatur
793 2727 856 2786 in
909 2729 1098 2803 figura
1154 2730 1392 2789 duorum
1449 2729 1783 2803 populorum
1850 2729 2277 2788 malefactorum
2291 2772 2306 2801 ‚
2381 2732 2580 2804 gentes

331 2830 400 2888 in
439 2830 670 2890 saecula
707 2831 860 2890 mala
899 2831 1052 2891 facta
1091 2831 1340 2892 iacentes
1380 2835 1442 2891 et
1469 2833 1709 2892 Iudaeos
1739 2823 2128 2892 interfectores
2156 2833 2577 2908 prophetarum.

331 2933 400 2993 hi
452 2935 586 2993 sunt
633 2934 742 2993 duo
791 2933 988 3008 populi
1038 2934 1449 3007 malefactores,
1495 2953 1730 3009 quorum
1783 2935 2021 3010 figuram
2062 2937 2123 2994 111
2165 2951 2226 2994 se
2276 2936 2581 3010 portabant

335 3038 450 3096 duo
507 3035 774 3108 latrones,
832 3037 983 3096 inter
1037 3037 1242 3110 quibus
1299 3037 1568 3112 pependit
1595 3039 1893 3100 innocens:
1952 3055 2097 3097 unus
2126 3039 2579 3114 blasphemabat,

475 3263 508 3316 9
544 3261 668 3331 Sap.
705 3261 764 3350 2’.
793 3261 1011 3316 19-22.
1218 3263 1282 3316 17
1319 3262 1407 3316 Ps.
1445 3262 1561 3327 105,
1600 3263 1684 3319 14.
1892 3264 1959 3318 18
1993 3263 2145 3318 Cant.
2184 3266 2231 3329 1,
2270 3265 2320 3319 6.

476 3485 512 3540 2
543 3486 1022 3541 dictoaudientiam
1055 3487 1232 3556 ΜΤμ,
1268 3486 1403 3541 dicti
1436 3487 1715 3542 audientia
1746 3505 1779 3542 v
2097 3489 2429 3544 crudelitatis
2471 3491 2522 3546 T

333 3571 671 3641 aspredinem
708 3572 785 3627 Μ
1089 3571 1125 3626 3
1159 3572 1450 3643 dominum]
1487 3571 1641 3627 deum
1678 3591 1712 3628 v
2020 3576 2057 3630 4
2088 3576 2431 3645 probabimus
2470 3577 2521 3630 Τ

333 3658 592 3728 populum
625 3659 879 3712 maiorem
915 3676 949 3726 ‚¹²
1119 3659 1154 3712 5
1187 3658 1370 3713 odium
1405 3676 1478 3728 μυ
1657 3675 1967 3714 conuersum
2003 3679 2092 3730 μυ,
2127 3677 2410 3717 conuersus
2445 3664 2522 3717 Μ

331 3745 370 3798 6
407 3759 571 3812 aeque
605 3745 678 3814 et]
715 3759 882 3812 aeque
925 3747 1004 3801 Tv
1247 3746 1633 3814 interpretatur
1668 3746 1811 3816 Μμυ
2052 3747 2087 3802 8
2120 3748 2279 3817 ligni]
2315 3748 2506 3817 lingua
2541 3769 2582 3819 μ

331 3846 542 3885 sacram
578 3850 618 3900 μ
847 3829 1112 3884 dicentem
1147 3831 1220 3885 M
1470 3831 1793 3886 salomonem
1828 3833 1953 3888 ΜΤ
2186 3834 2303 3903 ipsa
2336 3835 2582 3904 passione

329 3899 496 3970 ‹ffi‘oe
518 3933 591 3985 μυ
806 3917 842 3970 9
875 3917 1200 3971 contumelia
1232 3917 1308 3986 et]
1343 3917 1695 3972 contumeliae
1730 3918 1818 3987 Τμ
2042 3919 2109 3984 10
2142 3920 2437 3974 reuerentia
2466 3921 2517 3975 T

331 4001 408 4057 12
439 4001 602 4070 filius]
637 4001 784 4056 salus
819 4021 859 4071 μ
1063 4003 1321 4058 liberauit
1355 4003 1476 4058 ΜΤ
1694 4003 1762 4057 13
1795 4003 1969 4074 11111111]
2006 4019 2127 4058 eum
2159 4021 2194 4060 v
2398 4007 2465 4061 16
2499 4023 2583 4061 sa-

329 4090 608 4143 cramenta
641 4089 785 4158 Μμυ
1027 4090 1095 4143 17
1129 4088 1288 4144 deum
1323 4090 1427 4144 Μυ
1654 4106 1853 4158 aquoso
1888 4091 2017 4146 ΜΤ
2236 4092 2490 4162 inaquoso
2524 4093 2582 4148 in

327 4176 456 4229 loco
492 4193 532 4242 μ
825 4175 891 4230 18
923 4189 1108 4229 uerum
1153 4178 1214 4240 T,
1248 4191 1372 4245 ergo
1407 4196 1448 4245 μ
1732 4175 1995 4231 dicentem
2030 4177 2358 4232 salomonem
2394 4180 2523 4233 ΜΤ

329 4261 408 4315 19
439 4262 644 4329 pomari
682 4261 744 4325 Τ,
779 4277 1056 4330 pomorum
1092 4281 1133 4331 μ
1267 4262 1335 4315 21
1373 4261 1679 4331 speculatur
1710 4280 1761 4328 v,
1794 4264 2145 4332 peculabatur
2186 4266 2236 4317 T
2366 4265 2435 4318 22
2469 4281 2581 4320 sae-

327 4344 448 4401 culi
468 4361 528 4410 v;
562 4346 632 4411 cf.
667 4364 726 4416 p.
751 4350 870 4414 105,
895 4351 966 4402 21
1172 4347 1426 4418 iacentes]
1463 4349 1717 4403 facientes
1752 4368 1791 4418 μ
1995 4349 2067 4404 24
2098 4350 2243 4404 inter
2272 4366 2405 4419 quos
2442 4369 2515 4420 μυ

327 4431 672 4500 blasphemat
705 4453 746 4502 μ
