3217 5150
798 555 898 607 De
922 554 1422 625 singularitate
1456 554 1860 609 clericorum
1896 570 1942 609 c.
1982 554 2064 609 19.
2425 558 2549 625 195

300 716 469 776 cellis
498 719 602 776 aut
630 715 902 776 fluctibus
931 713 1214 790 inquietat
1243 717 1302 773 et
1331 714 1492 774 uelut
1529 714 1592 773 in
1622 712 1809 773 medio
1838 714 1983 774 mari
2009 714 2197 773 minus
2226 716 2425 775 cautos
2457 712 2549 771 in-

298 820 460 879 ducit
485 819 680 879 laxare
707 819 840 879 uela
868 836 972 878 nec
1001 834 1271 893 quaerere
1299 816 1703 891 gubernacula,
1735 817 1803 875 ut
1829 817 2019 876 subita
2046 818 2386 890 tempestate
2414 832 2553 875 con-

299 922 508 981 citatos
537 922 845 996 naufragos
874 938 944 982 ex
973 920 1266 995 insperata
1293 919 1665 979 commotione
1692 920 2042 993 submergat.
2074 920 2222 979 hanc
2250 920 2431 994 primo
2455 936 2551 978 ex-

297 1024 464 1084 hibet
493 1023 820 1097 lenitatem,
881 1027 945 1083 ut
976 1025 1118 1083 duas
1147 1040 1322 1083 naues
1353 1021 1600 1083 oblectet
1643 1021 1718 1080 ad
1747 1020 1991 1082 inuicem
2020 1022 2318 1081 conuenire
2332 1067 2347 1096 ,
2411 1036 2553 1097 quas

253 1144 279 1182 ⁵
299 1146 430 1187 cum
460 1128 663 1187 fecerit
687 1126 931 1200 iunctas,
963 1126 1278 1202 repentinis
1303 1125 1629 1184 turbinibus
1651 1125 1711 1184 in
1733 1126 1917 1185 semet
1937 1125 2095 1199 ipsas
2122 1124 2337 1184 elidere
2367 1124 2552 1199 possit

298 1233 360 1290 et
389 1231 682 1305 frangere:
746 1232 805 1290 et
832 1230 925 1289 his
955 1229 1140 1290 utitur
1166 1228 1576 1290 blandimentis
1594 1274 1608 1301 ,
1670 1228 1980 1288 subtractis
2033 1228 2294 1287 omnibus
2347 1227 2549 1288 iaculis

296 1350 642 1406 conpescens
663 1334 922 1407 aduersa,
955 1348 1270 1408 suggerens
1291 1348 1580 1406 prospera,
1613 1333 1673 1390 et
1694 1330 1911 1391 tamdiu
1935 1330 2183 1405 sopitum
2204 1330 2395 1406 ignem
2425 1331 2548 1389 sine

295 1434 437 1494 ullis
467 1428 708 1496 flammis
762 1434 1043 1507 occultat,
1096 1436 1272 1495 donec
1302 1436 1445 1494 duas
1477 1434 1701 1494 faculas
1730 1434 1975 1509 iungens
2000 1434 2178 1494 semel
2222 1434 2419 1493 ambas
2448 1450 2547 1493 ac-

297 1530 536 1598 cendat:
591 1542 650 1597 et
679 1538 898 1599 tamdiu
927 1541 1116 1599 cessat
1145 1537 1422 1598 saeuitiae
1455 1555 1590 1598 suae
1621 1537 1741 1618 tela
1771 1554 2087 1612 supponere
2103 1581 2118 1609 ,
2162 1538 2355 1621 donee
2401 1536 2549 1597 sicut

222 1662 276 1702 10
295 1642 520 1715 peritus
551 1645 788 1703 uenator
817 1644 966 1718 quod
997 1642 1286 1702 occisurus
1316 1644 1406 1701 est
1435 1641 1626 1715 laquei
1657 1641 1749 1701 sui
1778 1640 2021 1700 uinculis
2060 1640 2279 1715 alliget.
2339 1642 2402 1699 at
2453 1639 2552 1698 ubi

294 1744 612 1821 insolubili*
647 1748 850 1806 catena
900 1743 1195 1806 deuinctos
1250 1743 1623 1804 adstrinxerit
1671 1744 1833 1803 uelut
1861 1743 2073 1804 lanista
2115 1742 2375 1821 protinus
2405 1743 2549 1803 duos

293 1848 648 1923 gladiatores
678 1848 954 1908 aduersus
985 1847 1228 1908 inuicem
1272 1846 1562 1921 compellit
1603 1846 1816 1905 armari
1858 1848 1917 1905 et
1962 1847 2201 1906 subinde
2246 1845 2550 1906 stimulans

295 1952 552 2013 membra
581 1953 780 2012 statim
809 1951 1031 2026 gladios
1061 1952 1242 2026 aptat,
1297 1952 1494 2011 statim
1545 1950 1840 2011 succendit
1867 1950 2149 2010 insaniam
2177 1952 2237 2009 et
2264 1950 2325 2009 in
2354 1949 2544 2010 uului-

295 2056 436 2116 ficos
465 2054 760 2129 amplexus
791 2054 1097 2129 inpingens
1129 2056 1430 2131 utrumque
1461 2053 1639 2113 semel
1669 2070 1779 2113 uno
1808 2052 1923 2113 icto
1951 2052 2275 2117 mortificat.
2338 2054 2422 2115 sic
2450 2070 2549 2113 ex-

222 2180 276 2219 15
296 2158 477 2234 plicat
509 2160 660 2234 quod
689 2161 822 2219 ante
852 2160 1146 2233 praestare
1177 2158 1423 2230 uidetur,
1477 2157 1561 2217 sic
1611 2158 1683 2216 de
1735 2156 1982 2231 simplici
2036 2158 2271 2217 caritate
2302 2173 2551 2219 amorem

296 2264 504 2323 conflat
553 2262 858 2335 inlicitum,
889 2262 975 2321 sic
1003 2278 1106 2335 per
1135 2261 1500 2321 sanctitatem
1531 2260 1861 2321 subinducit
1890 2260 2204 2334 interitum,
2252 2262 2387 2321 dum
2418 2278 2551 2321 cen-

295 2368 494 2426 tentus
523 2368 613 2425 est
641 2365 857 2438 cedere,
891 2364 974 2424 sic
1005 2365 1164 2424 ualet
1193 2364 1398 2424 fortius
1428 2380 1702 2438 occupare
1733 2366 1793 2424 et
1814 2365 1949 2423 dum
1980 2363 2298 2424 submissus
2328 2364 2549 2437 patitur

295 2472 480 2528 semet
507 2469 692 2542 ipsum
722 2466 992 2542 praebere
1022 2468 1328 2540 deuictum,
1361 2467 1446 2527 sic
1473 2466 1703 2541 plenius
1734 2466 2031 2527 deuincere
2059 2467 2355 2541 gloriatur.
2386 2466 2549 2526 cuius

294 2572 576 2632 uersutias
649 2571 862 2632 Paulus
951 2570 1241 2645 apostolus
1321 2570 1405 2630 sic
1464 2568 1755 2644 intellegit
1826 2568 2048 2630 dicens:
2137 2587 2177 2628 n
2190 2587 2274 2630 on
2358 2586 2391 2629 e
2404 2587 2441 2628 n
2458 2567 2549 2628 im

213 2675 751 2750 seignoramuS,
796 2674 1012 2750 inquit,
1045 2674 1372 2734 astutias
1417 2675 1595 2735 eius.
1643 2674 1793 2734 male
1842 2674 2037 2746 itaque
2078 2673 2141 2731 in
2168 2672 2277 2734 hac
2307 2673 2545 2748 partici-

293 2778 523 2852 patione
545 2778 735 2852 pacati
758 2782 895 2838 sunt
916 2779 1014 2854 qui
1035 2779 1110 2838 ad
1129 2777 1285 2838 bella
1312 2777 1646 2852 pacificante
1676 2777 1901 2838 diabolo
1928 2776 2315 2851 perducuntur
2344 2779 2405 2836 et
2432 2793 2545 2836 nou

295 2881 441 2940 bene
469 2881 531 2940 in
559 2882 865 2942 sanctitate
896 2881 1202 2956 proficiunt
1218 2927 1234 2956 ,
1279 2882 1488 2956 quibus
1533 2881 1606 2941 ad
1638 2880 2043 2941 detrimentum
2085 2880 2379 2955 profectus
2421 2879 2545 2954 ipse

293 2983 513 3044 inimici
540 2984 784 3045 artificio
815 2985 1187 3059 subornatur,
1246 3001 1349 3044 nec
1401 2987 1555 3045 recto
1609 3001 1778 3045 cursu
1824 2982 2136 3043 moliuntur
2164 2981 2545 3043 continentiae

291 3083 482 3147 scalas
514 3089 837 3161 ascendere,
884 3106 1024 3164 quos
1055 3089 1120 3148 ut
1167 3087 1238 3147 de
1280 3089 1398 3149 alto
1427 3087 1769 3162 praecipitet
1796 3086 2051 3147 elaborat
2080 3087 2155 3146 ad
2184 3085 2407 3147 culmen
2436 3088 2543 3147 ad-

216 3177 588 3251 ai‘uersarius
616 3191 918 3265 protelare.
961 3192 1063 3253 sed
1114 3208 1343 3252 necesse
1395 3194 1486 3252 est
1536 3191 1765 3252 caducis
1822 3189 2079 3265 lapsibus
2126 3189 2415 3250 elidantur
2443 3191 2545 3266 qui

290 3295 448 3354 uiam
476 3294 753 3354 lubricam
781 3297 1104 3368 tenuerunt,
1161 3296 1228 3355 de
1261 3312 1374 3368 qua
1419 3294 1684 3355 Salomon
1715 3294 1799 3354 sic
1828 3293 2120 3366 praedicat
2151 3292 2375 3354 dicens:
2422 3311 2453 3356 e
2472 3312 2501 3354 s
2517 3299 2545 3354 t

436 3547 500 3601 19
534 3547 592 3602 11
627 3549 745 3603 Cor.
783 3549 834 3612 2,
875 3548 954 3602 11.
1162 3547 1231 3602 26
1265 3547 1424 3602 Pron.
1463 3547 1543 3612 14,
1584 3548 1665 3603 12.

431 3791 468 3846 2
490 3791 725 3846 relaxare
747 3807 780 3846 v
1099 3791 1394 3847 concitatos
1417 3809 1489 3848 ex
1511 3792 1651 3847 citos
1682 3792 1729 3848 Ο
1742 3809 1811 3847 m.
1836 3795 1877 3846 2
2185 3793 2220 3848 5
2243 3792 2375 3864 ipsis
2407 3793 2478 3849 Ο·

289 3879 429 3933 Gut
463 3878 820 3934 subtr-actiae
1185 3879 1310 3933 'let
1351 3879 1474 3934 Ge.
1507 3879 1542 3933 1.
1574 3895 1647 3936 m.
1683 3881 1739 3946 2,
1776 3895 1947 3935 mmo
2046 3891 2062 3906 ‘
2305 3879 2546 3935 Boccul-

287 3967 378 4020 tet
411 3981 446 4018 v
615 3965 804 4019 semel·
823 3965 882 4032 0,
921 3965 1086 4019 simul
1118 3981 1182 4029 v;
1215 3967 1347 4020 item
1380 3967 1414 4020 l.
1440 3969 1506 4020 14
1683 3965 1750 4019 10
1782 3965 1989 4035 peritus
2027 3981 2098 4020 ex
2132 3965 2402 4034 periturus
2433 3966 2481 4022 G

289 4050 561 4120 laqueisui
606 4051 653 4106 0
683 4052 740 4105 ui
774 4066 815 4106 s.
854 4051 889 4105 l.
924 4068 994 4105 m.
1030 4055 1067 4105 2
1305 4050 1503 4120 alligat
1547 4050 1615 4106 0⁸
1860 4051 1927 4105 11
1962 4049 2239 4104 insolubili
2282 4051 2343 4114 G,
2378 4050 2544 4106 indis-

288 4136 518 4193 solubili
551 4153 584 4192 υ
788 4137 1028 4193 deuictos
1070 4137 1118 4193 0
1318 4138 1423 4193 duo
1467 4139 1537 4194 0²
1746 4137 1811 4192 13
1847 4137 2138 4192 succendit.
2174 4137 2393 4192 Insania
2434 4139 2482 4196 0

286 4227 351 4279 in
385 4239 486 4278 om.
521 4239 554 4278 v
829 4223 896 4279 15
929 4225 988 4278 in
1025 4238 1254 4278 amorem
1300 4224 1347 4280 Ο
1374 4225 1432 4278 in
1466 4241 1593 4293 exp.
1630 4241 1697 4278 m.
1734 4228 1771 4280 2
2033 4225 2099 4278 16
2134 4223 2443 4278 subinducit
2485 4225 2543 4290 0,

288 4309 404 4365 sibi
438 4309 647 4366 inducit
680 4326 714 4366 v
952 4311 1021 4364 21
1055 4313 1185 4365 sunt
1218 4327 1286 4366 cx
1320 4327 1504 4365 sumus
1546 4311 1595 4368 0
1624 4328 1693 4365 m.
1729 4314 1766 4365 2
2003 4309 2075 4364 22
2106 4313 2391 4380 prouectus
2432 4312 2480 4368 G

285 4395 538 4538 ἓξὲξ
570 4412 644 4539 (δεῖ
675 4399 817 4452 retro
861 4395 907 4454 G
936 4413 1006 4452 m.
1041 4399 1084 4452 2
1255 4413 1467 4452 cursum
1502 4397 1822 4453 molliuntur
1864 4397 1932 4453 0¹
2118 4397 2187 4452 24
2220 4397 2367 4490 scala
2408 4395 2473 4452 0⁸
2532 4504 2538 4510 ἡ

1992 4575 2137 4635 13·
