3217 5150
702 553 873 604 XLVI

700 693 851 776 typo
904 709 978 757 ex
1026 691 1385 758 Monacensi
1436 694 1499 758 et
1558 691 1870 770 Trecensi,
1930 693 2037 776 qui
2089 693 2156 758 in
2209 692 2434 777 quibus
2487 694 2672 760 rebus
2723 695 2996 758 cautius

702 803 834 869 sint
862 802 1198 870 adhibendi
1226 805 1355 869 iam
1385 823 1507 870 non
1537 804 1715 882 latet,
1749 805 1905 871 satis
1935 809 2216 872 constare
2241 807 2549 890 putarem.
2581 807 2650 872 in
2673 806 2986 888 epistulis

704 933 851 980 uero
883 917 947 981 et
973 915 1075 981 his
1106 916 1355 998 quaein
1384 917 1626 999 primae
1663 916 1964 982 tertiaeue
2005 915 2288 983 familiae
2329 917 2646 984 codicibus
2693 935 2823 983 non
2865 936 2988 982 ex-

702 1027 953 1094 stabant
1011 1029 1075 1093 et
1132 1028 1263 1094 illis
1321 1047 1477 1111 quae
1536 1046 1609 1094 ex
1668 1027 1928 1094 alterius
1987 1027 2270 1095 familiae
2329 1029 2664 1114 archetypo
2723 1029 2794 1094 in
2847 1026 2990 1107 MQ

704 1139 1149 1206 interciderant
1204 1139 1490 1206 omnibus
1534 1139 1903 1224 Reginensis
1947 1141 2290 1226 scripturas
2333 1143 2620 1208 accurate
2663 1141 2985 1224 adscripsi

711 1251 780 1318 C.
812 1251 1243 1318 Aldenhoveni
1272 1251 1609 1337 diligentia
1637 1251 1702 1317 in
1733 1270 1944 1318 meum
1974 1273 2160 1320 usum
2187 1254 2484 1320 enotatas,

410 1383 583 1430 οοᾱιοιι
614 1361 665 1428 Τ
796 1364 1209 1430 Inueniuntur
1248 1382 1395 1430 uero
1438 1364 1504 1429 in
1534 1363 1586 1428 Τ
1629 1365 1932 1431 nonnulla
1969 1363 2264 1449 Cypriani
2305 1365 2558 1449 scripta,
2599 1382 2759 1447 quae
2799 1367 2988 1430 extra

394 1479 527 1522 open
544 1478 653 1520 pecu

462 1537 605 1580 linio„

708 1498 854 1546 eum
883 1476 951 1544 in
980 1476 1424 1543 recentissimis
1452 1475 1770 1542 codicibus
1792 1478 1858 1543 et
1877 1475 2134 1560 quidem
2163 1477 2378 1560 paucis
2409 1477 2674 1554 exstant,
2704 1494 2986 1560 quorum

708 1590 775 1656 in
802 1589 949 1656 crisi
976 1609 1015 1655 a
1043 1588 1219 1654 nullo
1260 1589 1460 1655 adhuc
1498 1588 1822 1654 adhibitus
1865 1588 2103 1655 editore
2131 1567 2388 1654 maximi
2419 1589 2516 1654 est
2545 1589 2874 1654 momenti.
2923 1589 2984 1653 is

706 1701 872 1768 enim
903 1699 1011 1783 qui
1040 1699 1405 1784 Reginensis
1436 1699 1586 1765 libri
1617 1699 2048 1767 collectionem
2077 1698 2230 1766 fecit
2259 1719 2403 1766 cum
2432 1699 2644 1765 omnia
2673 1698 2984 1782 Cypriani

707 1812 937 1895 scripta
978 1829 1303 1896 congerere
1344 1810 1638 1895 studeret,
1682 1812 1846 1894 quod
1887 1811 2038 1876 adeo
2081 1811 2352 1878 feliciter
2393 1811 2699 1877 successit
2727 1815 2808 1876 ut
2837 1811 2980 1894 epi·

706 1923 893 1990 stulis
920 1923 1027 1989 48.
1056 1923 1159 1988 62.
1192 1923 1276 1989 68
1305 1922 1579 2007 exceptis
1621 1923 1794 2007 (nam
1835 1922 2172 2006 epistulam
2205 1924 2241 1987 7
2245 1924 2288 1989 5
2317 1923 2599 1990 consulto
2629 1943 2774 1989 eum
2807 1923 2978 1988 omi-

614 2123 619 2130 ,
706 2036 863 2102 sisse
906 2035 1053 2114 dixi,
1096 2033 1438 2101 subditicio.
1478 2051 1624 2100 uero
1669 2035 1963 2118 pleraque
1991 2037 2136 2100 tum
2162 2034 2464 2118 temporis
2493 2051 2613 2100 non
2647 2033 2976 2100 adscribe-

708 2147 937 2213 bantur
958 2143 1291 2232 Cypriano)
1316 2146 1525 2212 omnia
1546 2147 2022 2231 nancisceretur,
2057 2148 2302 2232 praeter
2327 2147 2696 2230 primarium
2727 2146 2979 2212 fontem

707 2258 751 2324 i.
784 2278 835 2324 e.
868 2257 1270 2342 archetypum
1314 2258 1573 2324 alterius
1602 2257 1882 2324 familiae
1913 2259 2070 2325 alios
2099 2277 2342 2342 quoque
2371 2258 2530 2324 adiit
2559 2257 2752 2323 libros
2781 2261 2980 2341 atque

708 2389 781 2436 ex
811 2387 931 2436 uno
974 2387 1187 2436 eorum
1217 2371 1289 2435 ut
1318 2369 1569 2436 uidetur
1606 2371 1976 2453 perantiquo
2015 2387 2208 2454 eoque
2246 2369 2432 2436 hodie
2472 2368 2793 2453 deperdito
2837 2370 2980 2452 epi·

708 2481 903 2548 stulas
946 2482 1005 2548 8.
1050 2483 1154 2548 21.
1198 2482 1299 2548 22.
1344 2481 1447 2548 23.
1494 2482 1597 2550 24.
1643 2481 1745 2546 27.
1779 2483 1882 2548 33.
1915 2482 2018 2548 34.
2051 2481 2155 2548 35.
2187 2483 2290 2548 36.
2322 2482 2430 2548 41.
2459 2482 2567 2566 42,
2615 2483 2770 2548 item
2816 2500 2980 2547 non-

708 2596 910 2662 nullos
949 2596 1256 2661 tractatus
1288 2593 1593 2681 Cypriane
1624 2594 1966 2679 adscriptos
1997 2598 2062 2662 et
2081 2594 2296 2661 Pontii
2326 2595 2529 2661 uitam
2560 2595 2972 2680 deprompsit.

379 2727 487 2772 1210
516 2739 689 2781 tmpe-
708 2726 780 2773 ex
794 2707 846 2772 Τ
869 2726 1013 2775 uero
1036 2728 1145 2794 per
1164 2709 1346 2792 plura
1366 2709 1722 2793 apographa
1743 2709 1810 2775 in
1825 2708 2212 2787 recentiores,
2238 2727 2502 2790 quorum
2523 2708 2738 2774 nullus
2759 2724 2980 2773 saecu·

377 2800 484 2841 runt
516 2796 686 2841 codices

510 2866 555 2933 Z

506 3074 557 3131 μ

434 3311 579 3356 coen
599 3290 645 3355 Z

434 4255 647 4320 00³0:ss

705 2820 841 2886 lum
869 2822 1163 2904 quartum
1192 2822 1507 2888 decimum
1534 2822 1786 2905 superat
1815 2823 2038 2900 aetate,
2069 2820 2468 2887 transierunt.
2518 2821 2665 2885 sunt
2693 2836 2843 2884 uero
2873 2819 2977 2882 hi:

709 2932 896 2998 codex
908 2933 1278 3000 Parisiensis
1301 2934 1464 3000 1658
1482 2933 1636 2999 olim
1651 2933 1951 2999 Fuxensis
1973 2951 2128 2998 saec.
2149 2930 2508 2997 le-XV
2523 2931 2628 3017 (Z)
2643 2932 2724 3016 ³¹³),
2750 2930 2980 2996 Mona-

709 3044 907 3109 censis
962 3044 1171 3111 18203
1222 3062 1378 3111 saec.
1431 3044 1550 3109 XV
1600 3046 1700 3129 (μ)
1713 3045 1834 3129 **),
1887 3044 2210 3111 Remensis
2263 3043 2410 3124 218,
2463 3044 2588 3110 311
2643 3060 2794 3109 saec.
2855 3042 2980 3107 XV

779 3301 834 3367 ⁸⁸¹)
860 3298 1031 3354 Codex
1056 3298 1180 3354 Par.
1228 3302 1361 3352 1658
1404 3298 1644 3352 continet
1685 3298 1844 3353 haec=
1887 3298 2101 3354 libellos
2136 3298 2178 3353 Ι.
2217 3298 2310 3353 IV.
2349 3296 2444 3352 XI.
2471 3298 2536 3351 X.
2561 3298 2714 3353 VIII.
2752 3298 2818 3355 V.
2842 3298 2976 3353 XII.

708 3386 865 3441 XIII.
891 3384 985 3441 VI.
1011 3384 1136 3450 VII,
1174 3385 1464 3455 epistulam
1483 3390 1569 3449 58,
1599 3384 1814 3445 libellos
1835 3384 1930 3443 IX.
1955 3385 2032 3439 Π.
2059 3384 2168 3450 ΙΠ,
2193 3384 2454 3454 epistulas
2481 3388 2565 3439 63.
2593 3389 2640 3439 6.
2671 3389 2752 3439 10.
2775 3388 2861 3438 28.
2889 3389 2976 3437 37.

716 3477 793 3526 11.
828 3476 910 3526 38.
948 3476 1031 3527 39.
1060 3476 1139 3525 14.
1172 3475 1251 3525 76.
1281 3476 1360 3526 71.
1392 3475 1470 3526 70.
1503 3476 1581 3525 16.
1608 3476 1690 3525 69.
1717 3476 1802 3525 40.
1831 3476 1912 3525 64.
1940 3476 1987 3526 2.
2014 3476 2098 3526 57.
2124 3476 2208 3525 59.
2232 3476 2315 3526 47.
2343 3476 2426 3525 45.
2449 3477 2536 3525 44.
2561 3475 2644 3526 49.
2671 3475 2754 3525 50.
2779 3476 2866 3526 54.
2889 3475 2976 3524 48.

708 3563 793 3613 51.
835 3562 914 3612 13.
950 3562 1032 3611 43.
1075 3563 1119 3612 1.
1159 3562 1243 3610 61.
1280 3562 1362 3611 46.
1401 3562 1483 3611 66.
1522 3562 1606 3613 41.
1644 3563 1726 3613 25.
1766 3562 1847 3613 27.
1887 3562 1970 3612 80.
1997 3562 2080 3611 81.
2106 3563 2155 3613 5.
2186 3562 2265 3623 17,
2309 3557 2397 3613 De
2433 3558 2645 3613 duobus
2683 3558 2978 3625 montffisoe,

712 3648 756 3697 7.
798 3648 877 3696 12.
912 3648 999 3697 20.
1040 3649 1120 3701 18.
1149 3649 1235 3698 26.
1258 3648 1307 3698 4.
1337 3648 1415 3697 73.
1448 3648 1527 3697 71.
1556 3648 1640 3697 70.
1667 3648 1749 3698 29.
1777 3648 1857 3699 34.
1887 3648 1968 3698 72.
1995 3649 2045 3699 9.
2073 3649 2156 3698 35.
2183 3648 2265 3697 56.
2290 3648 2374 3709 55,
2411 3644 2699 3713 epistulam
2723 3642 2820 3697 Aa
2849 3644 2976 3712 ple-

708 3733 829 3787 bem
846 3732 1159 3803 Cartayinie
1177 3730 1307 3797 (uid.
1329 3730 1465 3799 App.
1486 3734 1664 3801 273,1)
1683 3731 1776 3785 fol.
1804 3733 1946 3797 19⁷³,
1972 3736 2056 3795 57,
2081 3731 2171 3787 De
2191 3730 2538 3799 spectaculis,
2565 3734 2646 3784 32.
2673 3733 2757 3783 27.
2783 3734 2868 3784 33.
2894 3734 2980 3792 67,

710 3816 952 3873 Sentent.
990 3818 1383 3887 episcoporum,
1420 3820 1502 3872 68.
1543 3822 1624 3883 74,
1659 3816 1952 3887 epistulam
1975 3817 2070 3873 Ad
2099 3818 2398 3874 Tua-asim
2425 3816 2809 3887 presbyterum
2845 3814 2978 3882 (uid.

708 3904 843 3975 App.
871 3908 1079 3972 274,19)
1098 3904 1192 3958 fol.
1213 3908 1357 3971 220⁸,
1382 3903 1477 3958 Aa
1503 3904 1763 3975 Viyilium
1779 3904 2096 3973 episcopum
2113 3902 2182 3958 dc
2203 3902 2441 3958 Iudaica
2457 3901 2866 3969 incredulitate,
2889 3900 2981 3955 Dc

700 3990 1001 4059 pud—icitia,
1038 3990 1298 4061 epistulas
1334 3994 1417 4045 81.
1451 3994 1533 4044 36.
1576 3995 1656 4044 14.
1690 3995 1768 4044 16.
1812 3994 1890 4044 15.
1919 3994 1998 4044 18.
2025 3994 2107 4043 29.
2136 3994 2218 4043 34.
2244 3992 2311 4043 43
2339 4018 2404 4030 -
2430 3988 2522 4042 fol.
2559 3990 2716 4054 2381>3
2752 3988 2806 4041 in
2832 3988 2982 4042 calce

710 4075 944 4131 adicitur
978 4076 1137 4131 index
1174 4078 1504 4147 scriptorum.
1544 4076 1636 4131 hic
1671 4076 1826 4131 codex
1861 4090 1921 4131 eo
1944 4076 2179 4146 insignis
2212 4078 2298 4131 est
2333 4074 2476 4145 quod
2509 4074 2819 4145 saepissime
2857 4090 2982 4127 cum

712 4161 1005 4218 Veronensi
1029 4163 1119 4233 (V)
1146 4163 1428 4218 consentit.

778 4249 861 4317 **)
888 4249 1061 4305 Codex
1083 4250 1419 4305 Monacensis
1466 4252 1634 4303 18203
1677 4249 1918 4304 continet
1957 4250 2116 4304 haec:
2156 4247 2368 4303 libellos
2403 4248 2446 4303 1.
2483 4246 2579 4303 IV.
2615 4246 2706 4301 VI.
2753 4244 2816 4299 V.
2851 4244 2980 4299 VII.

709 4334 866 4390 VIII.
901 4334 995 4391 XI.
1032 4335 1098 4390 X.
1132 4334 1261 4390 XII.
1294 4334 1452 4389 XIII.
1490 4332 1586 4389 1X.
1615 4334 1718 4402 111,
1763 4335 2028 4405 epistulas
2065 4340 2148 4389 63.
2174 4340 2260 4389 55.
2285 4338 2335 4401 6,
2375 4334 2466 4389 De
2497 4332 2668 4388 laude
2700 4333 2980 4403 man-eyn'i,

714 4426 791 4475 10.
830 4426 915 4477 28.
952 4426 1034 4476 er.
1075 4426 1154 4476 11.
1180 4426 1264 4476 88.
1290 4424 1376 4476 se.
1398 4424 1808 4475 58.‘1e.·1e.·11.
1838 4425 1922 4486 vo,
1965 4420 2207 4477 Sentmt.
2235 4421 2628 4489 episcoporum,
2673 4422 2755 4471 u.
2779 4422 2865 4471 69.
2892 4422 2978 4472 40.

709 4511 791 4563 67.
828 4513 911 4563 64.
949 4514 1003 4564 2.
1037 4512 1121 4561 60.
1158 4512 1243 4563 57.
1277 4512 1361 4562 59.
1387 4512 1471 4562 52.
1496 4511 1581 4563 45.
1604 4510 1690 4560 47.
1711 4510 1795 4562 44.
1822 4512 1904 4562 51.
1935 4512 2018 4562 13.
2043 4512 2129 4563 43.
2153 4510 2238 4561 65.
2265 4510 2346 4561 78.
2373 4509 2455 4560 79.
2487 4508 2570 4559 77.
2599 4510 2648 4563 1.
2673 4508 2758 4559 61.
2781 4508 2870 4560 46.
2899 4508 2992 4564 66.
