3217 5150
1260 530 1643 599 Epistulae.
2438 534 2568 600 275

324 689 613 761 orbitam,
645 705 812 764 quem
840 688 1063 763 saepire
1092 689 1365 749 debuerat
1390 707 1521 763 spes
1550 690 1983 754 resurrectionis
2005 693 2063 751 et
2090 691 2253 765 regni
2281 691 2568 752 caelestia.

322 809 631 868 numquam
662 809 795 867 spes
826 809 952 850 cum
981 791 1175 852 dolore
1203 793 1507 852 concordat
1534 809 1639 852 nec
1666 792 1806 852 fides
1836 792 2138 867 aliquando
2169 793 2347 854 sentit
2367 811 2568 868 quam-

326 911 564 969 cumque
604 894 883 954 iactnram
897 940 911 954 .
964 911 1262 970 resurgere
1302 894 1583 954 credimus
1623 898 1851 956 nostros
1865 941 1882 969 ,
1935 900 1994 956 et
2031 897 2376 972 plangimus,
2431 897 2570 972 quid

326 997 663 1072 faceremus,
710 997 761 1058 si
789 998 931 1058 mori
960 999 1347 1059 tantummodo
1397 999 1521 1058 sine
1550 997 1965 1059 resurrectione
1993 1000 2346 1074 praeciperet
2373 1000 2570 1060 Deus?

279 1113 309 1156 5
325 1080 593 1160 uoluntas
624 1101 747 1161 eius
777 1101 899 1162 sola
930 1101 1144 1162 sufficit
1175 1103 1248 1162 ad
1277 1101 1571 1176 solacium,
1596 1101 1690 1162 cui
1719 1101 1942 1162 nullum
1971 1105 2428 1177 praeponendum
2459 1105 2573 1164 sci-

323 1221 453 1264 mus
482 1205 767 1264 affectum.
828 1205 978 1278 quod
1024 1206 1261 1265 dederat
1308 1204 1523 1264 tulerat
1550 1205 1650 1279 qui
1692 1207 2001 1266 creauerat.
2044 1205 2175 1280 quis
2203 1208 2384 1266 certat
2425 1207 2571 1267 alins

323 1307 595 1382 plangere
622 1309 773 1382 quod
801 1308 875 1367 ad
902 1309 1126 1382 tempus
1156 1309 1495 1382 acceperat?
1542 1309 1999 1369 commodauerat
2027 1310 2091 1368 ut
2118 1309 2358 1370 haberes
2382 1316 2568 1384 ‘quan-

303 1399 629 1484 ‘tocumque
656 1412 910 1486 tempore
938 1410 1222 1470 uoluisset
1266 1413 1325 1471 et
1368 1429 1497 1471 cum
1524 1411 1705 1472 uellet
1733 1429 1933 1472 rursus
1962 1411 2232 1474 auferret.
2291 1413 2438 1472 nihil
2467 1414 2570 1472 ab·

326 1514 495 1574 stulit
522 1516 685 1574 tuum
714 1514 814 1590 qui
842 1513 1095 1588 recipere
1125 1515 1397 1589 dignatus
1426 1517 1518 1574 est
1560 1513 1872 1590 proprium.
1918 1516 2196 1576 creditum
2227 1535 2390 1576 snum
2423 1518 2568 1577 reci-

230 1615 309 1675 '1⁰
324 1633 461 1693 pere
490 1617 755 1677 decuerat
783 1616 1138 1691 creditorem,
1170 1619 1229 1678 et
1256 1615 1405 1678 nihil
1435 1618 1593 1678 aliud
1623 1619 1784 1679 decet
1811 1636 1984 1693 quarn
2013 1619 2276 1680 creditori
2305 1637 2407 1679 suo
2437 1638 2570 1696 gra·

325 1719 441 1778 tias
468 1735 639 1794 agere
669 1721 1047 1781 mutuantem.
1080 1721 1165 1780 sic
1192 1719 1296 1780 Iob
1326 1721 1575 1800 legimus
1602 1739 1774 1796 quam
1811 1739 2115 1796 sequamur
2144 1723 2570 1784 deuotissimam

325 1839 541 1884 uocem.
602 1823 982 1898 Dominus,
1042 1824 1263 1900 inquit,
1310 1825 1543 1899 dedit,
1590 1825 1936 1886 Dominus
1978 1827 2322 1889 abstulit.
2371 1829 2572 1889 sicut

328 1926 623 1987 Domino
667 1928 990 2002 placuit,
1035 1929 1139 1988 ita
1180 1929 1456 1990 factum
1499 1933 1636 1993 est.
1693 1930 1796 1990 sit
1836 1947 2090 1991 nomen
2135 1931 2416 1992 Domini
2460 1933 2570 1994 be-

324 2048 367 2089 n
381 2046 412 2089 e
427 2029 713 2091 dictum.
757 2048 958 2106 parum
986 2048 1123 2106 ergo
1152 2049 1265 2092 non
1294 2035 1417 2095 erat
1446 2035 1585 2093 haec
1619 2032 1742 2093 sola
1769 2034 2079 2118 consolatio
2115 2038 2310 2095 contra
2355 2037 2573 2096 luctum

260 2151 315 2191 ιε
335 2132 486 2205 qnod
512 2149 675 2195 nemo
726 2132 924 2209 lugere
977 2136 1180 2194 debeat
1232 2153 1359 2196 cum
1387 2136 1605 2210 aliquid
1635 2137 1948 2197 reddiderit
1977 2137 2246 2212 alienum,
2298 2139 2434 2213 quia
2484 2140 2574 2200 fas

332 2253 447 2296 non
478 2238 606 2298 erat
635 2238 786 2312 apud
830 2237 1007 2298 alium
1052 2238 1291 2299 retineri
1334 2240 1487 2314 quod
1529 2240 1752 2300 domino
1797 2258 1898 2301 suo
1943 2241 2130 2302 fuerat
2171 2244 2573 2304 necessarium.

330 2339 562 2400 additur
591 2339 993 2402 consolationis
1022 2341 1137 2400 alia
1164 2341 1543 2416 prouidentia,
1591 2360 1737 2416 quae
1767 2343 1968 2404 iaculis
2000 2344 2264 2404 orbitatis
2296 2351 2573 2406 occurrat.

330 2443 580 2517 gaudere
650 2444 950 2504 debuimus
1023 2447 1093 2505 de
1164 2446 1389 2505 saeculo
1471 2447 1862 2506 recedentibus
1881 2492 1897 2520 ,
1984 2447 2035 2506 si
2103 2448 2313 2507 saeculi
2381 2453 2582 2510 contra

338 2561 445 2605 nos
484 2545 817 2607 inimicitias
847 2548 1187 2608 sentiremus
1200 2594 1217 2622 ,
1270 2550 1329 2608 et
1360 2548 1686 2624 plangimus
1715 2549 1942 2610 Domini
1981 2549 2250 2611 beneficia
2288 2551 2389 2627 qui
2416 2553 2578 2613 nouit

268 2665 323 2707 20
341 2648 664 2709 infirmitati
688 2653 915 2712 nostrae
944 2652 1096 2726 quod
1123 2654 1398 2726 praestat.
1452 2651 1768 2727 periclitari
1811 2651 2040 2713 uolebat
2083 2654 2269 2713 adhuc
2297 2656 2396 2729 qui
2425 2656 2576 2715 dolet

328 2751 578 2825 aliquem
630 2754 1018 2829 dormientem,
1062 2758 1121 2815 et
1150 2755 1299 2815 inter
1328 2756 1535 2815 fluctus
1564 2754 1718 2816 uitae
1745 2757 2062 2830 praesentis
2093 2756 2284 2817 uidere
2314 2759 2576 2832 cupiebat

467 3006 534 3060 12
569 3006 669 3061 Iob
707 3009 754 3073 1,
789 3008 873 3061 21.

468 3250 503 3304 2
538 3265 839 3321 quancunq.
875 3268 924 3319 r,
959 3252 1425 3322 quantamcunque
1457 3253 1495 3306 h
1678 3253 1712 3307 3
1745 3255 1956 3309 nostros
1989 3256 2114 3325 νμῆ,
2151 3259 2390 3311 mortuos
2427 3260 2511 3313 Zv

330 3336 370 3389 4
402 3335 681 3391 fecerimus
716 3357 757 3407 μ
969 3338 1265 3407 perciperet
1298 3339 1365 3405 Z,
1399 3324 1571 3408 p⁹cipit
1607 3358 1647 3408 μ
1865 3340 1901 3394 5
1933 3341 2049 3395 eius
2083 3342 2271 3412 utique
2304 3344 2354 3408 h,
2390 3344 2578 3411 utique

334 3420 451 3477 eins
488 3424 572 3478 Zv
774 3423 1040 3478 sufficeret
1071 3425 1157 3489 hv,
1194 3424 1476 3479 suffecerat
1510 3426 1563 3479 Z
1767 3441 2087 3496 praeponere
2119 3430 2158 3483 h
2357 3430 2574 3499 scimus]

330 3509 501 3563 simus
537 3529 595 3579 μ,
631 3509 876 3565 iubemus
910 3511 949 3565 h
1143 3567 1145 3570 ,
1181 3512 1216 3565 6
1250 3511 1469 3580 tulerat]
1508 3510 1740 3567 abstulit
1769 3513 1840 3568 hv
2078 3514 2200 3583 quis
2235 3516 2406 3570 certat
2440 3514 2579 3569 alius

326 3596 549 3663 scripsi,
584 3594 715 3665 quid
750 3599 921 3651 certas
955 3596 1052 3661 Zv,
1087 3596 1209 3665 quis
1244 3598 1361 3651 erat
1394 3597 1534 3651 alius
1568 3614 1660 3666 νμ,
1697 3597 1818 3666 quis
1851 3602 1936 3652 est
1968 3599 2063 3667 qui
2096 3600 2135 3654 h
2356 3600 2387 3653 7
2425 3600 2576 3669 plan-

331 3675 431 3751 gat
464 3682 503 3736 h
739 3697 1011 3751 acceperas
1048 3682 1132 3737 Ζυ
1234 3722 1241 3731 .
1368 3682 1834 3738 commendauerat
1865 3700 1898 3737 r
2135 3687 2576 3756 quantocumque]

334 3782 441 3835 qno
478 3768 535 3823 Z
731 3769 767 3822 8
802 3769 877 3839 et]
915 3772 979 3823 ut
1012 3769 1049 3824 h
1252 3786 1467 3825 rursum
1501 3772 1540 3826 h
1755 3770 1965 3827 auferet
2001 3792 2040 3840 μ
2256 3774 2290 3828 9
2323 3773 2580 3842 dig-natus

330 3854 415 3907 est
448 3854 681 3924 recipere
714 3856 989 3926 proprium
1022 3856 1060 3910 h
1318 3856 1572 3925 dignatus
1592 3896 1604 3911 .
1627 3894 1642 3911 .
1663 3894 1676 3909 .
1696 3859 1928 3927 recipere
1961 3874 2061 3912 om.
2099 3874 2132 3912 r
2383 3860 2452 3914 10
2485 3860 2580 3915 de·-

334 3939 452 3994 cuit
484 3942 523 3996 h
718 3942 785 3996 12
820 3942 971 3998 dedit
1005 3944 1061 3997 et
1094 3958 1167 4013 νμ.
1362 3943 1431 3997 13
1463 3944 1545 3997 ita
1579 3959 1679 3999 om.
1717 3961 1750 4000 r
1933 3945 2003 3999 14
2035 3946 2240 4016 parum]
2276 3962 2444 4017 parua
2477 3949 2514 4001 h

272 4027 280 4033 '
335 4025 451 4081 sola
486 4042 589 4082 om.
625 4029 663 4082 h
902 4029 971 4083 15
1007 4044 1167 4098 quom
1202 4045 1235 4083 r
1268 4034 1336 4085 ut
1368 4029 1503 4085 solet
1743 4029 2027 4086 crediderit
2060 4032 2116 4085 Z
2347 4033 2578 4089 alienum

334 4112 463 4180 quia
498 4128 598 4168 om.
645 4113 700 4168 Z
967 4115 1037 4169 16
1070 4114 1177 4169 erit
1210 4114 1262 4169 Z
1508 4114 1739 4170 detineri
1773 4117 1858 4173 Zv
2117 4116 2298 4172 fuerat
2332 4135 2427 4172 suo
2463 4120 2517 4174 Z

334 4198 403 4260 1?
438 4202 678 4254 occurrat
709 4200 963 4257 orbitatis
998 4200 1083 4255 Zv
1262 4201 1329 4255 18
1362 4200 1610 4272 gaudere]
1649 4201 1902 4271 plangere
1935 4202 1972 4257 h
2145 4203 2442 4259 recedentes
2476 4206 2514 4259 h

340 4283 406 4338 19
442 4284 759 4341 inimicitias
795 4289 980 4342 contra
1013 4301 1112 4341 nos
1146 4286 1368 4341 minime
1403 4288 1442 4342 h
1713 4290 1771 4341 et
1805 4304 1907 4343 om.
1945 4288 2066 4357 er.
2327 4289 2580 4345 beneficia

332 4368 547 4425 domini
580 4371 663 4428 Ζυ
942 4373 1115 4444 nouit]
1152 4373 1311 4428 nobis
1348 4374 1487 4443 quod
1520 4375 1762 4445 praestat
1797 4374 1880 4429 Zv
2170 4374 2241 4429 20
2274 4376 2446 4429 nostri
2481 4392 2512 4428 r

335 4454 479 4524 qnod
513 4472 615 4512 om.
652 4458 735 4515 Zv
954 4462 1191 4533 praestet
1224 4461 1278 4531 h,
1316 4476 1415 4516 om.
1452 4462 1509 4517 Z
1717 4460 1784 4515 21
1821 4446 1971 4531 pitis
2006 4481 2064 4530 μ,
2097 4462 2312 4531 punctis
2347 4478 2379 4515 r

2033 4552 2180 4614 18*
