3217 5150
767 556 860 610 De
893 554 1245 609 duodecim
1281 554 1590 609 abusiuis
1626 556 1883 610 saeculi
1931 572 1975 609 c.
2013 556 2165 610 7-8.
2472 562 2591 629 165

335 716 540 775 beati
606 732 966 789 pauperes
1011 715 1320 790 spiritu,
1378 715 1714 789 quoniam
1756 714 2072 789 ipsorum
2118 718 2231 775 est
2295 732 2595 789 regnum

333 836 370 877 c
385 836 420 877 a
433 816 495 878 el
513 835 546 878 o
559 835 590 876 r
603 834 728 876 um.
775 819 932 877 recta
961 834 1204 893 namque
1231 816 1656 893 dispensatione
1685 818 2005 878 misericors
2036 818 2179 878 caeli
2203 834 2445 892 regnum
2470 817 2591 877 illis

339 919 648 981 committit
674 920 880 995 quibus
903 920 1069 995 regni
1097 925 1381 981 terrarum
1409 920 1909 995 participationem
1936 914 2107 1003 [inter
2136 921 2425 997 mortales]
2456 920 2589 979 abs-

340 1024 482 1083 tulit
496 1069 512 1096 ,
557 1026 624 1083 ut
674 1023 796 1099 ipse
847 1024 1008 1085 dines
1037 1024 1098 1083 in
1127 1024 1272 1085 caeli
1299 1024 1432 1084 sede
1462 1026 1738 1099 appareat
1788 1024 1889 1098 qui
1912 1026 1973 1083 in
2001 1027 2157 1084 terra
2186 1024 2415 1098 penitus
2444 1020 2591 1084 nihil

293 1150 318 1187 s
343 1129 629 1202 procurat.
687 1130 1001 1189 cauendum
1041 1144 1176 1188 uero
1217 1126 1563 1202 pauperibus
1605 1130 1697 1187 est
1710 1172 1726 1201 ,
1770 1145 1841 1188 ne
1885 1129 2019 1188 dum
2057 1144 2159 1203 per
2188 1126 2588 1189 necessitatem

340 1233 530 1290 terrae
582 1247 823 1305 regnum
869 1231 1149 1306 perdunt,
1206 1248 1308 1305 per
1357 1231 1565 1292 mentis
1616 1231 2058 1307 imprudentiam
2098 1229 2273 1291 etiam
2306 1229 2589 1291 caelorum

344 1350 524 1407 regna
551 1334 838 1395 amittant.
871 1352 998 1395 cum
1027 1334 1178 1395 enim
1207 1333 1313 1393 Dei
1343 1334 1764 1409 dispensatione
1794 1334 2187 1408 paupertatem
2216 1333 2593 1393 necessariam

337 1436 694 1510 acceperint,
749 1435 813 1495 in
842 1436 1096 1512 ipsorum
1148 1436 1388 1496 arbitrio
1419 1429 1629 1511 pendet
1669 1418 1861 1497 utrum
1900 1452 2179 1511 pauperes
2209 1436 2419 1510 spiritu
2447 1437 2585 1496 sint.

338 1556 454 1599 non
483 1540 635 1600 enim
666 1539 1115 1614 quibuscumque
1144 1540 1490 1614 pauperibus
1519 1538 1665 1599 caeli
1691 1556 1873 1615 regna
1897 1540 2339 1626 promittuntur,
2371 1540 2472 1598 sed
2500 1539 2593 1598 his

263 1665 322 1704 ιο
339 1642 730 1703 tantummodo
760 1642 967 1717 quibus
997 1638 1588 1716 diuitiarum'inopiam
1618 1643 1929 1703 animorum
1950 1634 2245 1703 humilitas
2267 1642 2590 1702 comitatur.

337 1764 556 1821 pauper
585 1746 736 1806 enim
765 1745 1002 1806 humilis
1041 1761 1256 1820 pauper
1285 1745 1492 1819 spiritu
1519 1744 1845 1821 appellatur
1859 1790 1874 1819 ,
1916 1746 2017 1819 qui
2057 1762 2186 1805 cum
2215 1761 2425 1819 egenus
2449 1744 2587 1803 foris

337 1850 610 1923 cernitur,
640 1867 948 1925 numquam
973 1850 1036 1909 in
1063 1848 1389 1923 superbiam
1419 1849 1713 1909 eleuatur:
1745 1849 2009 1923 quoniam
2040 1850 2113 1908 ad
2142 1849 2387 1924 petenda
2414 1846 2590 1922 regna

336 1952 622 2013 caelorum
650 1954 782 2028 plus
823 1951 982 2013 ualet
1010 1954 1219 2014 mentis
1249 1953 1548 2013 humilitas
1600 1969 1769 2027 quam
1819 1951 2206 2026 praesentium
2256 1950 2588 2011 diuitiarum

339 2056 674 2131 temporalis
703 2058 1032 2131 paupertas,
1078 2055 1290 2117 etenim
1319 2055 1564 2116 humiles
1595 2055 1695 2130 qui
1723 2056 1865 2115 bene
1896 2055 2131 2115 diuitias
2160 2070 2455 2128 possessas
2483 2055 2591 2114 ha-

264 2179 318 2217 15
339 2160 478 2219 bent
516 2162 760 2235 possunt
800 2176 1080 2234 pauperes
1121 2159 1332 2233 spiritu
1361 2158 1641 2233 appellari
1654 2204 1671 2232 ,
1714 2160 1773 2219 et
1813 2159 2085 2233 superbos
2129 2157 2279 2217 nihil
2320 2158 2597 2217 habentes

337 2261 493 2321 haud
521 2262 756 2323 dubium
787 2265 878 2322 est
918 2260 1275 2322 beatitudine
1307 2261 1667 2337 paupertatis
1696 2261 1935 2336 priuati.
1998 2263 2067 2321 de
2096 2261 2303 2337 quibus
2333 2261 2589 2334 utrisque

339 2366 538 2425 sancta
567 2365 850 2439 scriptura
889 2364 975 2425 ita
1015 2365 1296 2439 loquitur:
1357 2368 1470 2425 est
1513 2364 1725 2441 quasi
1769 2364 1999 2437 diues,
2045 2380 2195 2425 cum
2238 2362 2429 2422 nihil
2471 2362 2590 2423 ha-

337 2467 510 2526 beat
553 2470 623 2527 et
665 2470 780 2526 est
844 2468 1054 2543 quasi
1121 2484 1432 2543 pauper,
1499 2485 1651 2527 cum
1691 2468 1765 2527 in
1819 2468 2077 2527 multis
2120 2467 2428 2528 diuitiis
2472 2467 2591 2526 sit.

342 2568 507 2645 quasi
566 2569 728 2630 diues
785 2573 876 2632 est
933 2589 1149 2646 pauper
1207 2572 1487 2646 superbus
1545 2570 1757 2632 mentis
1822 2570 2030 2631 affectu
2069 2572 2129 2630 et
2185 2569 2351 2645 quasi
2378 2587 2593 2644 pauper

261 2695 322 2736 ao
341 2675 433 2733 est
461 2673 624 2732 diues
665 2674 875 2733 mentis
909 2674 1254 2734 humilitate.
1317 2673 1480 2734 diues
1521 2689 1657 2747 ergo
1688 2673 1880 2747 inopia
1908 2675 1997 2733 est
2042 2671 2252 2732 mentis
2298 2671 2594 2733 humilitas

337 2779 399 2836 et
419 2776 646 2858 ineptae
667 2776 902 2837 diuitiae
919 2779 1056 2837 sunt
1077 2776 1396 2839 animorum
1413 2776 1732 2836 inormitas.
1756 2776 2163 2850 prouidendum
2179 2791 2315 2850 ergo
2338 2778 2428 2836 est
2449 2793 2590 2850 pau·

475 3047 506 3100 1
541 3045 742 3100 Matth-
778 3047 828 3110 5,
864 3045 916 3100 3.
1127 3047 1191 3101 17
1227 3046 1388 3104 Pron.
1428 3047 1509 3112 13,
1548 3047 1597 3101 7.

476 3284 512 3338 2
545 3284 841 3340 misericors
876 3284 1035 3340 iudex
1065 3301 1100 3340 v
1296 3284 1385 3339 illi
1420 3284 1506 3339 X²
1700 3284 1735 3338 3
1768 3286 2036 3340 terrarum
2072 3299 2175 3340 om.
2212 3284 2274 3338 X
2450 3285 2593 3339 inter

336 3369 593 3424 mortales
627 3385 726 3424 om.
772 3371 892 3437 GV,
933 3371 992 3426 in
1027 3373 1268 3425 mortuos
1303 3371 1376 3437 X,
1413 3371 1472 3425 in
1506 3372 1714 3425 mortuo
1758 3369 1809 3424 G
1840 3387 1908 3426 m.
1944 3373 1986 3424 2
2020 3369 2149 3425 add.
2183 3371 2246 3424 ὑπ
2282 3386 2454 3441 mae-9.

337 3455 375 3510 4
410 3455 547 3513 caeli
581 3455 720 3526 sede]
759 3457 920 3512 caelis
965 3457 1019 3512 V
1216 3458 1252 3512 5
1286 3457 1432 3527 uero]
1471 3473 1596 3526 ergo
1641 3457 1723 3512 Vv
1928 3459 2013 3512 est
2044 3455 2368 3526 pauperibus
2412 3457 2465 3510 V

339 3544 636 3616 egestatem
672 3545 728 3598 et
761 3543 1138 3598 necessitatem
1173 3561 1208 3600 v
1424 3543 1458 3598 6
1491 3545 1766 3598 terrenum
1801 3559 1835 3599 v
2040 3542 2287 3612 perdunt]
2325 3544 2591 3611 praetere-

339 3630 442 3683 unt
475 3627 568 3684 Xo
728 3630 895 3685 etiam
929 3630 1322 3700 impudentiam
1353 3647 1388 3686 v
1560 3629 1592 3684 7
1630 3645 1851 3699 regnum
1886 3629 1948 3684 X
2114 3629 2433 3684 ammittant
2475 3629 2526 3684 G

337 3717 374 3772 8
408 3716 598 3786 pendit
641 3715 715 3772 θ’
899 3716 934 3771 9
968 3716 1388 3786 quibuscumque
1419 3730 1649 3785 namque
1682 3732 1731 3781 v,
1768 3715 2190 3784 quibuscumque
2223 3713 2285 3768 X
2476 3729 2591 3768 cae·

336 3805 517 3859 lorum
550 3804 613 3860 X
861 3804 931 3860 10
959 3803 1020 3858 in
1054 3803 1248 3873 quibus
1282 3820 1317 3859 v
1566 3803 1778 3872 inopia.
1811 3803 1874 3856 X
2118 3800 2183 3855 11
2219 3800 2404 3870 egenis
2438 3799 2502 3854 X
2506 3804 2523 3831 ¹

337 3889 486 3946 foras
528 3889 583 3946 V
781 3891 851 3946 12
885 3889 1135 3960 superbia
1169 3890 1231 3945 X
1444 3889 1515 3944 ad
1548 3889 1848 3959 appetenda
1879 3905 1929 3955 v,
1964 3888 2036 3943 ad
2067 3885 2431 3956 consequenda
2464 3886 2527 3941 X

342 3978 408 4032 13
445 3979 502 4031 et
535 3977 737 4033 mentis
779 3977 834 4032 V
1032 3977 1456 4045 praesentiarum
1498 3975 1552 4029 V
1759 3975 1825 4030 15
1858 3976 1919 4028 et
1950 3973 2167 4043 superbi
2209 3973 2301 4038 6¹,
2337 3973 2590 4043 superbos

339 4065 522 4118 autem
555 4079 590 4118 v
796 4063 864 4118 16
898 4063 1035 4118 haut
1077 4062 1168 4127 θ’,
1204 4078 1314 4117 non
1349 4063 1414 4118 X
1618 4063 1683 4118 1⁷
1718 4077 1839 4117 cum
1871 4077 1925 4114 n.
1962 4061 2038 4130 h.]
2075 4060 2218 4114 nihil
2251 4060 2455 4116 habens
2488 4077 2522 4114 v

343 4149 410 4204 18
445 4149 602 4218 quasi
618 4189 634 4202 .
655 4187 668 4200 .
691 4189 703 4201 .
733 4148 769 4204 l.
795 4151 876 4203 20
908 4148 1224 4204 humilitate
1257 4165 1359 4204 om.
1387 4149 1461 4214 X,
1496 4148 1653 4218 quasi
1687 4163 1886 4218 pauper
1920 4162 2047 4216 ergo
2082 4147 2139 4200 in
2160 4146 2353 4200 multis
2376 4145 2591 4200 diuitiis

338 4237 426 4290 est
459 4234 610 4292 diues
643 4233 868 4290 humilis
903 4235 1125 4304 spiritu;
1161 4236 1218 4290 et
1251 4233 1394 4294 nihil
1426 4233 1631 4289 habeus
1654 4233 1809 4303 quasi
1830 4233 1983 4288 diues
2006 4233 2089 4288 est
2110 4247 2309 4301 pauper
2330 4232 2590 4301 superbus

339 4321 540 4381 mentis
574 4321 768 4376 affeetu
804 4337 838 4377 v
1046 4321 1112 4375 19
1147 4319 1341 4376 effectu
1371 4321 1425 4376 V
1622 4323 1683 4376 et
1716 4319 1871 4389 quasi
1905 4335 1958 4390 p.
1994 4335 2039 4375 e.
2078 4317 2131 4373 d.
2170 4334 2240 4371 m.
2276 4317 2591 4371 humilitate

337 4423 443 4462 om.
478 4407 573 4462 Xv
788 4407 860 4461 20
892 4407 1044 4461 diues
1089 4405 1155 4471 G,
1191 4405 1382 4460 diuitis
1426 4407 1487 4472 V,
1523 4407 1719 4461 nobilis
1755 4405 1847 4462 Xv
2061 4405 2129 4459 21
2166 4403 2455 4458 enormitas
2488 4420 2522 4455 v

334 4494 422 4548 est
456 4508 581 4562 ergo
616 4492 938 4562 pauperibus
972 4507 1035 4560 v;
1070 4508 1194 4563 ergo
1233 4509 1333 4548 om.
1379 4491 1430 4547 V
