3217 5150
1026 514 1374 569 uerborum
1411 514 1476 567 et
1509 512 1948 567 locutionum.

405 686 587 725 casum
621 669 845 724 medella
875 668 1196 724 rescinditur
1219 668 1336 734 563,
1363 668 1456 734 21,

407 739 628 793 miserae
663 754 814 792 uoces
851 738 917 791 ad
953 738 1168 807 singula
1187 736 1458 805 fragmina

407 807 558 877 ponti
595 808 640 860 A
664 808 782 873 299,
803 808 900 871 49,
936 806 1005 860 ad
1027 822 1300 861 murmura
1323 805 1456 860 caeli

404 877 582 931 oculos
618 876 835 930 retorsit
866 876 911 929 A
950 875 1068 939 294,
1106 876 1235 937 116,
1269 875 1456 929 mirari

405 944 474 998 ad
533 960 751 999 munera
801 945 848 999 A
881 944 967 1007 41,
1002 944 1064 1005 8;
1123 944 1191 998 ad
1249 944 1326 997 ali
1363 943 1456 997 uid

406 1012 684 1067 rescribere
736 1014 856 1079 512,
895 1012 989 1074 16,
1041 1012 1160 1078 523,
1199 1013 1291 1072 14;
1371 1012 1455 1077 25,

407 1083 474 1136 15
507 1112 575 1123 —
610 1081 917 1150 respondere
970 1080 1038 1136 ad
1095 1081 1304 1150 aliquid
1339 1081 1455 1146 189,

408 1152 500 1211 15,
555 1151 670 1213 193,
708 1151 802 1211 15,
833 1150 953 1217 430,
989 1151 1049 1211 5,
1081 1150 1202 1215 432,
1237 1151 1300 1215 9,
1336 1150 1454 1213 593,

404 1220 470 1273 21
484 1240 498 1283 ,
551 1218 619 1272 ad
669 1219 958 1287 epistulam
1009 1220 1304 1273 consentire
1335 1219 1456 1285 435,

405 1289 499 1352 17,
534 1288 652 1352 341,
688 1288 784 1350 24,
818 1287 937 1353 807,
975 1288 1067 1348 13,
1103 1287 1336 1341 adlenes
1360 1303 1452 1341 au-

405 1372 491 1410 ras
525 1356 802 1411 hortorum
836 1355 1002 1410 facies
1026 1358 1296 1410 consentit
1317 1356 1368 1422 3,
1393 1357 1453 1419 7,

402 1423 630 1479 formare
663 1425 926 1479 instruere
959 1424 1028 1479 ad
1053 1425 1262 1493 aliquid
1285 1425 1370 1494 30,
1393 1424 1455 1487 4,

405 1494 520 1559 188,
559 1494 652 1555 17,
709 1494 826 1559 311,
865 1496 922 1555 1,
974 1494 1093 1557 516,
1127 1494 1188 1555 2,
1239 1493 1358 1559 506,
1393 1492 1456 1555 5,

403 1560 472 1615 ad
505 1562 796 1631 imaginem
847 1562 1197 1631 praefigurari
1239 1564 1358 1629 328,
1393 1563 1456 1623 4,

401 1630 520 1697 404,
546 1630 611 1691 5,
645 1630 714 1685 ad
746 1630 919 1685 instar
943 1632 999 1685 et
1024 1632 1192 1684 uicem
1228 1632 1452 1685 masculi

403 1699 520 1764 203,
545 1700 605 1759 6,
639 1698 708 1753 ad
729 1699 902 1753 instar
929 1700 1240 1768 angelorum
1263 1700 1312 1753 A
1334 1700 1454 1764 215,

403 1768 470 1823 28
506 1768 601 1836 (cf.
641 1768 720 1833 12,
756 1768 876 1835 23),
929 1768 996 1823 ad
1049 1768 1224 1821 instar
1259 1768 1302 1823 li
1339 1767 1454 1822 uidi

403 1836 662 1959 {arag
714 1784 1452 1974 {321121512112132131‘212113

403 1973 518 2038 199,
556 1974 649 2035 14,
683 1974 927 2042 probatio
963 1978 1047 2029 est
1082 1974 1151 2028 ad
1185 1973 1344 2028 fidem
1369 1974 1449 2029 fa-

401 2041 520 2095 cilis
555 2042 675 2107 212,
711 2042 770 2103 7,
818 2042 883 2097 ad
921 2043 1296 2097 unanimitatis
1331 2042 1452 2097 uin·-

2498 510 2628 576 409

1578 667 1811 736 aliquem
1865 682 1977 721 esse
2029 668 2237 737 oportet
2288 667 2333 719 A
2379 665 2496 731 169,
2536 664 2629 727 10,

1579 736 1648 790 ad
1684 738 1773 803 (=
1810 734 1999 804 apud):
2092 734 2250 789 uibus
2296 733 2363 788 ad
2397 738 2453 789 te
2487 735 2627 788 ratio

1577 804 1881 859 constiterit
1915 804 2033 869 536,
2130 804 2223 869 (cf.
2262 803 2455 872 quibus
2490 802 2627 872 apud

1575 890 1675 927 nos
1742 872 1882 927 ratio
1954 872 2261 926 constiterit
2328 872 2447 939 539,
2513 872 2628 941 10),

1575 941 1908 997 circumcisio
1978 941 2243 1010 spiritalis
2314 940 2381 995 ad
2448 940 2631 995 fideles

1575 1026 1757 1065 seruos
1812 1025 1925 1064 esse
1983 1010 2158 1078 coepit
2208 1009 2327 1075 477,
2361 1010 2423 1071 2,
2456 1040 2527 1050 -
2561 1008 2630 1063 ad

1576 1076 1843 1149 liquiduln
1896 1081 1955 1133 et
2008 1078 2219 1148 integre
2275 1078 2428 1146 loqui
2459 1078 2510 1133 A
2543 1079 2629 1143 81,

1576 1149 1670 1215 25,
1705 1148 1774 1202 ad
1809 1148 2104 1217 perfectum
2140 1143 2346 1200 erudire
2379 1146 2499 1213 400,
2537 1148 2627 1213 13,

1577 1234 1635 1271 se
1669 1217 1738 1271 ad
1784 1217 2045 1271 incertum
2081 1215 2319 1270 subicere
2352 1215 2629 1284 temptati-

1575 1286 1669 1340 oni
1702 1288 1749 1339 A
1788 1285 1906 1351 198,
1931 1286 2025 1351 28,
2057 1284 2129 1338 ad
2163 1299 2409 1353 praesens
2443 1285 2629 1338 suauia

1577 1356 1696 1420 569,
1732 1355 1825 1420 21,
1879 1355 1948 1408 ad
1998 1367 2245 1423 praesens
2298 1352 2459 1421 ligati
2504 1352 2629 1418 829,

1577 1423 1671 1491 20,
1725 1423 1793 1477 ad
1842 1425 2057 1492 tempus
2114 1422 2233 1487 368,
2268 1421 2363 1487 20,
2414 1420 2532 1487 370,
2570 1422 2630 1482 2,

1559 1492 1695 1557 670,
1732 1493 1792 1557 7,
1826 1492 1945 1557 672,
1980 1492 2039 1556 2,
2076 1490 2192 1555 728,
2230 1489 2323 1555 14,
2358 1490 2629 1557 Δ275,7,

1576 1561 1646 1615 ad
1680 1562 1867 1615 horam
1890 1562 2009 1626 841,
2036 1560 2129 1621 19,
2165 1558 2232 1613 ad
2254 1558 2482 1613 inuicem
2506 1574 2628 1613 con-

1577 1631 1764 1685 uenire
1798 1632 1845 1682 A
1883 1630 1997 1696 195,
2031 1629 2093 1694 4,
2152 1626 2389 1695 adusque
2440 1643 2630 1698 proge-

1575 1700 1721 1758 niem
1756 1699 1803 1755 A
1841 1698 1957 1763 120,
1993 1700 2053 1761 2;
2111 1695 2179 1750 ad
2214 1697 2317 1750 hoc
2353 1699 2439 1764 (=
2476 1712 2570 1765 pro
2606 1726 2630 1737 -

1575 1770 1663 1821 ter
1698 1768 1816 1833 hoc)
1852 1767 1971 1833 584,
2008 1767 2090 1821 16.
2130 1765 2221 1830 17,
2257 1765 2375 1831 652,
2410 1766 2475 1831 3,
2511 1766 2544 1819 6
2579 1766 2631 1831 3,

1575 1837 1676 1901 21,
1711 1835 1828 1902 687,
1866 1836 1957 1899 16,
1996 1834 2113 1899 780,
2148 1834 2231 1888 21.
2268 1835 2337 1887 22

1507 1903 1791 1974 adaequari
1825 1905 1987 1959 alicui
2023 1904 2140 1969 756,
2176 1902 2235 1969 5,
2272 1903 2388 1968 763,
2426 1902 2455 1955 7

1507 1972 1769 2042 adaquare
1804 1974 1923 2037 706,
1960 1972 2025 2027 13

1507 2040 1847 2097 adcumulare
1882 2041 2126 2096 tenebras
2160 2040 2281 2106 824,
2318 2040 2386 2094 29

401 2109 578 2163 culum
614 2111 932 2181 coniungere
973 2113 1094 2177 811,
1129 2112 1224 2173 22;
1283 2112 1453 2166 securi
1507 2110 1752 2165 adcurro:
1782 2112 1934 2180 perf.
1969 2109 2243 2164 adcucurri
2277 2109 2396 2172 693,
2422 2108 2499 2171 ,12

401 2178 466 2232 de
497 2179 732 2248 praemio
765 2180 982 2235 caelesti
1017 2179 1086 2234 ad
1121 2181 1452 2251 prophetiam
1507 2179 1741 2235 addictio
1792 2178 2163 2233 fornicationis
2216 2180 2434 2246 (oppon.
2487 2176 2631 2233 inte·

400 2246 519 2313 837,
558 2248 651 2309 15,
701 2265 896 2318 aquam
931 2251 1166 2319 accipere
1202 2248 1269 2303 ad
1305 2265 1451 2303 men-

399 2332 578 2369 suram
612 2316 730 2384 535,
766 2317 801 2371 5
835 2346 904 2359 -—-
937 2318 1006 2373 ad
1050 2318 1229 2387 (circa,
1264 2318 1451 2373 aduer-

400 2400 507 2449 sus,
539 2392 786 2441 nostrum
801 2384 813 2403 ‘
823 2388 1132 2457 qeqember,
1168 2386 1234 2441 im
1267 2387 1450 2443 Rach-

398 2454 536 2508 aicht
569 2451 758 2521 ααΓ),
793 2455 1048 2525 impedire
1097 2454 1332 2523 aliquem
1385 2456 1450 2510 ad

1646 2250 1798 2303 wis
1833 2247 2096 2318 dignitas)
2130 2248 2179 2300 A
2214 2247 2334 2313 215,
2366 2246 2405 2300 4

1507 2315 1576 2369 ad
1617 2319 1753 2371 'ctus
1814 2320 1901 2384 (=
1961 2306 2297 2383 damnatum:
2367 2314 2630 2369 cremabit

1571 2386 1815 2510 fflgictgs
1877 2384 2065 2439 ardens
2124 2400 2328 2453 semper
2387 2383 2630 2453 gehenna

400 2521 606 2591 aliquid
642 2523 758 2590 249,
793 2524 855 2590 9,
907 2524 1026 2590 720,
1067 2524 1161 2586 14,
1199 2538 1451 2648 ἔπρεπε
1505 2523 1931 2579 additamentum
1968 2522 2103 2590 (scil.
2138 2521 2388 2591 pecuniae
2422 2542 2488 2569 =
2524 2536 2625 2576 no-

399 2589 468 2644 ad
519 2592 725 2647 bestias
759 2595 808 2660 9,
845 2595 908 2654 9,
967 2593 1198 2662 implaca
1235 2593 1328 2648 ihs
1381 2594 1450 2648 ad

398 2659 630 2740 aliquem
666 2661 782 2726 254,
819 2661 879 2724 4,
936 2661 1005 2716 ad
1044 2677 1260 2783 {Er-ecem
1389 2679 1448 2715 u-

397 2742 537 2794 pens
589 2728 856 2784 humanus
889 2730 1008 2796 376,
1127 2749 1140 2791 ,
1199 2735 1346 2785 cauti
1381 2730 1450 2785 ad

397 2795 818 2852 sollicitudinem
873 2799 989 2863 189,
1024 2799 1121 2860 21,
1179 2799 1281 2852 sim
1318 2799 1448 2852 lices

396 2863 462 2917 ad
497 2865 854 2921 innocentiam
890 2868 1008 2932 209,
1043 2869 1107 2928 3,
1160 2868 1286 2921 timi
1327 2868 1339 2879 '
1378 2868 1447 2922 ad

395 2932 615 3002 pietatis
650 2935 960 3005 obsequium
994 2937 1113 3000 358,
1141 2937 1231 2998 15,
1267 2936 1448 2991 timidi

395 3001 464 3056 ad
493 3003 790 3082 periculum
825 3004 943 3070 210,
982 3005 1049 3058 10
1061 3026 1074 3070 ,
1109 3005 1177 3059 ad
1211 3002 1448 3060 discendi

392 3073 710 3139 patientiam
761 3071 898 3127 lenis
931 3074 1049 3139 807,
1088 3074 1180 3134 17,
1231 3073 1300 3127 ad
1337 3089 1447 3129 om-

393 3140 1446 3266 &23¹⁰”23ffl‘12‘32334a2358f03·

393 3275 512 3340 415,
536 3276 626 3343 14,
643 3279 850 3346 ingrati
868 3279 935 3334 ad
949 3279 1198 3334 beneficia
1215 3281 1334 3346 306,
1358 3281 1448 3342 16,

393 3343 614 3399 idoneus
648 3346 815 3400 bonus
849 3346 918 3401 ad
951 3347 1000 3400 V
1033 3364 1076 3402 c.
1115 3349 1176 3409 2,
1211 3348 1259 3403 V
1282 3365 1324 3403 c.
1353 3350 1445 3412 10,

394 3411 443 3464 V
464 3429 508 3466 c.
545 3413 640 3476 15,
674 3414 742 3468 ad
775 3417 1054 3483 pecuniam
1089 3416 1294 3472 domini
1327 3417 1446 3484 245,

395 3481 489 3543 12,
557 3481 644 3536 rin
677 3483 690 3496 ‘
761 3485 880 3537 tum
903 3484 1097 3539 habere
1127 3484 1196 3539 ad
1221 3486 1447 3542 crimina

391 3549 478 3616 22,
549 3551 610 3618 1,
785 3553 1082 3620 perniciosa
1132 3557 1444 3623 potentatus

392 3617 478 3684 24,
509 3621 568 3680 1;
602 3618 671 3673 ad
705 3621 956 3689 temporis
991 3622 1152 3676 huius
1186 3622 1446 3691 proelium

393 3687 598 3755 primus
633 3688 752 3754 582,
776 3689 838 3750 9,
873 3705 1070 3744 merces
1106 3690 1175 3745 ad
1307 3693 1443 3747 tiam

391 3755 622 3810 secunda
649 3757 768 3822 202,
795 3761 886 3820 18,
923 3759 992 3812 ad
1015 3775 1098 3814 res
1121 3776 1212 3815 ma
1318 3777 1445 3816 usus

392 3825 474 3890 14,
514 3824 581 3879 10
587 3844 604 3887 3
639 3825 708 3879 ad
743 3825 908 3880 bonos
943 3843 1113 3882 mores
1149 3830 1443 3900 exemplum

389 3893 508 3959 496,
534 3895 602 3948 10
614 3912 628 3956 ,
662 3894 730 3950 ad
765 3895 1054 3950 nocendum
1089 3897 1292 3952 occasio
1323 3899 1444 3964 474,

389 3961 450 4028 3,
504 3962 573 4016 ad
621 3963 902 4018 audaciam
953 3965 1174 4019 comites
1225 3967 1345 4032 470,
1382 3968 1443 4028 7,

389 4030 694 4154 ἵξὲἓξῧ
737 4032 818 4154 ²2³5
860 4031 1128 4156 diii-'¹¹¹3
1157 4033 1444 4158 {⁹3¹3

389 4143 850 4224 circumdamini
883 4142 1089 4224 imitari
1124 4171 1360 4252 aliquem
1395 4173 1444 4226 A

392 4236 508 4300 198,
543 4238 638 4303 28,
697 4239 908 4294 animus
959 4237 1030 4292 ad
1071 4242 1289 4309 nuptias
1324 4241 1443 4306 201,

392 4304 485 4367 18,
559 4307 698 4362 oculi
756 4307 824 4362 ad
899 4306 1178 4363 libidinem
1247 4310 1444 4363 curiosi

390 4373 507 4439 200,
568 4375 659 4436 23,
727 4373 968 4430 laborare
1026 4375 1093 4430 ad
1162 4377 1444 4432 medellam

389 4441 509 4506 431,
548 4445 640 4504 19;
695 4445 816 4510 479,
850 4444 913 4512 4,
969 4445 1072 4500 hac
1121 4445 1330 4501 ratione
1375 4446 1443 4501 ad

1571 2600 1749 2662 strum
1773 2589 1787 2610 ‘
1800 2593 2070 2662 thaye'):
2126 2590 2490 2645 additamento
2536 2589 2626 2644 de-

1572 2662 1767 2716 sideria
1795 2677 2090 2742 ¹pauperum
2126 2660 2311 2713 iuuare
2344 2659 2464 2725 587,
2503 2659 2567 2714 15

1503 2731 1755 2785 adducere
1790 2747 1849 2784 in
1886 2746 1941 2783 se
1975 2729 2171 2783 delicta
2200 2728 2325 2794 723,
2363 2728 2430 2782 14

1501 2799 1691 2855 adedo:
1752 2799 1946 2866 (arbor)
1984 2797 2167 2852 subter
2202 2797 2415 2851 adesam
2449 2795 2628 2865 perdit

1569 2869 1795 2922 humum
1828 2867 1877 2921 A
1912 2867 2031 2932 292,
2067 2867 2132 2921 67

1500 2936 1633 2991 adeo
1670 2937 1751 2990 ita
1786 2940 1835 2991 A
1871 2938 1955 3003 73,
1988 2937 2025 2990 4
2190 2992 2199 3002 ‚

1501 3005 1746 3060 adfatus:
1816 3004 2031 3059 adfatus
2086 3004 2338 3058 tremisco
2396 3007 2517 3058 tuos
2576 3003 2624 3058 A

1568 3075 1689 3140 286,
1723 3075 1793 3129 95

1499 3143 1769 3198 adfectare
1790 3142 2063 3197 libertatis
2088 3141 2363 3196 audaciam
2386 3143 2505 3208 398,
2532 3141 2623 3208 15,

1569 3211 1771 3280 (uirgo)
1829 3211 2065 3266 adfectat
2124 3212 2363 3264 animum
2400 3211 2623 3264 alterius

1567 3295 1779 3335 mouere
1814 3282 1863 3334 A
1898 3280 1982 3346 23,
2021 3284 2085 3336 11

1499 3347 1729 3404 adfectio
1766 3352 1855 3415 (=
1888 3351 2059 3418 amor)
2117 3349 2237 3413 232,
2275 3351 2335 3412 1,
2370 3347 2489 3414 576,
2525 3347 2622 3414 14,

1565 3417 1685 3484 605,
1724 3418 1789 3473 16

1498 3484 1740 3540 adfectus
1794 3490 1881 3553 (=
1918 3487 2085 3556 amor)
2126 3484 2240 3552 189,
2277 3485 2372 3546 18,
2408 3484 2527 3550 240,
2562 3483 2624 3550 2,

1569 3558 1657 3624 (.·--
1694 3555 1965 3623 uoluntas)
2019 3558 2068 3609 A
2105 3554 2222 3618 165,
2278 3554 2369 3618 19,
2414 3569 2625 3622 reprae-

1567 3625 1807 3678 sentauit
1839 3640 1935 3678 uos
1971 3622 2269 3678 adfectibus
2304 3623 2503 3676 nostris
2528 3622 2623 3677 Ce-

1567 3694 1769 3747 lerinus
1802 3693 1922 3756 576,
1954 3693 1993 3747 4

1498 3761 1867 3816 adfirmatores
1896 3761 2247 3815 consiliorum
2281 3759 2401 3824 549,
2437 3758 2505 3815 14

1499 3828 1863 3885 adflictatione
1898 3830 2029 3884 mali
2054 3827 2384 3884 cohaerentis
2408 3843 2623 3896 gregem

1566 3899 1929 3952 contaminare
1970 3899 2089 3964 685,
2124 3901 2155 3954 1

1820 3969 2109 4036 praeterea,
2155 3961 2300 4030 πρὸς
2342 3961 2621 4034 τούτοις),

1497 3966 1796 4090 αᾶὴηοοὲ-ὴτ

1565 4051 1634 4090 ne
1778 4052 1845 4090 uc
1894 4036 1949 4090 la
1984 4052 2046 4090 so
2082 4037 2137 4090 et
2164 4037 2271 4098 ,hoc
2306 4033 2519 4088 accedat
2552 4033 2623 4088 ad

1567 4105 1766 4158 crimen
1800 4105 1920 4170 249,
1993 4106 2022 4158 1
2060 4111 2112 4159 et
2146 4105 2265 4170 477,
2289 4105 2349 4164 1,
2384 4103 2501 4167 750,
2529 4103 2623 4164 13,

1568 4172 1687 4236 763,
1722 4173 1817 4240 26,
1873 4174 1989 4238 792,
2046 4173 2137 4240 17,
2194 4171 2369 4226 adhuc
2425 4171 2623 4225 fortius

1565 4242 1685 4307 284,
1723 4241 1817 4308 14,
1851 4243 1970 4308 332,
2008 4243 2102 4309 13,
2160 4241 2331 4296 adhuc
2382 4239 2622 4309 apertius

1565 4311 1683 4376 751,
1710 4311 1807 4371 19,
1840 4311 1985 4365 ultra
2017 4311 2191 4366 adhuc
2211 4311 2330 4373 667,
2352 4309 2414 4376 2,
2449 4307 2625 4362 adhuc

1564 4395 1654 4433 am
1693 4379 1803 4433 lius
1838 4381 1959 4446 289,
1993 4382 2053 4447 4,
2091 4379 2263 4435 adhuc
2297 4377 2477 4446 potius
2500 4375 2621 4444 514,

1564 4449 1626 4515 2,
1699 4448 1784 4514 95,
1819 4450 1879 4516 6,
1932 4449 2106 4504 adhuc
2160 4449 2325 4502 etiam
2370 4445 2489 4512 813,
2524 4445 2623 4513 31,
