3217 5150
651 492 779 557 264
1585 494 1953 563 Appendix.

651 652 816 710 ennio
839 651 1124 711 residuum
1146 669 1286 726 opus
1305 654 1503 728 templi
1520 657 2067 714 consummauerunt.
2094 656 2443 729 quodipsum
2454 652 2682 727 quidem
2697 653 2757 711 in
2772 652 2894 726 pri-

651 773 740 813 mo
757 754 903 814 libro
917 756 1130 815 Esdrae
1147 758 1444 817 manifeste
1468 761 1908 832 demonstratur,
1932 762 2081 834 quod
2098 762 2257 819 sexto
2274 772 2419 817 anno
2438 755 2599 816 Darii
2623 756 2897 829 templum

649 858 757 917 Dei
785 876 889 931 per
919 860 1104 921 omnia
1132 861 1210 919 sit
1239 866 1704 923 consummatum.
1751 863 1825 923 ad
1854 864 1950 922 XL
1994 863 2305 923 adiciamus
2336 862 2497 921 Darii
2527 864 2631 935 VI,
2662 866 2722 922 et
2747 862 2897 921 fiunt

649 960 748 1019 XL
781 965 840 1021 et
869 962 968 1021 VI.
1002 964 1208 1036 quibus
1237 964 1402 1025 annis
1432 966 1641 1026 adiecti
1670 969 1803 1026 sunt
1832 969 1949 1026 tres
1980 966 2041 1025 in
2069 966 2335 1042 mysterio
2366 966 2650 1041 passionis
2696 968 2753 1027 et
2795 984 2886 1025 re·

652 1064 1019 1125 surrectionis
1053 1068 1282 1146 Christi,
1315 1072 1374 1129 et
1403 1070 1641 1143 impleta
1670 1073 1758 1129 est
1786 1071 2138 1130 hebdomada
2160 1070 2421 1144 septima.
2456 1072 2515 1129 et
2536 1073 2673 1129 tunc
2702 1070 2893 1143 platea
2921 1091 2947 1127 s

650 1171 709 1226 et
731 1168 1005 1243 templum
1049 1173 1108 1229 et
1135 1187 1328 1231 murus
1359 1176 1418 1233 et
1444 1173 1572 1247 ipsa
1599 1172 1805 1233 ciuitas
1848 1174 2280 1248 quadragesimo
2310 1177 2369 1232 et
2398 1190 2543 1233 nono
2575 1191 2722 1234 anno
2752 1191 2891 1247 sup-

647 1272 803 1346 pleto
835 1290 936 1347 per
957 1274 1148 1333 omnia
1173 1276 1428 1348 perfecta
1477 1279 1535 1336 et
1585 1280 1843 1352 protecta
1872 1277 2383 1337 demonstrabatur.
2431 1276 2533 1336 sed
2569 1277 2677 1335 hoc
2704 1279 2890 1335 totum

649 1392 789 1450 opus
817 1376 880 1435 in
908 1381 1261 1437 sacramento
1291 1379 1560 1440 ecclesiae
1590 1378 2004 1455 perficiebatur.

550 1472 626 1531 17
729 1479 982 1553 Denique
1005 1482 1297 1542 uideamus
1320 1484 1456 1559 quid
1478 1484 1589 1557 ipsi
1617 1483 1891 1542 XLVIIII
1914 1484 2049 1543 anni
2072 1483 2412 1557 significent.
2436 1500 2549 1543 non
2572 1483 2695 1543 sine
2722 1500 2895 1542 causa

647 1584 794 1643 enim
825 1584 980 1643 Deus
1009 1585 1195 1645 uoluit
1221 1587 1283 1646 in
1311 1590 1528 1662 septem
1565 1587 2011 1647 hebdomadibus
2041 1589 2157 1647 tam
2202 1604 2471 1661 magnum
2514 1588 2574 1647 id
2618 1590 2708 1647 est
2750 1605 2884 1661 pro·
2910 1608 2958 1647 m

645 1690 932 1763 pheticum
963 1708 1101 1765 opus
1132 1690 1522 1751 consummari.
1555 1691 1662 1749 hoc
1690 1693 1881 1750 autem
1911 1690 2073 1751 modo
2096 1692 2488 1765 propheticum
2510 1690 2689 1750 fuisse
2718 1690 2891 1750 intel-

644 1793 866 1867 ligitur,
902 1812 1028 1855 cum
1052 1796 1122 1853 de
1141 1794 1416 1854 XLVIIII
1435 1795 1600 1853 annis
1625 1794 1685 1853 in
1708 1794 1931 1855 nomine
1954 1794 2085 1853 Iesu
2108 1793 2323 1854 Christi
2346 1796 2537 1855 decem
2562 1797 2621 1854 et
2644 1800 2771 1856 octo
2800 1811 2893 1853 se-

645 1902 958 1973 gregantur
985 1901 1044 1957 et
1087 1901 1382 1959 remanent
1411 1899 1623 1957 XXXI:
1656 1900 1861 1972 quibus
1892 1899 2171 1974 suppletis
2192 1900 2452 1959 Christus
2474 1900 2638 1959 Iesus
2666 1906 2893 1974 propter

645 2001 992 2060 credentium
1014 2002 1257 2060 salutem
1279 2018 1484 2075 passus
1507 2004 1597 2061 est
1627 2004 1686 2061 et
1714 2004 2044 2075 resurrexit,
2078 2004 2137 2061 et
2164 2019 2265 2077 per
2288 2005 2467 2061 semet
2491 2002 2676 2077 ipsum
2699 2003 2887 2062 omnia

645 2104 899 2179 perfecta
929 2106 1206 2164 ostendit:
1239 2109 1300 2164 et
1327 2094 1600 2179 templum
1632 2108 1779 2180 quod
1808 2124 1919 2167 non
1943 2106 2207 2166 humanis
2229 2106 2329 2165 sed
2360 2106 2480 2165 suis
2512 2106 2691 2165 sacris
2714 2105 2893 2165 mani-
2912 2122 2958 2161 ιε

646 2213 752 2271 bus
783 2211 855 2270 ob
885 2210 1180 2285 imperium
1211 2210 1390 2284 patris
1421 2210 1510 2269 sui
1551 2208 1863 2283 plasmauit
1915 2228 2027 2271 non
2056 2210 2178 2269 oleo
2210 2210 2312 2268 sed
2342 2209 2549 2284 spiritu
2577 2210 2685 2268 Dei
2730 2210 2892 2267 unxit

646 2317 704 2374 et
733 2314 1024 2374 ciuitatem
1074 2314 1134 2372 id
1177 2316 1266 2373 est
1309 2314 1606 2373 ecclesiam
1650 2313 1935 2387 lapidibus
1983 2312 2351 2373 sanctificatis
2394 2311 2718 2373 aedificauit
2747 2314 2805 2372 et
2834 2311 2893 2370 in

645 2418 772 2491 ipsa
799 2419 1048 2493 plateam
1079 2418 1393 2478 constituit.
1455 2416 1648 2491 platea
1691 2419 1879 2476 autem
1908 2419 1996 2477 est
2026 2416 2121 2475 uia
2148 2418 2305 2475 recta
2334 2418 2395 2476 et
2444 2415 2633 2491 plana,
2694 2416 2753 2473 in
2784 2431 2895 2488 qua

643 2524 1002 2584 ambulantes
1061 2522 1400 2598 perueniunt
1457 2523 1530 2582 ad
1581 2522 1761 2582 uitam
1793 2523 2096 2582 aeternam.
2142 2521 2275 2580 huic
2326 2519 2552 2580 ciuitati
2602 2521 2809 2582 fortem
2840 2523 2898 2582 et

644 2626 1144 2702 inexpugnabilem
1172 2644 1394 2686 murum
1424 2627 1482 2685 id
1513 2628 1602 2685 est
1654 2628 1914 2686 sanctum
1958 2643 2161 2685 nomen
2204 2643 2369 2684 suum
2401 2626 2731 2686 constituit:
2791 2644 2894 2702 per
2912 2641 2962 2683 so

645 2732 794 2803 quod
823 2747 1026 2790 nomen
1055 2748 1246 2790 omnes
1276 2730 1632 2790 aduersarios
1661 2730 1899 2803 pedibus
1930 2728 2051 2789 eius
2082 2729 2309 2789 subicit.
2328 2732 2389 2788 et
2418 2746 2546 2790 ecce
2577 2729 2683 2788 Dei
2712 2730 2898 2802 gratia

646 2851 812 2907 quam
835 2833 1126 2907 praeclara
1147 2837 1204 2894 et
1228 2832 1588 2894 admirabilia
1616 2833 1779 2892 nobis
1810 2835 2037 2892 ostensa
2067 2837 2202 2893 sunt
2230 2851 2330 2907 per
2352 2850 2528 2893 annos
2552 2831 2895 2906 XXXVIIII,

645 2937 744 3011 qui
771 2935 906 2995 anni
934 2953 967 2996 e
994 2938 1275 2997 contrario
1305 2937 1631 2997 infidelibus
1656 2940 1714 2996 et
1736 2937 2182 3011 persecutionem
2206 2938 2390 2997 seruis
2414 2937 2520 2997 Dei
2547 2937 2891 2997 facientibus

643 3055 908 3113 magnam
938 3041 1326 3100 demonstrant
1353 3043 1821 3114 superuenturam
1850 3040 2250 3100 calamitatem.
2282 3059 2395 3116 qua
2439 3043 2631 3100 autem
2678 3039 2897 3100 ratione

646 3141 969 3203 uideamus:
1001 3143 1096 3203 hic
1125 3144 1275 3204 enim
1306 3144 1546 3204 mundus
1575 3144 1637 3202 in
1686 3161 1795 3219 quo
1844 3143 1983 3204 iusti
2033 3146 2093 3203 et
2136 3143 2338 3203 iniusti
2369 3145 2443 3203 ab
2486 3143 2649 3202 initio
2681 3142 2893 3203 saeculi
2914 3161 2963 3202 ss

643 3249 1050 3306 conuersantur
1080 3264 1178 3306 sex
1208 3247 1407 3308 diebus
1437 3251 1525 3307 est
1547 3250 1989 3321 consummatus,
2025 3247 2231 3322 quibus
2256 3246 2539 3323 suppletis
2559 3248 2893 3307 benedictus

643 3353 731 3409 est
761 3349 882 3408 dies
913 3351 1187 3426 septimus
1217 3351 1316 3412 ille
1345 3354 1789 3425 superuenturus
1820 3351 2046 3411 sabbati
2076 3351 2311 3411 aeterni.
2344 3352 2405 3410 in
2427 3351 2519 3410 his
2542 3351 2736 3426 itaque
2760 3351 2882 3411 die-

780 3636 815 3690 2
849 3637 1072 3690 hesdrae
1107 3637 1138 3690 b
1345 3637 1378 3690 3
1413 3636 1489 3690 sit
1524 3652 1618 3704 per
1654 3636 1833 3689 omnia
1868 3653 1930 3691 ου
2146 3635 2285 3690 darii
2319 3651 2420 3690 om.
2458 3637 2490 3688 b
2696 3635 2731 3690 5
2766 3635 2893 3689 heb-

643 3722 889 3777 domades
926 3739 954 3776 c
1181 3723 1389 3791 plateas
1425 3738 1455 3777 c
1685 3724 1716 3777 7
1752 3725 1994 3791 protecta
2030 3723 2077 3788 b,
2111 3721 2324 3777 munita
2360 3739 2420 3776 cv
2665 3721 2735 3776 10
2767 3722 2895 3776 heb—

643 3807 894 3864 domadas
931 3811 962 3863 b
1167 3808 1555 3877 propheticum]
1591 3807 1885 3877 perfectum
1920 3809 1952 3863 b
2178 3810 2245 3862 11
2282 3810 2632 3862 consommari
2666 3811 2699 3864 b
2734 3817 2785 3864 et
2817 3810 2895 3864 sic

643 3911 804 3963 saepe
1010 3895 1163 3949 modo
1199 3911 1298 3948 om.
1335 3911 1364 3948 c
1566 3894 1957 3963 propheticum]
1996 3895 2289 3962 perfectum
2326 3895 2358 3948 b
2544 3895 2892 3966 intelligitur]

643 3982 816 4050 igitur
852 3983 882 4035 b
1123 3981 1189 4036 12
1224 3984 1616 4051 congregantur
1652 3983 1683 4038 b
1928 3981 1995 4035 16
2031 3980 2097 4037 ob
2132 3981 2353 4051 imperio
2390 3984 2435 4048 b,
2474 3982 2761 4037 secundum
2797 3983 2897 4036 im·

642 4069 848 4136 perium
885 4084 945 4122 cv
1201 4068 1496 4137 plasmauit
1530 4069 1578 4133 b,
1616 4067 1872 4121 formauit
1912 4084 1975 4122 cv
2236 4068 2305 4121 18
2338 4068 2575 4138 plateam
2610 4069 2894 4123 constituit

643 4169 743 4208 om.
782 4155 814 4208 b
1025 4156 1078 4208 et
1113 4155 1274 4224 plana
1309 4171 1408 4208 om.
1446 4155 1477 4208 b
1697 4155 1765 4208 21
1802 4156 1859 4207 et
1892 4169 2007 4208 ecce
2044 4155 2091 4220 b,
2144 4170 2262 4210 eece
2296 4171 2359 4210 cv
2562 4156 2633 4210 22
2668 4154 2895 4209 admira·

643 4241 780 4295 bilia
813 4241 1016 4296 nobilia
1052 4258 1080 4294 c
1364 4241 1432 4295 23
1469 4240 1598 4295 anni
1632 4242 1679 4311 e]
1718 4239 1927 4294 animae
1965 4258 1994 4296 c
2248 4239 2319 4294 24
2351 4241 2480 4310 quia
2514 4243 2695 4295 autem
2730 4241 2895 4294 ratio-

644 4343 766 4381 nem
799 4344 829 4382 c
1047 4327 1116 4382 25
1152 4326 1352 4382 etenim
1388 4328 1420 4382 b
1641 4326 1710 4380 ab
1746 4327 1931 4398 initio]
1968 4327 2304 4382 habitatione
2338 4328 2371 4382 b
2586 4327 2654 4380 27
2694 4326 2897 4380 scilicet

645 4412 740 4466 ille
777 4414 822 4478 b,
859 4413 947 4466 illi
981 4413 1188 4468 scilicet
1223 4431 1252 4468 c
