3217 5150
626 519 748 583 108
1561 512 1926 583 Appendix.

617 672 955 746 prehendit,
1027 674 1176 733 sicut
1231 673 1507 747 scriptum
1563 676 1685 731 est:
1752 672 1989 746 palmo
2044 690 2333 733 mensus
2386 691 2536 733 sum
2592 676 2877 735 eaelum

617 778 690 836 et
729 794 968 851 pugno
1023 776 1518 850 conprehendi
1571 778 1841 835 terram
1882 779 1953 835 et
1996 777 2325 837 confinxi
2384 777 2741 838 hominem
2788 795 2875 838 ex

618 881 814 939 omni
855 878 1026 939 limo
1069 864 1354 939 terraet'
1399 879 1485 937 ad
1527 879 1917 953 imaginem
1960 879 2093 939 Dei
2134 880 2277 939 feci
2336 878 2568 940 illum.
2622 883 2879 955 oportuit

619 980 785 1040 ilium
829 998 898 1041 ex
949 982 1042 1042 his
1093 984 1362 1056 quattuor
1411 981 1739 1041 cardinibus
1764 982 1949 1044 .orbis
2000 984 2189 1041 terrae
2236 998 2442 1042 nomen
2470 984 2531 1042 in
2558 1000 2621 1042 se
2648 986 2879 1057 portare

617 1082 836 1143 Adam:
881 1084 1202 1145 inuenimus
1251 1085 1312 1144 in
1363 1084 1686 1158 scripturis,
1740 1102 1841 1159 per
1892 1084 2148 1158 singulos
2188 1085 2450 1145 cardines
2491 1086 2647 1146 orbis
2686 1090 2877 1147 terrae
2896 1105 2921 1143 s

617 1202 744 1246 esse
773 1204 810 1245 a
839 1188 1124 1248 condItore
1153 1188 1350 1247 mundi
1381 1189 1651 1261 quattuor
1672 1187 1875 1246 stelias
1900 1188 2243 1247 constitutas
2264 1186 2325 1246 in
2356 1188 2601 1261 singulis
2624 1189 2877 1249 cardini-

619 1290 744 1348 bus.
773 1288 956 1363 prima
985 1291 1159 1351 stella
1187 1290 1484 1351 orientalis
1511 1289 1723 1349 dicitur
1749 1290 1992 1362 anatole,
2023 1290 2273 1367 secunda
2293 1290 2663 1350 occidentalis
2692 1292 2876 1366 dysis-3,

619 1393 794 1451 tertia
821 1394 994 1453 stella
1021 1392 1306 1468 aquilonis
1335 1396 1550 1467 arctus,
1595 1396 1803 1468 quarta
1842 1394 2017 1453 stella
2044 1394 2361 1454 meridiana
2388 1394 2601 1453 dicitnr
2626 1412 2873 1455 mesem-

618 1495 801 1557 brion.
847 1514 918 1555 ex
945 1496 1270 1556 nominibus
1301 1497 1598 1555 stellarum
1628 1514 1861 1558 numero
1892 1498 2165 1571 quattuor
2194 1496 2265 1556 de
2292 1495 2537 1571 singulis
2568 1496 2873 1556 stellarum

617 1596 938 1657 nominibus
985 1597 1124 1657 tolle
1175 1598 1434 1685 singulas
1462 1598 1691 1658 litteras
1732 1598 2093 1673 principales,
2142 1598 2215 1657 de
2242 1598 2415 1658 stella
2440 1599 2666 1658 anatole
2696 1620 2759 1673 α,
2802 1601 2875 1659 de
2896 1620 2953 1659 ιο

617 1698 790 1761 stella
839 1700 994 1775 dysis
1025 1696 1086 1771 d,
1138 1701 1209 1760 de
1259 1701 1433 1761 stella
1481 1704 1669 1761 arctos
1698 1722 1761 1775 α,
1815 1703 1885 1761 de
1932 1702 2105 1761 stella
2142 1702 2519 1762 mesembrion
2548 1722 2627 1781 με
2680 1702 2743 1761 in
2782 1702 2879 1761 bis

620 1804 890 1875 quattuor
918 1800 1130 1861 litteris
1161 1801 1546 1863 cardinalibus
1575 1804 1757 1863 habes
1786 1820 1988 1864 nomen
2031 1801 2233 1881 αδαμ.
2280 1820 2411 1863 nam
2440 1806 2501 1864 et
2540 1804 2601 1862 in
2640 1821 2878 1866 numero

621 1906 772 1963 certo
831 1919 934 1977 per
985 1906 1258 1977 quattuor
1323 1905 1550 1965 litteras
1601 1905 1845 1966 Graecas
1894 1922 2101 1966 nomen
2147 1907 2481 1982 designatur
2534 1904 2747 1986 αδαμε
2791 1908 2881 1967 ita

621 2024 664 2065 α
705 1997 826 2083 μία
869 2000 911 2065 δ
947 2000 1232 2086 τέσσαρα
1275 2025 1318 2065 α
1358 1998 1479 2085 μία
1519 2027 1567 2085 μ
1597 1996 2076 2090 τεσσαράκοντα
2118 2008 2291 2069 faciet
2338 2026 2632 2067 numerum
2684 2024 2875 2070 vax.

619 2108 716 2167 hic
781 2123 1046 2167 uumerus
1097 2124 1267 2169 xnvi
1326 2108 1651 2183 passionem
1702 2111 1891 2171 caruis
1947 2111 2107 2171 Adae
2156 2111 2439 2185 designat,
2492 2128 2665 2186 quam
2712 2110 2879 2171 Adae
2898 2132 2953 2171 xa

617 2226 850 2269 carnem
901 2211 960 2269 in
991 2228 1051 2270 se
1102 2211 1398 2287 figuralem
1440 2212 1705 2273 Christus
1754 2214 2009 2287 portauit
2036 2217 2096 2274 et
2130 2230 2253 2274 eam
2284 2214 2345 2273 in
2372 2213 2530 2289 ligno
2558 2212 2879 2288 suspendit.

619 2328 764 2386 quae
803 2329 933 2373 caro
977 2314 1264 2373 dominica
1291 2332 1328 2373 a
1355 2314 1473 2374 Deo
1503 2318 1665 2389 patre
1696 2315 1829 2375 Iesu
1858 2316 2045 2376 uocita
2074 2320 2197 2377 est:
2244 2317 2487 2390 spiritus
2516 2318 2749 2377 sanctus
2780 2316 2883 2390 qui

622 2416 693 2474 de
733 2415 888 2475 caelo
929 2416 1222 2475 descendit
1262 2416 1542 2488 Christus,
1584 2418 1645 2476 id
1684 2420 1775 2477 est
1815 2421 2019 2477 unctus
2048 2418 2155 2477 Dei
2184 2419 2305 2478 uiui
2333 2419 2451 2479 Deo
2496 2419 2723 2479 nocitus
2770 2422 2879 2491 est,

619 2517 857 2592 spiritus
885 2518 1042 2579 carni
1069 2518 1282 2579 mixtus
1310 2519 1476 2580 Iesus
1521 2518 1801 2580 Christus.
1832 2520 1927 2580 hic
1950 2537 2086 2596 ergo
2110 2538 2379 2582 numerus
2408 2522 2881 2597 quadragesimus

617 2623 814 2680 sextus
855 2621 1177 2696 passionem
1221 2622 1492 2695 declarat,
1545 2639 1613 2682 eo
1654 2624 1806 2697 quod
1846 2627 2007 2684 sexte
2032 2625 2335 2686 millesimo
2366 2643 2514 2686 auno
2544 2627 2687 2685 hora
2712 2627 2879 2684 sexta
2896 2645 2961 2686 ao

619 2741 840 2798 passus,
871 2741 1174 2799 resurgens
1201 2745 1238 2786 a
1262 2727 1504 2786 mortuis
1532 2728 1965 2802 quadragesimo
2006 2726 2097 2786 die
2126 2728 2187 2786 in
2216 2728 2391 2788 caelis
2434 2729 2723 2789 ascendit:
2778 2730 2879 2788 uel

761 2943 790 2994 1
827 2941 915 2996 Es.
951 2942 1035 3006 40,
1077 2943 1157 2997 12.

759 3132 789 3184 1
826 3147 942 3185 sum
982 3132 1043 3192 Τ,
1078 3133 1162 3186 est
1198 3132 1308 3201 Μμ
1511 3131 1683 3186 caelos
1718 3152 1759 3200 μ
1956 3133 1993 3189 2
2028 3133 2407 3202 conprehendit
2442 3133 2549 3203 Μμ
2748 3149 2873 3188 con-

619 3217 713 3271 fixi
751 3216 810 3281 T,
847 3217 1004 3270 fluxit
1038 3218 1150 3286 Μμ
1362 3216 1398 3270 3
1431 3216 1564 3271 fecit
1600 3218 1672 3272 M
1678 3219 1759 3287 Τμ
1956 3221 1993 3272 4
2028 3219 2085 3272 in
2120 3219 2193 3288 se]
2231 3218 2345 3288 ipse
2378 3219 2509 3272 MT
2684 3220 2720 3274 5
2755 3235 2872 3273 car-

617 3301 838 3357 dinibus
873 3302 946 3356 Μ
956 3321 970 3366 3
1006 3301 1078 3367 cf.
1107 3317 1169 3370 p.
1204 3305 1322 3366 107,
1358 3305 1395 3357 6
1673 3303 1705 3358 7
1740 3302 2025 3357 anatholae
2060 3304 2131 3358 M
2400 3304 2435 3358 8
2470 3305 2623 3357 artus
2658 3303 2813 3358 11111'

621 3389 946 3458 μεσημβρία
979 3405 1014 3444 υ
1189 3388 1254 3440 11
1289 3387 1446 3456 dyses
1483 3387 1536 3441 T
1702 3391 1852 3443 artus
1891 3387 1963 3442 T·
2108 3389 2427 3444 mesembria
2460 3407 2494 3446 v
2680 3390 2749 3443 12
2782 3391 2879 3444 ha-

617 3475 749 3528 bens
783 3473 858 3528 M
987 3473 1056 3528 13
1088 3473 1402 3543 designatur
1437 3473 1610 3528 Adam
1644 3492 1678 3529 v
1828 3475 1897 3528 14
1929 3476 2053 3545 μία]
2090 3477 2194 3544 μία
2229 3473 2286 3529 id
2322 3478 2406 3529 est
2442 3490 2608 3528 unum
2642 3492 2678 3530 v
2818 3476 2875 3545 δ]

617 3562 676 3614 et
713 3559 785 3614 M
916 3558 1160 3625 τέσσαρα
1197 3559 1253 3613 id
1291 3561 1374 3614 est
1408 3562 1639 3628 quatuor
1672 3577 1705 3615 v
1844 3565 1947 3629 μία
1982 3559 2038 3614 id
2062 3563 2147 3614 est
2168 3577 2333 3615 unum
2356 3578 2389 3616 v
2525 3563 2729 3616 tessera
2754 3577 2878 3616 eon-

617 3647 705 3699 tra
738 3646 916 3715 MTp,
953 3640 1373 3712 τεσσαράκοντα
1403 3645 1461 3700 id
1497 3648 1578 3699 est
1614 3645 1974 3715 quadraginta
1996 3663 2029 3701 v
2199 3646 2365 3700 faciet
2394 3649 2496 3716 Τμ,
2532 3646 2671 3701 facit
2706 3647 2765 3700 in
2788 3647 2875 3710 Μ,

621 3731 704 3784 fae
740 3733 796 3784 et
831 3729 1073 3784 inuenies
1106 3748 1154 3796 v,
1191 3747 1254 3785 ex
1288 3730 1482 3800 quibus
1505 3731 1735 3786 resultat
1758 3731 2033 3786 Eramnm
2260 3747 2509 3786 numerus
2534 3732 2807 3786 Erasmus

619 3815 793 3870 XLVI
827 3815 917 3870 hic
951 3831 1197 3870 numerus
1241 3831 1340 3870 om.
1377 3816 1454 3871 M
1492 3821 1546 3870 et
1595 3817 1865 3870 Erasmus
2106 3816 2171 3870 15
2204 3815 2489 3886 designans
2535 3817 2808 3871 Erasmus

620 3917 782 3970 quam
818 3899 949 3953 adae
983 3901 1198 3970 scripsi,
1235 3901 1367 3955 adae
1410 3900 1472 3968 T,
1511 3917 1671 3971 quam
1694 3901 1779 3965 M,
1816 3900 2055 3955 eamdem
2092 3921 2131 3970 μ
2342 3902 2407 3956 16
2442 3901 2684 3973 portabit
2708 3903 2781 3956 M
2785 3903 2873 3966 ¹T,

619 3986 876 4056 portabat
909 3985 1006 4039 Μ’
1231 4001 1353 4039 enm
1389 3987 1462 4040 Τ*
1693 3987 1758 4040 17
1794 3984 2063 4041 dominica
2096 4001 2196 4040 om.
2230 4002 2265 4041 v
2480 3987 2551 4042 ad
2586 3988 2745 4042 deum
2780 4003 2878 4057 pa-

618 4075 760 4126 trem
795 4071 966 4124 iesum
1009 4072 1060 4126 T
1415 4072 1531 4126 iesu
1565 4088 1665 4126 om.
1703 4092 1742 4141 μ
2068 4073 2259 4126 uocata
2294 4091 2361 4141 μ,
2398 4073 2639 4127 uocitata
2674 4073 2807 4129 Μὴν

622 4159 689 4212 18
735 4156 792 4211 id
839 4159 922 4210 est
969 4158 1178 4227 unctus]
1227 4158 1441 4212 iunctus
1487 4156 1623 4221 MT,
1669 4159 1860 4214 unctus
1906 4175 1945 4226 μ
2289 4173 2323 4211 a
2366 4157 2463 4212 deo
2496 4173 2546 4221 v,
2594 4158 2726 4212 deus
2767 4179 2807 4226 μ

615 4245 842 4298 uocatus
877 4261 926 4308 v,
964 4243 1228 4297 uocitatus
1266 4263 1306 4311 μ
1662 4243 1729 4296 19
1764 4243 1938 4296 carnis
1975 4261 2015 4310 μ
2380 4243 2579 4297 mixtus
2614 4246 2699 4297 eet
2736 4243 2813 4297 M

617 4327 1060 4399 quadragesimus
1096 4331 1276 4382 sextus
1315 4329 1418 4398 Τμ,
1455 4326 1629 4380 XLVI
1664 4327 1741 4380 M
1972 4326 2043 4381 20
2077 4327 2401 4382 millensimo
2436 4327 2511 4382 M
2736 4327 2803 4382 21
2844 4343 2879 4382 a

615 4415 842 4469 mortuis
877 4429 1159 4483 resurgens
1193 4431 1228 4469 v
1374 4412 1819 4481 quadragensimo
1843 4413 1927 4477 M,
1954 4412 2359 4481 quadragesima
2382 4429 2415 4467 v
2597 4413 2773 4468 caelos
2800 4429 2879 4483 μυ
