3217 5150
641 506 761 567 120
1577 499 1942 571 appendix.

632 659 834 719 timore
885 660 1274 719 satisfactione
1327 660 1480 719 omni
1509 660 1671 733 paeni
1679 660 1891 719 teutiae
1920 660 1992 719 ab
2022 658 2424 733 iniquitatibus
2453 660 2708 738 liberari.
2780 660 2889 719 sed

633 765 854 839 perstat
881 766 940 822 et
990 765 1158 823 durat
1207 764 1392 824 adhuc
1420 767 1480 823 et
1519 778 1743 837 semper
1792 766 1931 837 puto
1982 762 2211 821 durabit
2240 763 2314 821 ad
2342 780 2520 836 usque
2548 742 2887 837 ‘progeniem

635 867 1027 926 succidaneam
1055 866 1253 925 innata
1281 870 1504 939 patrum
1533 865 1865 939 inreligiosa
1892 864 2147 939 perfidia,
2200 882 2345 939 quae
2374 867 2648 925 aduersus
2678 866 2877 925 odium

633 970 876 1029 nominis
927 968 1152 1028 Domini
1201 969 1623 1029 incredulitatis
1674 968 1898 1027 insania
1946 969 2211 1028 roborata
2260 984 2367 1028 nec
2412 970 2486 1028 ad
2532 970 2879 1029 noscendam

633 1072 934 1132 ueritatem
994 1074 1184 1147 potest
1240 1071 1450 1146 corrigi
1500 1087 1602 1131 nec
1648 1072 1719 1129 ad
1764 1071 2023 1131 timorem
2054 1071 2157 1130 Dei
2208 1071 2387 1145 ipsius
2418 1072 2650 1131 monitis
2683 1072 2877 1133 doceri
2896 1100 2925 1139 5

633 1178 804 1249 atque
855 1177 1100 1235 suaderi.
1145 1193 1272 1235 cum
1323 1178 1514 1235 autem
1560 1176 1759 1235 doceat
1786 1174 2060 1235 Dominus
2092 1178 2151 1235 et
2179 1176 2445 1234 ostendat
2473 1175 2701 1235 dicens:
2750 1192 2884 1250 ego

635 1297 780 1339 sum
811 1280 1048 1339 lumen
1078 1274 1396 1338 saeculi:
1442 1281 1515 1337 et
1543 1278 1665 1352 qui
1694 1294 1799 1337 me
1842 1281 2143 1339 secutus
2186 1278 2424 1338 fuerit
2468 1295 2608 1338 non
2650 1279 2890 1338 ambu-

633 1382 826 1442 labit
868 1383 939 1442 in
982 1383 1336 1455 tenebriS,
1382 1382 1504 1442 sed
1549 1382 1855 1441 babebit
1898 1383 2135 1441 lumen
2178 1382 2411 1454 uitae,
2458 1398 2629 1456 quam
2670 1381 2891 1441 malum

632 1486 779 1546 ratio
830 1489 921 1546 est
973 1490 1262 1545 ostensum
1316 1484 1594 1545 diuinitus
1648 1484 1801 1543 uitae
1842 1483 2033 1545 lumen
2078 1485 2339 1545 omittere
2368 1489 2429 1545 et
2453 1486 2663 1544 mentis
2694 1486 2883 1545 caeci-

631 1592 810 1648 tatem
839 1589 1008 1648 malle
1024 1634 1039 1662 ,
1071 1589 1338 1648 tenebras
1367 1589 1566 1648 mortis
1595 1588 1827 1663 eligere,
1882 1591 1947 1647 ut
1985 1591 2289 1649 ostendant
2330 1588 2713 1649 damnationis
2746 1604 2887 1649 suae
2910 1610 2967 1649 ιο

633 1693 894 1767 propriae
954 1692 1270 1752 uoluntatis
1323 1690 1504 1750 libera
1545 1694 1604 1751 et
1652 1692 1813 1751 licita
1856 1691 2169 1764 perditione
2220 1695 2421 1753 contra
2470 1692 2651 1752 Deum
2701 1692 2881 1752 etiam

632 1795 736 1854 illa
763 1795 914 1855 nolle
943 1812 1084 1869 quae
1115 1797 1398 1869 prosunt?
1445 1796 1749 1855 secundum
1794 1796 1944 1869 quod
1974 1798 2031 1855 et
2076 1812 2177 1869 per
2204 1793 2431 1853 Domini
2460 1810 2655 1855 uocem
2686 1794 2883 1853 incre-

631 1902 826 1972 patam
858 1896 1236 1969 Hierusalem,
1279 1900 1432 1971 quod
1469 1898 1665 1972 colligi
1708 1898 1953 1959 noluerit
1983 1899 2101 1957 Deo
2132 1898 2291 1957 illam
2321 1899 2546 1958 uolente
2578 1897 2873 1971 colligere,

632 1998 886 2075 loquitur
931 2001 1169 2073 spiritus
1221 2009 1450 2061 sanctus
1498 2007 1558 2061 et
1607 2003 1921 2062 bonitatem
1966 2002 2074 2060 Dei
2107 2001 2437 2061 manifestat
2484 2002 2887 2077 peccatoribus

635 2104 936 2163 subuenire
986 2104 1199 2178 iugiter
1253 2105 1429 2164 uelle:
1496 2104 1967 2165 Hierusalem
2011 2104 2509 2176 Hierusalem,
2552 2122 2735 2179 quae
2782 2106 2885 2163 in·
2906 2127 2961 2167 ιε

634 2206 935 2265 terficis
977 2209 1374 2282 prophetas
1419 2212 1490 2267 et
1532 2208 1825 2284 lapidas
1868 2226 1987 2270 eos
2032 2208 2153 2287 qui
2196 2207 2281 2267 ad
2324 2210 2399 2267 te
2440 2207 2651 2267 missi
2696 2211 2891 2280 sunt,

635 2310 978 2382 quotiens
1053 2312 1253 2371 uolui
1326 2311 1689 2386 colligere
1760 2312 1983 2373 filios
2056 2314 2257 2385 tuos,
2330 2312 2527 2371 sicut
2598 2311 2893 2384 gallina

636 2412 946 2487 colligit
1011 2414 1230 2476 filios
1297 2433 1466 2477 suos
1533 2416 1668 2475 sub
1734 2415 2057 2476 ascellas
2126 2433 2317 2488 suaS,
2384 2418 2456 2474 et
2517 2414 2889 2475 noluisti?

637 2517 777 2577 adeo
834 2517 938 2579 Dei
989 2536 1126 2580 uoce
1178 2518 1476 2580 manifeste
1528 2520 1729 2595 perfidi
1781 2519 1974 2594 populi
2024 2519 2378 2580 contumacia
2430 2518 2752 2591 denotatur,
2814 2520 2885 2579 ut

637 2621 812 2680 etiam
843 2623 1084 2682 salutem
1113 2625 1398 2698 propriam
1429 2641 1588 2684 suam
1620 2639 1841 2698 semper
1890 2623 2165 2682 aduersus
2196 2623 2531 2682 clementem
2562 2622 2887 2683 misericor·
2906 2645 2959 2685 ιο

774 2845 809 2897 6
844 2843 924 2896 Ιο.
959 2842 1009 2906 8,
1051 2843 1128 2896 12.
1331 2799 1407 2896 ‘15
1440 2843 1643 2897 Matth.
1678 2843 1763 2908 23,
1797 2843 1878 2897 37.

775 3049 804 3102 1
842 3047 1089 3102 timorem
1125 3049 1263 3114 Ztv;
1299 3047 1372 3114 cs.
1401 3065 1462 3118 p.
1498 3053 1621 3118 126,
1661 3054 1691 3103 1
1885 3051 2059 3105 omnis
2095 3073 2133 3122 μ
2331 3051 2366 3105 2
2402 3052 2493 3119 qui
2530 3053 2739 3120 perstat
2776 3051 2829 3104 Z

639 3137 770 3204 puto
806 3134 1022 3188 durabit
1055 3151 1156 3189 om.
1198 3135 1308 3204 Ττμ
1533 3135 1619 3207 ad]
1658 3139 1715 3190 et
1750 3137 1804 3190 Z
2020 3137 2056 3190 3
2091 3136 2454 3192 succedentem
2493 3137 2546 3190 Z
2736 3137 2891 3192 inno·

638 3224 752 3274 tam
789 3221 843 3274 Z
1107 3223 1358 3290 patruum
1397 3221 1484 3285 Τί,
1519 3238 1621 3276 om.
1658 3223 1709 3277 Z
1960 3223 2327 3292 inreligiosam
2363 3223 2419 3277 in
2456 3222 2733 3292 perfidiam
2771 3223 2827 3276 Z

638 3307 674 3360 4
705 3306 894 3361 christi
929 3307 1133 3361 domini
1166 3308 1219 3361 Z
1475 3309 1743 3362 insaniam
1780 3310 1844 3372 Ζ,
1880 3309 2108 3364 infamia
2144 3327 2176 3364 v
2428 3309 2732 3363 roboratam
2771 3309 2827 3362 Z

639 3393 1025 3462 agnoscendam
1061 3416 1098 3462 μ
1349 3396 1384 3449 5
1419 3397 1613 3464 potest]
1649 3399 1918 3465 potestate
1961 3399 2057 3451 Τι’
2304 3396 2334 3448 ’1
2372 3398 2427 3448 et
2462 3395 2573 3465 qui]
2612 3397 2706 3464 qui
2742 3396 2827 3450 Ζυ

639 3479 941 3534 ambulauit
983 3481 1034 3536 T
1206 3482 1242 3535 8
1276 3497 1437 3550 quam
1475 3482 1587 3546 TZ,
1624 3482 1753 3536 haec
1788 3489 1827 3547 t,
1864 3499 1997 3551 quae
2033 3500 2119 3551 μυ,
2280 3483 2423 3538 mala
2458 3483 2523 3545 Z,
2558 3481 2759 3536 maluit
2793 3488 2819 3536 t

639 3565 673 3618 9
709 3565 850 3620 ratio
885 3566 988 3636 est]
1027 3567 1232 3621 ratione
1267 3572 1354 3637 ιμ’
1571 3569 1721 3623 uitae
1754 3585 1854 3623 om.
1894 3569 1946 3622 Z
2146 3569 2424 3624 dimittere
2460 3569 2515 3622 Z
2720 3567 2890 3622 caeci·-

638 3652 754 3705 tate
791 3668 864 3720 μυ
1124 3653 1194 3706 10
1226 3653 1411 3723 malle]
1447 3655 1586 3708 male
1622 3675 1678 3724 μ,
1714 3655 1856 3709 alere
1890 3661 1928 3718 t,
1966 3656 2056 3709 ucl
2095 3656 2148 3709 Z
2406 3653 2597 3708 mortis
2632 3669 2703 3707 ex
2738 3668 2893 3706 men·

637 3739 713 3791 tis
753 3739 807 3792 T
972 3738 1222 3793 ostendat
1255 3740 1340 3794 t²v
1513 3742 1576 3796 11
1613 3742 1882 3810 propriam
1918 3741 2256 3796 uoluntatem
2291 3741 2343 3796 Z
2511 3739 2737 3795 liberam
2774 3740 2825 3792 Ζ

637 3822 892 3877 illicitam
927 3823 989 3890 Z,
1025 3821 1222 3878 illicita
1260 3825 1311 3878 Τ
1489 3825 1782 3894 perditione
1816 3828 1921 3896 ι’μ,
1958 3826 2311 3896 perditionem
2342 3827 2487 3882 ΤΖει
2697 3825 2766 3879 12
2801 3826 2887 3879 in-

638 3912 911 3978 crepatum
953 3911 1014 3978 T,
1051 3910 1120 3964 ad
1155 3911 1473 3980 increpitam
1509 3933 1548 3982 μ
1824 3914 1890 3968 13
1926 3913 2087 3983 quod]
2123 3929 2229 3982 quo
2271 3915 2357 3974 rt,
2394 3928 2494 3980 que
2530 3927 2600 3966 ex
2637 3913 2733 3979 qui
2772 3932 2812 3981 μ

638 3995 812 4049 uoluit
847 3995 902 4049 Z
1215 3995 1334 4068 deo]
1370 3998 1512 4052 idem
1547 3999 1598 4052 Z
1914 3999 2067 4054 illam
2092 4041 2107 4055 .
2132 4039 2147 4054 .
2176 4038 2189 4052 .
2226 4001 2262 4053 l.
2299 4003 2375 4053 20
2410 3999 2556 4052 salut
2584 4004 2713 4066 post
2747 3999 2890 4052 esset

631 4099 693 4150 p.
731 4083 856 4142 124.
891 4086 926 4136 9
963 4083 1173 4138 exhibet
1207 4087 1260 4137 Z
1493 4085 1765 4140 uolentem
1800 4105 1853 4150 μ,
1892 4085 2169 4140 uolantem
2212 4085 2283 4140 Τι
2538 4084 2605 4138 14
2640 4070 2735 4139 dni
2770 4085 2823 4139 Z

640 4183 746 4236 qua
781 4169 1140 4236 peccatoribus
1175 4171 1377 4240 iugiter
1412 4170 1693 4226 subuenire
1727 4172 1895 4226 uellet
1932 4171 1985 4224 Z
2149 4173 2216 4227 16
2250 4171 2378 4226 misi
2419 4173 2470 4226 T
2625 4172 2689 4225 17
2726 4171 2892 4240 filios]

638 4253 814 4323 pullos
847 4255 901 4308 Z
1124 4256 1190 4310 18
1223 4259 1447 4312 ascellas
1489 4259 1617 4325 Τεμ,
1652 4258 1768 4312 alas
1802 4259 1866 4322 Z,
1902 4257 2095 4312 axillas
2130 4275 2163 4313 v
2394 4275 2518 4312 suas
2554 4275 2655 4313 om.
2694 4259 2823 4328 Ζμυ

641 4340 708 4392 19
742 4341 822 4410 ut]
861 4343 916 4394 et
953 4341 1006 4394 Z
1183 4343 1254 4396 20
1278 4351 1406 4412 post
1439 4345 1587 4397 salut
1624 4343 1741 4397 ecch.
1774 4329 1829 4396 Z
1858 4344 2059 4398 tionem
2093 4343 2327 4398 hominis
2362 4346 2489 4408 122,
2522 4348 2561 4398 8
2584 4383 2596 4395 .
2624 4383 2638 4396 .
2667 4383 2683 4397 .
2712 4344 2894 4400 solum

640 4429 763 4492 123,
799 4433 862 4482 11
1072 4430 1360 4499 propriam]
1399 4431 1613 4484 sanctus
1650 4429 1942 4484 aduentum
1978 4431 2091 4483 eius
2127 4432 2185 4484 in
2221 4429 2489 4499 propriam
2527 4430 2580 4483 Z
