3217 5150
2302 554 2487 603 XXIII

243 714 387 761 cum
429 692 686 779 reliquis
726 693 986 759 alterius
1026 692 1300 759 familiae
1338 689 1606 757 testibus
1636 692 2035 777 integriorem
2066 691 2131 758 et
2156 690 2487 774 permultis

236 806 392 873 locis
424 806 640 872 contra
660 804 746 871 W
767 804 964 870 facere
991 804 1290 883 uiderem,
1319 802 1400 868 ad
1419 802 1830 869 emendandos
1861 802 2106 885 libelles
2126 800 2218 867 IV
2241 805 2306 869 et
2326 802 2487 867 xm

238 916 514 997 adhibui,
567 934 688 1001 quo
739 916 945 1002 magis
993 915 1320 983 accedente
1370 915 1627 981 alterius
1673 914 1899 981 codicis
1943 915 2225 982 diuersae
2269 916 2485 999 stirpis

235 1030 610 1096 auctoritate
637 1031 916 1112 receptae
944 1028 1242 1095 lectiones
1272 1028 1794 1095 confirmarentur.

313 1141 610 1225 Reliquos
651 1140 888 1208 c'odices
929 1158 1190 1224 quorum
1215 1138 1563 1206 uariantem
1591 1138 1921 1205 lectionem
1949 1136 2300 1223 degustaui‚
2349 1137 2483 1202 dico

226 1253 752 1338 Bambergensem
784 1249 894 1338 (Β)
935 1251 1124 1317 theol.
1166 1252 1294 1319 476
1336 1268 1494 1318 saec.
1525 1250 1639 1331 XI,
1682 1250 2099 1317 Parisiensem
2131 1246 2235 1336 (G)
2272 1247 2480 1316 12126

229 1383 384 1432 saec.
417 1363 530 1445 IX,
563 1362 1097 1431 vindobonensem
1128 1363 1228 1446 (L)
1260 1362 1387 1430 962
1417 1382 1575 1429 3333.
1607 1360 1719 1443 ΙΧ,
1750 1361 2180 1429 Monacensem
2203 1358 2321 1447 (Μ)
2352 1362 2477 1427 208

229 1495 386 1543 3333.
417 1476 530 1557 IX,
578 1475 990 1543 Parisiensem
1023 1476 1124 1556 (P)
1158 1476 1320 1542 1647
1353 1475 1413 1541 A
1443 1492 1598 1542 saec.
1632 1474 1744 1560 IX,
1774 1474 2184 1559 Reginensem
2215 1473 2322 1559 (B)
2356 1474 2480 1540 116

229 1606 384 1654 3333.
420 1587 533 1672 lx,
563 1576 975 1674 Reginensem
1007 1588 1110 1675 (Τ)
1145 1587 1268 1653 118
1298 1606 1456 1653 3333.
1483 1586 1564 1665 Χ,
1595 1587 1793 1653 altero
1824 1586 2011 1653 huius
2040 1586 2481 1670 disputationis

238 1700 442 1784 capite
497 1700 566 1766 in
621 1702 750 1767 tres
815 1700 1098 1767 diuersae
1155 1699 1545 1766 auctoritatis
1603 1698 1883 1766 familias
1942 1697 2142 1763 diuidi
2200 1698 2483 1763 scemate

231 1811 682 1879 demonstrabo.
754 1813 820 1878 in
877 1812 1238 1879 libellorum
1298 1811 1723 1878 emendatione
1782 1810 1957 1877 iuxta
2014 1808 2479 1895 Seguierianum

230 1922 624 1991 secundariae
669 1924 875 2006 partes
921 1924 985 1991 et
1027 1923 1152 2007 ipsi
1195 1926 1410 2009 agunt.
1465 1924 1691 2007 quibus
1737 1941 1878 1989 cum
1925 1921 2074 1989 solis
2120 1919 2372 1988 libellus
2416 1919 2481 1984 II

230 2032 412 2110 Quod
464 2034 642 2101 idola
681 2035 780 2101 dii
824 2054 956 2101 non
999 2036 1130 2101 sint
1172 2035 1506 2130 inscriptus
1537 2035 1916 2115 exhibeatur,
1968 2026 2101 2101 eius
2132 2031 2477 2099 emendatio
2562 2108 2577 2123 Δ

227 2147 444 2215 33113111
473 2151 662 2234 atque
689 2146 1099 2231 epistularum
1129 2146 1268 2232 lege
1298 2145 1667 2213 continetur.

2584 1237 2699 1306 ΒΟ

2584 1351 2721 1417 LM

2586 1462 2709 1529 PB

309 2259 648 2325 Peculiaris
676 2262 772 2327 est
799 2259 1072 2327 condicio
1102 2259 1304 2327 11113111
1334 2259 1436 2325 ΙΠ
1464 2257 1597 2323 AD
1633 2257 1963 2333 QVLRIN
1969 2258 2111 2339 VM
2154 2258 2261 2342 qui
2292 2257 2475 2323 uber·
2492 2275 2545 2318 ni
2546 2274 2615 2317 1211
2630 2270 2799 2317 tre-u

223 2370 402 2437 rimis
433 2390 743 2438 sacrorum
771 2372 1074 2439 librorum
1095 2372 1468 2457 fragmentis
1490 2371 1793 2437 consistit.
1828 2370 2003 2437 cuius
2022 2368 2470 2436 uetustioribus

222 2482 536 2549 codicibus
564 2503 707 2550 cum
735 2484 1293 2569 locupletissimam
1323 2485 1689 2551 memoriam
1717 2481 2245 2567 interpretationis
2265 2480 2465 2546 Italae

225 2615 413 2679 quam
455 2596 673 2662 dicunt
709 2597 940 2662 ueteris
969 2597 1200 2664 seruari
1229 2597 1526 2678 uiderem,
1568 2597 1903 2681 genuinam
1933 2597 2065 2662 31113
2094 2596 2467 2681 interpreta-

224 2709 414 2774 tionis
456 2706 741 2786 formam‚
785 2728 970 2792 quem
1005 2708 1378 2792 primarium
1421 2709 1721 2774 sermonis
1762 2709 2041 2795 uulgaris
2083 2706 2320 2774 fontem
2350 2728 2481 2776 esse

225 2821 390 2886 inter
446 2819 614 2886 uiros
660 2820 872 2886 doctos
916 2821 1177 2901 constat,
1240 2820 1586 2888 accuratius
1632 2840 1819 2904 quam
1864 2820 2063 2886 adhuc
2108 2819 2341 2887 factum
2386 2824 2482 2887 est

237 2933 556 2999 enucleare
596 2932 1104 3016 diuersarumque
1132 2933 1556 2999 recensionum
1585 2933 1775 2998 testes
1802 2932 2169 3017 integriores
2200 2934 2480 2999 excutere

229 3044 462 3111 studui.
523 3044 631 3111 sed
674 3045 1006 3112 diorthosis
1049 3044 1270 3110 multis
1314 3044 1793 3111 difficultatibus
1838 3045 1972 3110 erat
2012 3044 2352 3129 implicata,
2406 3047 2479 3109 ut

230 3175 387 3239 quae
438 3157 666 3223 uellem
712 3157 1001 3240 perficere
1044 3176 1164 3223 non
1208 3175 1470 3240 possem.
1522 3177 1669 3223 nam
1716 3157 2003 3240 pluresne
2054 3155 2289 3222 fuerint
2332 3157 2477 3222 ante

230 3269 682 3353 Hieronymum
726 3287 1038 3334 sacrorum
1078 3269 1382 3335 librorum
1411 3269 1652 3335 ueteres
1680 3268 1911 3335 latinae
1937 3267 2475 3354 interpretationes

226 3400 304 3444 an
335 3398 457 3446 una
484 3380 894 3464 posteriorum
921 3399 1066 3446 cura
1093 3381 1378 3465 pluribus
1407 3381 1863 3450 recensionibus
1892 3380 2233 3464 emendata,
2264 3379 2373 3444 ubi
2404 3397 2477 3444 ea

226 3493 440 3558 eiusne
483 3491 862 3558 recensiones
907 3492 1103 3559 factae
1149 3493 1294 3576 sint,
1339 3511 1496 3576 quae
1526 3512 1564 3558 a
1593 3493 1819 3576 quibus
1860 3491 2263 3575 scriptoribus
2290 3509 2473 3556 usur-

221 3605 422 3688 patae,
484 3604 683 3670 31111113
735 3603 1074 3690 ignoratur,
1136 3605 1422 3689 quamuis
1465 3606 1605 3688 post
1649 3599 1953 3671 Sabaterii
2012 3602 2472 3685 amplissimum

223 3735 396 3800 opus,
428 3716 536 3801 qui
565 3717 805 3800 primus
833 3717 1134 3786 uersionis
1164 3717 1454 3800 antiquae
1484 3718 1779 3800 reliquias
1801 3717 1940 3782 tum
1960 3715 2239 3800 cognitas
2262 3731 2473 3780 omnes

223 3828 480 3915 collegit
535 3827 923 3912 (Bibliomm
979 3849 1302 3895 sacrorum
1345 3827 1623 3894 Latinae
1664 3828 1981 3894 uersiones
2022 3827 2324 3908 antiquae
2367 3843 2474 3890 seu

224 3947 403 4008 uetus
433 3941 674 4008 Italica
694 3943 908 4009 Remis
940 3943 1153 4026 1742),
1183 3943 1250 4009 in
1279 3940 1480 4008 lucem
1509 3941 1767 4025 prolatis
1798 3942 2149 4008 sanctorum
2170 3938 2472 4004 librorum

223 4052 534 4120 codicibus
585 4055 692 4139 qui
739 4055 846 4121 diu
889 4055 1160 4140 neglecti
1201 4054 1488 4122 iacebant
1529 4074 1690 4122 noua
1734 4052 1997 4120 materia
2038 4052 2221 4117 hodie
2264 4068 2471 4118 accre-

223 4165 392 4232 uerit
403 4165 489 4251 ²¹²),
519 4186 642 4251 qua
669 4167 1057 4252 quaestiones
1086 4166 1236 4233 illae
1265 4167 1495 4233 certius
1525 4169 1590 4233 et
1619 4166 1847 4233 rectius
1877 4184 2064 4249 quam
2094 4183 2132 4230 a
2153 4161 2471 4229 Sabaterio

295 4339 348 4406 Ι*)
377 4337 456 4394 Cf.
481 4338 767 4394 Blanchini
789 4339 1254 4410 ,Etmnqeliarium
1286 4337 1639 4407 quadruplex
1662 4337 1903 4392 Latinae
1924 4336 2193 4392 uereiom'e
2211 4333 2473 4402 antiquae

220 4441 320 4480 seu
339 4427 542 4480 ueteris
557 4426 740 4482 Italae
753 4426 951 4480 Romae
969 4429 1115 4489 1749,
1136 4424 1423 4480 Blanchini
1443 4424 1731 4479 Vindictae
1750 4425 2142 4478 canonicarum
2157 4423 2467 4491 scriptam-

221 4529 347 4567 r-um
372 4505 642 4584 Vulgatae
660 4513 902 4569 Latinae
922 4513 1178 4569 editionis
1188 4513 1386 4567 Romae
1411 4515 1545 4566 1740
1564 4541 1631 4550 —
1652 4509 1987 4567 111-1331133311
2006 4507 2287 4580 Symbolae
2310 4508 2464 4562 criti-

2526 2344 2764 2397 Quirini-nm
