3217 5150
713 526 831 592 182
1227 484 1232 491 Ι
1651 516 2019 586 Appendix.

701 670 993 741 tientes
1055 676 1591 739 conscientiam
1634 677 1963 751 ipsorum
2032 674 2409 736 infirmam
2466 675 2541 734 in
2584 674 2970 735 Christum

705 782 1062 859 peccatis.
1102 784 1170 843 et
1195 781 1428 857 quadem
1453 796 1570 841 non
1595 780 1707 840 hec
1734 778 2041 841 iuuenibus
2068 780 2295 839 tantum
2338 778 2443 839 sed
2470 780 2533 839 et
2562 778 2801 839 senibus
2830 796 2967 839 con-

703 886 864 961 gruit
889 886 1138 945 fratrum
1165 883 1532 945 inbecillitati
1559 884 1859 945 consulere
1874 928 1889 955 ,
1932 899 2007 943 ne
2052 886 2319 943 seneaus
2346 883 2539 963 perire
2568 885 2845 957 prouocet
2870 882 2965 942 iu-

703 992 1023 1062 uentutem,
1051 1006 1122 1049 ex
1147 1004 1264 1064 qua
1291 987 1504 1047 debent
1531 986 1725 1047 omnia
1752 985 2033 1046 salutaria
2062 986 2401 1046 documenta
2440 986 2781 1060 procedere:
2810 985 2971 1047 sicut

701 1092 943 1153 Eleazar
965 1092 1026 1151 in
1051 1092 1200 1151 libro
1227 1090 1707 1153 Hababaeorum
1732 1088 2037 1163 profitetur
2064 1092 2125 1148 et
2152 1088 2325 1149 dicit:
2346 1088 2747 1164 praemitti
2774 1088 3011 1150 malos

702 1198 779 1258 in
819 1196 1198 1259 infernum
1241 1196 1472 1272 [quam
1525 1194 1821 1269 patrias
1877 1192 2087 1268 leges
2140 1193 2527 1270 desererel.
2592 1210 2735 1253 non
2778 1193 2971 1253 enim

701 1302 1020 1362 aetatem
1063 1302 1394 1361 nostram
1437 1298 1739 1373 dignum
1780 1299 1901 1357 est
1944 1296 2275 1371 fingere,
2328 1298 2409 1356 ut
2450 1296 2669 1356 multi
2712 1297 2967 1357 adule-

699 1404 1066 1465 scentium
1149 1401 1514 1469 arbitrati
1595 1400 2029 1461 Eleazarum
2110 1399 2525 1475 nonaginta
2610 1414 2967 1460 annorum

699 1507 1067 1567 transisse
1137 1505 1224 1564 ad
1291 1503 1524 1565 uitam
1595 1502 2189 1577 alienigenarum
2272 1506 2347 1563 et
2419 1502 2571 1578 ipsi
2654 1504 2967 1577 propter

701 1626 922 1671 meam
960 1606 1513 1669 simulationem
1538 1608 1615 1665 et
1640 1609 1945 1681 propter
1972 1605 2325 1667 modicum
2354 1607 2429 1666 et
2456 1605 3033 1679 corruptibilem

701 1716 992 1785 tempus
1034 1710 1238 1770 uitae
1281 1726 1408 1783 per
1435 1727 1538 1770 me
1575 1709 2043 1782 seducantur,
2090 1712 2163 1769 et
2202 1710 2443 1769 odium
2482 1726 2565 1769 ac
2604 1707 2967 1769 maculam

703 1813 1080 1874 senectuti
1121 1828 1318 1873 meae
1359 1814 1763 1887 adquiram.
1828 1812 1929 1873 ille
1974 1812 2179 1873 maluit
2231 1812 2413 1872 uitam
2450 1828 2615 1872 suam
2656 1813 2965 1873 tormentis

703 1915 926 1977 obicere
955 1932 1126 1990 quam
1155 1916 1420 1990 cuiquam
1445 1915 1725 1991 magister
1752 1916 2093 1990 perditionis
2122 1914 2401 1977 existere:
2446 1917 2507 1976 et
2534 1932 2641 1976 nos
2670 1916 2774 1975 ubi
2802 1916 2965 1976 nulla

703 2020 992 2079 tormenta
1015 2020 1184 2093 sunt,
1228 2018 1484 2083 fluxibus
1513 2018 1655 2079 solis
1694 2018 2003 2079 saluandos
2044 2018 2255 2079 fratres
2298 2016 2563 2079 nolumus
2592 2020 2957 2099 anteponere,

703 2137 812 2183 nec
835 2121 1092 2183 conteuti
1118 2138 1316 2181 >sumus
1368 2104 1494 2183 eine
1541 2120 1685 2181 ullis
1736 2122 2085 2183 cruciatibus
2130 2125 2255 2181 tam
2292 2122 2460 2183 nobis
2488 2122 2763 2195 prodesse
2792 2140 2965 2198 quam
2987 2142 3033 2181 ιε

706 2224 934 2297 ceteris,
965 2240 1094 2285 cum
1121 2222 1224 2285 ille
1251 2222 1441 2285 noluit
1468 2224 1667 2285 uiuere
1694 2225 2029 2298 moriturus,
2058 2224 2215 2285 sicut
2242 2224 2487 2287 inferius
2508 2229 2851 2300 prosecutus
2875 2230 2969 2288 est

703 2326 928 2389 dicens:
973 2326 1438 2400 quamobrem
1477 2326 1795 2388 fortiter
1860 2326 2093 2389 uitam
2140 2329 2503 2389 excedens
2570 2332 2966 2389 senectute

703 2429 992 2505 quidem
1020 2428 1292 2506 dignus
1319 2430 1729 2505 adparebo,
1760 2430 2384 2491 adulescentibus
2414 2430 2705 2506 quidem
2732 2449 2959 2493 exem-

700 2532 896 2610 plum
937 2533 1135 2596 forte
1190 2532 1639 2610 relinquam,
1708 2536 1787 2594 ut
1843 2537 2177 2610 prompto
2233 2534 2463 2596 animo
2516 2551 2599 2596 ac
2652 2534 2965 2616 fortiter

701 2655 832 2714 pro
897 2638 1264 2714 grauibus
1307 2641 1380 2700 et
1423 2638 1710 2700 sanctis
1764 2638 2063 2713 legibus
2112 2639 2430 2700 honesta
2481 2641 2710 2700 morte
2766 2657 3033 2700 seco-so

701 2741 840 2804 dan
851 2745 898 2802 t.
949 2759 1078 2804 cum
1123 2742 1233 2802 hoc
1259 2740 1434 2802 etiam
1478 2741 1657 2804 laicos
1688 2740 1919 2815 deceat,
1963 2757 2035 2801 ne
2075 2743 2178 2801 aut
2206 2741 2491 2802 extr-aneis
2518 2741 2961 2818 blasphemandi

703 2845 1028 2909 occasiones
1059 2848 1162 2906 sut
1187 2843 1544 2906 fraternitati
1571 2844 2061 2919 opportunitatem
2086 2844 2481 2906 fornioetionis
2502 2849 2815 2920 opponant,
2840 2850 2962 2906 tum

707 2947 950 3010 maxime
979 2945 1218 3009 clericos
1245 2948 1619 3008 uehementer
1659 2946 1977 3008 necessitas
2006 2947 2123 3008 ista
2168 2947 2545 3023 constringit,
2604 2949 2818 3024 quibus
2862 2953 2965 3009 aut

705 3047 908 3124 religio
936 3047 1338 3124 blasphemata
1365 3051 1466 3110 aut
1493 3047 1832 3110 fraternitas
1861 3049 2089 3124 perdita
2116 3067 2331 3126 poenas
2360 3051 2615 3126 duplices
2645 3051 2958 3128 inrogabit.

707 3167 814 3212 uec
840 3151 1136 3213 inuenient
1162 3152 1224 3214 in
1253 3151 1460 3214 iudicio
1483 3151 1713 3214 Domini
1736 3153 1919 3214 unum
1946 3153 2173 3215 omnino
2204 3153 2478 3216 solacium
2498 3154 2599 3230 qui
2618 3154 2965 3230 alienigenis
2982 3171 3031 3212 ιε

703 3257 765 3316 et
793 3255 1072 3316 fratribus
1100 3256 1372 3332 peccandi
1400 3256 1661 3320 fomitem
1700 3255 2118 3318 ministrarunt.
2150 3260 2385 3333 propter
2424 3259 2578 3333 quod
2617 3257 2705 3320 sic
2746 3259 2965 3319 Paulus

701 3359 996 3434 apostolus
1035 3357 1234 3432 Titum
1271 3359 1508 3420 instruit
1535 3359 1763 3421 dicens:
1808 3363 1881 3422 te
1924 3360 2163 3436 ipsum
2204 3362 2549 3424 bonorum
2592 3360 2965 3422 factorum

704 3461 1074 3538 praebens
1135 3462 1536 3537 exemplum
1597 3464 1675 3523 in
1719 3463 2099 3538 doctrina,
2172 3462 2246 3523 in
2310 3463 2821 3538 integritate,
2886 3465 2965 3523 in

840 3713 876 3768 5
909 3711 970 3767 H
1007 3713 1142 3768 Mac.
1179 3714 1229 3780 6,
1268 3714 1490 3771 23—25.
1667 3715 1732 3769 17
1768 3715 1827 3770 11
1862 3715 2000 3770 Mac.
2036 3716 2086 3782 6,
2122 3715 2206 3770 27.
2244 3715 2326 3772 28.
2483 3716 2551 3771 27
2588 3715 2699 3770 Tit.
2736 3716 2789 3783 2,
2828 3717 2877 3770 7.
2910 3716 2962 3770 8.

839 3930 872 3984 1
909 3928 1146 3997 ipsorum
1189 3928 1248 3994 G,
1285 3943 1468 3984 eorum
1503 3945 1536 3984 υ
1757 3929 1961 3986 christo
1998 3947 2070 3985 ex
2104 3930 2369 3985 christum
2410 3930 2459 3986 G
2489 3947 2558 3994 m.
2593 3933 2631 3984 2
2839 3932 2873 3985 2
2908 3932 2965 3984 et

701 4013 774 4084 q.]
811 4015 1057 4083 equidem
1094 4014 1140 4070 0
1169 4021 1176 4030 '
1225 4085 1232 4092 .
1365 4017 1402 4070 ὃ
1437 4016 1706 4071 eleazarus
1742 4034 1775 4073 v
2004 4018 2039 4072 6
2074 4033 2239 4086 qnam
2274 4033 2325 4086 p.
2364 4017 2401 4071 1.
2438 4016 2677 4071 deserere
2710 4031 2817 4071 om.
2852 4017 2901 4072 C

702 4099 734 4154 7
759 4101 940 4154 aetate
961 4103 1146 4156 nostra
1165 4117 1202 4157 v
1337 4101 1405 4156 11
1427 4103 1643 4157 macula
1674 4102 1743 4158 0¹
1860 4103 1929 4157 14
1950 4103 2199 4172 fluxibus]
2222 4102 2441 4157 luxibus
2462 4103 2595 4168 fort.
2710 4101 2963 4157 nolumus

699 4201 743 4241 s.
781 4185 829 4254 fi,
853 4203 890 4241 υ
1065 4185 1129 4240 17
1165 4185 1286 4242 uita
1317 4201 1352 4242 v
1528 4189 1596 4243 18
1622 4188 1790 4257 prius
1825 4188 2041 4258 quidem
2076 4205 2177 4243 om.
2212 4204 2246 4242 υ
2424 4186 2637 4257 quidem
2680 4189 2741 4253 0,
2780 4192 2961 4242 autem

699 4275 737 4328 4
771 4271 924 4328 codd.
972 4271 1198 4328 Bazuzii
1346 4273 1414 4329 19
1449 4277 1699 4345 prumpto
1743 4275 1813 4331 0⁸
1948 4276 2021 4330 20
2052 4274 2307 4330 honestae
2340 4274 2505 4329 morti
2540 4273 2829 4330 succedant
2862 4293 2899 4330 υ

699 4358 770 4414 22
805 4359 858 4412 b.
893 4357 1190 4414 occasiones
1223 4357 1284 4424 0,
1319 4360 1647 4415 occasionem
1671 4360 1727 4417 b.
1755 4377 1787 4415 v
1926 4361 2349 4431 oportunitatem
2374 4360 2421 4417 G
2556 4365 2798 4430 opponat
2826 4362 2899 4418 Ο*

699 4445 772 4500 24
805 4445 1083 4514 inrogauit
1123 4446 1188 4498 Ο*
