3217 5150
897 574 988 628 De
1021 573 1283 643 duplici
1319 573 1653 643 martyrio
1690 590 1733 627 0.
1771 573 1993 628 31-35.
2448 574 2575 640 243

315 738 563 797 lominus
595 736 904 796 uincuntur
933 752 968 793 a
995 734 1405 808 cupiditatibus
1458 732 1578 792 suis
1609 750 1779 806 quam
1807 750 1930 803 nos,
1986 749 2131 805 quos
2161 732 2357 792 dicunt
2386 732 2575 793 adhuc

315 841 505 902 teneri
536 840 642 899 sub
692 855 870 913 regno
921 840 1170 898 satanae.
1233 836 1370 911 quid
1400 837 1635 910 prodest
1683 835 1805 894 illis
1835 835 2175 908 baptismus,
2239 853 2350 909 quo
2380 836 2577 896 dicunt

315 944 450 1003 exui
477 946 727 1003 ueterem
756 941 1039 1001 hominem
1091 958 1218 999 cum
1248 939 1472 999 actibus
1518 939 1641 999 suis
1686 941 1746 997 et
1787 937 1949 997 indui
1990 954 2199 998 nouum
2245 938 2342 1011 qui
2372 956 2577 999 secun·

322 1048 461 1107 dum
491 1045 674 1106 Deum
705 1047 928 1104 creatus
959 1047 1090 1103 est?
1139 1044 1275 1118 quid
1305 1044 1537 1116 prodest
1565 1042 1685 1101 illis
1715 1040 1963 1115 Spiritus
1990 1043 2243 1113 sanctus,
2290 1043 2451 1103 cuius
2480 1060 2580 1103 ar-

276 1173 299 1211 s
317 1150 492 1211 bitrio
537 1150 730 1208 dicunt
774 1164 835 1206 se
879 1146 1186 1222 temperari
1202 1150 1230 1207 ⁴?
1287 1163 1388 1207 cur
1439 1162 1659 1219 semper
1718 1144 1781 1203 in
1824 1161 1920 1204 ore
1949 1145 2163 1206 habent
2190 1133 2575 1221 ‘euangelium

318 1236 723 1328 euangelium',
756 1270 884 1311 cum
913 1254 1037 1312 tota
1067 1250 1190 1311 uita
1219 1250 1503 1323 discrepet
1532 1250 1605 1309 ab
1636 1250 1922 1325 euangelii
1952 1248 2271 1324 praeceptis
2286 1254 2315 1311 ἓ
2366 1255 2578 1325 quanto

319 1356 554 1434 creditis
585 1358 796 1431 pudore
828 1354 1174 1415 suffunditur
1204 1352 1462 1427 ecclesia,
1510 1370 1638 1412 cum
1668 1353 1809 1413 haec
1850 1354 2186 1428 ingeruntur
2216 1354 2289 1413 ab
2318 1354 2581 1415 hostibus

318 1478 421 1521 nec
453 1460 626 1519 habet
656 1476 766 1533 quo
793 1458 1021 1517 refellat
1051 1456 1395 1531 opprobria?
1435 1474 1619 1517 nonne
1650 1456 1907 1517 uidemus
1936 1459 2121 1517 totum
2151 1456 2419 1517 ecclesiae
2450 1474 2578 1517 coe-

319 1566 442 1625 tum
487 1564 784 1624 demittere
826 1564 1022 1622 uultus
1073 1564 1244 1636 atque
1297 1562 1649 1633 erubescere,
1704 1560 1965 1634 quotiens
2008 1560 2201 1635 aliqua
2242 1561 2405 1636 uirgo
2435 1576 2579 1635 quae

254 1684 302 1724 10
323 1668 553 1729 Christo
584 1668 857 1742 nupserat
887 1665 1112 1739 dilapsa
1134 1682 1203 1725 ex
1233 1664 1490 1739 angelico
1520 1664 1908 1737 contuberniO,
1957 1663 2163 1724 defecit
2207 1664 2280 1723 ad
2320 1666 2581 1738 stuprum

321 1774 422 1832 aut
456 1770 780 1845 coniugium
796 1773 824 1828 ¹?
858 1770 1106 1844 quantus
1136 1784 1357 1827 moeror
1386 1769 1626 1840 occupat
1656 1766 1903 1826 omnium
1933 1770 2190 1827 nostrum
2236 1768 2452 1830 animos
2480 1770 2581 1830 sed

319 1874 625 1948 praecipue
655 1874 966 1947 pastorum,
1000 1871 1052 1930 si
1081 1871 1304 1945 quando
1330 1852 1546 1930 Christi
1575 1869 1741 1930 miles
1772 1871 2069 1931 tormentis
2096 1872 2333 1933 inferior
2375 1890 2580 1933 renun-

320 1977 496 2037 tiauit
534 1974 862 2051 imperatori
893 1972 1038 2035 suo?
1081 1978 1330 2048 quantus
1361 1976 1554 2033 autem
1582 1991 1653 2034 ex
1681 1976 1919 2036 aduerso
1952 1978 2183 2035 satanae
2213 1975 2581 2052 triumphus?

409 2080 634 2155 Itaque,
665 2079 878 2138 fratres
908 2077 1283 2149 dilectissimi,
1315 2078 1367 2137 si
1397 2095 1530 2138 uere
1562 2078 1856 2153 diligimus
1878 2078 2079 2153 Deum,
2114 2079 2165 2139 si
2195 2080 2447 2153 quotidie
2478 2099 2578 2155 pe-
2602 2089 2687 2148 34

252 2204 303 2243 1⁵
323 2186 502 2245 timus
534 2203 603 2245 ex
655 2182 842 2242 animo
897 2170 1308 2249 ‘sanctificetur
1337 2198 1540 2242 nomen
1569 2168 1773 2255 tuum',
1829 2200 2045 2242 summo
2076 2183 2263 2243 studio
2295 2184 2579 2259 aduigile-

326 2305 475 2359 mus,
509 2286 713 2347 necubi
743 2284 1063 2360 polluamus
1093 2301 1296 2346 nomen
1326 2283 1504 2357 illius,
1538 2286 1641 2344 sed
1671 2287 1731 2344 et
1759 2289 1941 2347 morte
1972 2289 2030 2347 et
2060 2286 2181 2345 uita
2203 2285 2582 2360 glorificemus

325 2390 511 2464 illum,
555 2390 716 2448 iuxta
744 2389 899 2449 beati
927 2388 1098 2448 Pauli
1151 2388 1367 2449 monita
1417 2388 1680 2447 uiuentes
1734 2388 1857 2447 sine
1913 2389 2143 2462 querela
2185 2392 2252 2448 ut
2294 2391 2581 2465 simplices

325 2493 432 2553 filii
460 2492 589 2566 Dei,
651 2493 774 2551 sine
817 2488 1262 2566 reprehensione
1306 2490 1367 2549 in
1411 2490 1593 2550 medio
1641 2491 1889 2551 nationis
1935 2509 2145 2566 prauae
2177 2494 2235 2553 et
2264 2510 2581 2568 peruersae,

327 2597 480 2657 inter
511 2614 652 2671 quos
674 2597 964 2656 luceamus
996 2595 1147 2655 sicut
1174 2594 1479 2655 luminaria
1500 2593 1561 2653 in
1590 2595 1819 2668 mundo,
1851 2596 2087 2655 uerbum
2110 2595 2265 2656 uitae
2288 2597 2583 2659 continen-

251 2719 305 2762 20
326 2705 414 2761 tes
480 2701 554 2760 ad
582 2699 822 2775 gloriam
855 2699 1074 2758 Christi
1101 2700 1251 2772 Iesu,
1307 2699 1459 2772 regis
1491 2701 1550 2758 et
1580 2700 1959 2773 agonothetae
2012 2685 2225 2773 nostri,
2279 2702 2377 2774 qui
2421 2718 2586 2761 suum

326 2823 388 2865 es
397 2821 460 2864 se
491 2804 650 2865 ducit
681 2803 956 2878 quidquid
985 2803 1046 2862 in
1077 2801 1346 2862 membris
1376 2800 1560 2876 ipsius
1590 2801 1829 2876 geritur.
1876 2800 2163 2877 patiamur
2192 2821 2320 2864 cum
2349 2804 2474 2879 illo,
2519 2808 2586 2865 ut

326 2926 457 2969 cum
487 2907 590 2969 illo
621 2907 1003 2982 glorificemur
1032 2905 1094 2964 in
1125 2905 1214 2965 die
1244 2905 1493 2965 Domini.
1526 2923 1631 2966 nos
1662 2906 1757 2965 hic
1804 2905 1970 2965 illum
2014 2906 2389 2967 clarificemus
2434 2910 2588 2983 apud

323 3011 608 3086 homines,
640 3013 707 3069 ut
736 3010 840 3070 ille
870 3027 975 3070 nos
1007 3008 1283 3070 clarificet
1311 3003 1576 3070 ‘claritate
1608 3027 1713 3069 sua
1741 3026 1931 3071 coram
1960 3010 2183 3086 angelis
2226 3011 2366 3086 suis,
2413 3030 2583 3086 cum,

325 3119 392 3176 ut
424 3114 613 3188 inquit
655 3115 862 3174 beatus
892 3112 1129 3186 Paulae,
1160 3113 1453 3174 uenerit
1498 3112 1935 3188 glorificari
1978 3114 2050 3173 in
2080 3115 2361 3174 sanctis
2405 3116 2583 3177 suis.

141 3240 146 3249 ·
252 3236 532 3280 asnemo
595 3219 996 3278 coronatur
1060 3216 1211 3275 nisi
1277 3216 1619 3291 legitime
1686 3218 2116 3278 certauerit.
2178 3221 2253 3278 et
2314 3219 2391 3277 hi
2464 3221 2588 3294 qui

328 3321 903 3397 corruptibilem
948 3337 1281 3381 coronam
1326 3320 1687 3394 ambiunt,
1734 3322 1818 3381 ab
1862 3320 2199 3382 omnibus
2242 3339 2313 3383 se
2356 3323 2583 3382 absti-

327 3446 370 3486 n
389 3430 540 3500 ent,
573 3425 721 3485 nihil
750 3442 864 3485 non
893 3424 1172 3485 facientes
1203 3425 1352 3498 quod
1381 3426 1456 3485 ad
1485 3424 1787 3486 uictoriam
1818 3425 2109 3486 conducit:
2157 3425 2294 3499 quid
2346 3442 2449 3485 nos
2493 3426 2585 3486 fa-

333 3546 460 3589 cere
489 3526 775 3601 conuenit,
822 3530 887 3588 ut
917 3511 1292 3602 assequamur
1320 3527 1481 3587 illam
1507 3527 1849 3610 immprtalis
1891 3529 2045 3589 uitae
2088 3545 2353 3589 coronam
2396 3529 2587 3589 incor-

332 3632 665 3708 ruptibilem
694 3634 754 3691 et
783 3631 1310 3691 immarcescibilem
1339 3631 1401 3690 in
1431 3632 1605 3691 coelis
1624 3636 1653 3690 ’ἓ

166 3813 174 3818 .
253 3761 311 3801 ³0
419 3735 532 3796 Hic
561 3734 613 3794 si
637 3735 766 3810 quis
796 3736 977 3810 roget,
1024 3753 1134 3810 quo
1161 3738 1326 3810 pacto
1358 3735 1489 3810 quis
1517 3735 1702 3809 possit
1733 3751 1859 3795 esse
1888 3737 2105 3812 martyr
2134 3737 2257 3796 sine
2288 3736 2583 3810 sanguinis
2604 3743 2687 3803 35

333 3839 637 3901 effusione:
671 3837 932 3914 quisquis
954 3841 1063 3899 hoc
1085 3839 1272 3899 animo
1303 3839 1561 3913 sequitur
1589 3837 1891 3912 iustitiam,
1923 3842 1989 3898 ut
2018 3841 2256 3900 mortem
2280 3838 2450 3899 citius
2480 3839 2583 3899 ad-

329 3943 613 4003 missurus
644 3942 740 4017 sit,
795 3961 964 4018 quam
995 3942 1142 4003 uelit
1174 3960 1209 4003 a
1240 3941 1466 4002 iustitia
1494 3941 1790 4001 deflectere
1805 3987 1821 4015 ‚
1884 3942 2020 4003 huic
2047 3945 2273 4017 promta
2320 3940 2587 4002 uoluntas

330 4063 434 4121 pro
465 4044 740 4122 martyrio
771 4045 1159 4120 deputabitur.
1221 4045 1375 4105 Deus
1428 4045 1581 4104 enim
1640 4061 1753 4104 11011
1806 4045 2075 4106 aestimat
2128 4063 2465 4122 quemquam
2517 4063 2589 4107 ex

330 4152 545 4210 euentu
575 4166 766 4210 rerum
794 4151 894 4210 sed
925 4167 994 4210 ex
1025 4149 1251 4209 affectu.
1307 4165 1407 4209 cur
1437 4150 1590 4209 enim
1618 4149 1719 4210 ille
1764 4148 2063 4211 fraudetur
2089 4149 2353 4226 martyrii
2382 4150 2585 4225 gloria,

251 4273 306 4315 3⁵
330 4269 437 4327 per
465 4271 630 4328 quem
659 4270 772 4314 non
799 4253 963 4314 stetit
994 4251 1294 4327 quominus
1323 4253 1660 4329 martyrium
1702 4252 2030 4328 peregerit?
2075 4256 2141 4313 ut
2190 4255 2386 4313 contra
2435 4269 2589 4314 mer·

466 4505 536 4560 23
572 4505 632 4560 11
668 4507 852 4563 Thess.
891 4509 940 4572 1,
977 4508 1075 4572 10;
1109 4507 1168 4563 11
1205 4507 1344 4566 Tim.
1381 4508 1434 4574 2,
1469 4509 1526 4573 5;
1567 4507 1754 4568 [Cor.
1790 4509 1840 4576 9,
1873 4509 1961 4565 25.

2032 4603 2108 4662 16
2144 4603 2176 4637 *
