3217 5150
684 526 799 587 110
1608 525 1970 595 Appendix.

671 697 741 739 ex
792 684 898 742 hac
961 684 1426 758 interpretatione
1493 684 1779 745 nominum
1832 686 2233 762 intellegamus
2292 692 2537 749 montem
2596 691 2731 751 Sina
2788 708 2917 751 esse

673 788 956 847 terrenum
985 790 1044 845 et
1071 790 1316 847 montem
1345 788 1480 847 Sion
1509 806 1635 848 esse
1662 790 1981 851 caelestem.
2028 790 2369 865 spiritaliter
2410 792 2747 867 interpretat
2778 794 2917 854 Sina

669 876 990 961 ‘temptatio
1021 894 1252 951 aeterna
1279 894 1338 951 et
1367 884 1594 965 odium’,
1625 896 1684 952 et
1705 910 1863 953 mons
1886 894 2017 953 Sion
2036 880 2357 969 ‘temptatio
2382 895 2825 957 exacerbationis
2856 899 2918 957 et

669 979 1023 1066 speculatio?
1055 996 1138 1055 ita
1159 995 1514 1071 intellegitur
1535 1015 1663 1057 eum
1694 997 1834 1057 dicit
1864 997 2147 1075 [montem]
2176 999 2309 1057 Sina
2336 986 2653 1072 ‘temptatio
2680 1001 2917 1059 aeterna

671 1102 730 1155 et
783 1088 1009 1169 odium’,
1069 1116 1132 1158 eo
1191 1100 1338 1173 quod
1391 1118 1457 1159 ex
1507 1118 1573 1160 eo
1632 1102 1819 1160 monte
1870 1100 2095 1175 Moyses
2146 1101 2325 1175 legem
2376 1102 2659 1175 acceperit
2706 1102 2917 1175 populo
2934 1126 2961 1165 ³

671 1200 970 1260 durissimo
1023 1204 1081 1260 et
1131 1202 1463 1261 contumaci.
1509 1219 1610 1275 per
1659 1220 1829 1276 quam
1878 1201 2063 1277 legem
2092 1202 2357 1276 temptati
2386 1218 2423 1261 a
2450 1201 2566 1261 Deo
2597 1204 2825 1263 aeterno
2856 1204 2917 1261 et

671 1304 888 1363 inuenti
929 1308 1062 1364 sunt
1103 1322 1216 1364 non
1247 1323 1412 1379 posse
1441 1306 1673 1364 eandem
1702 1304 1885 1378 legem
1916 1305 2195 1365 sustinere
2224 1306 2283 1365 in
2312 1308 2662 1379 perpetuum,
2714 1306 2917 1365 exinde

669 1408 786 1467 Dee
837 1407 894 1467 in
947 1408 1073 1467 odio
1121 1408 1376 1467 conuersi
1427 1410 1582 1467 sunt.
1627 1408 1751 1467 ideo
1792 1408 1853 1467 in
1896 1408 2119 1469 nomine
2146 1408 2357 1467 montis
2386 1408 2520 1467 Sina
2548 1408 2696 1467 unde
2726 1407 2917 1481 legem

667 1516 1002 1585 acceperant
1029 1512 1420 1586 interpretatio
1451 1512 1695 1571 nominis
1724 1512 2049 1587 designauit
2072 1512 2345 1586 populum
2372 1512 2713 1585 temptatum
2740 1528 2779 1569 a
2800 1510 2915 1571 Deo

667 1618 728 1673 et
763 1615 824 1673 in
863 1618 1090 1674 aeterno
1137 1614 1263 1674 odio
1305 1631 1431 1674 esse
1473 1631 1806 1675 conuersos:
1852 1616 1975 1675 ideo
2004 1614 2144 1673 dicit
2172 1616 2307 1675 Sina
2334 1606 2651 1688 ‘temptatio
2680 1616 2917 1675 aeterna
2936 1638 2987 1675 ιο
3034 1650 3045 1662 -

673 1721 732 1777 et
773 1702 999 1777 odium'.
1046 1717 1362 1777 inuenimus
1393 1718 1544 1777 enim
1573 1718 1634 1777 in
1664 1717 1963 1793 seripturis
1992 1734 2087 1777 eos
2118 1735 2243 1778 esse
2270 1736 2307 1777 a
2333 1718 2453 1777 Deo
2482 1718 2789 1789 temptatos
2832 1714 2917 1775 ita

671 1820 913 1893 positum
964 1818 1186 1879 dicente
1239 1820 1474 1879 Domino
1525 1821 1598 1879 ad
1648 1820 1915 1895 Moysen:
1982 1824 2193 1881 exeat
2255 1819 2565 1895 populus
2630 1819 2779 1879 iste
2842 1820 2917 1877 et

669 1923 1039 1997 colligant
1105 1924 1252 1983 sibi
1319 1924 1647 1983 diurnum
1714 1923 1783 1982 in
1842 1924 2057 1995 diem,
2122 1926 2195 1983 et
2246 1922 2620 1997 temptabo
2664 1938 2784 1981 eos
2826 1938 2915 1981 an

667 2027 962 2100 possint
1003 2027 1234 2099 legem
1279 2044 1496 2087 meam
1539 2026 1918 2086 sustinere
1962 2044 2047 2087 an
2092 2044 2246 2086 non.
2305 2028 2365 2084 et
2406 2026 2671 2098 temptati
2713 2042 2749 2083 a
2792 2024 2911 2083 Deo

667 2146 770 2203 per
818 2127 1004 2203 legem
1037 2130 1266 2223 ‘inuenti
1296 2132 1431 2188 sunt
1461 2130 1534 2189 ab
1563 2146 1633 2188 ea
1661 2130 1789 2203 lege
1818 2129 2011 2189 alieni.
2056 2130 2257 2190 exinde
2284 2130 2403 2189 Deo
2432 2129 2495 2187 in
2522 2128 2649 2189 odio
2680 2130 2910 2187 aeterno
2932 2153 2983 2191 ιε
3196 2174 3198 2227 Ι

669 2232 925 2293 conuersi
976 2235 1110 2291 sunt
1151 2236 1211 2292 et
1261 2231 1524 2306 conpleta
1575 2234 1664 2291 est
1714 2232 2107 2307 interpretatio
2150 2231 2286 2291 Sina
2328 2231 2647 2291 manifesta.
2686 2247 2822 2289 uero
2854 2230 2913 2289 et
3196 2232 3198 2241 '

667 2334 918 2408 Moysen,
978 2351 1078 2408 per
1107 2351 1214 2408 quo
1243 2352 1339 2394 eos
1369 2334 1520 2395 Deus
1545 2352 1649 2408 per
1676 2334 1863 2409 legem
1892 2335 2219 2409 temptauit,
2250 2334 2311 2393 in
2340 2334 2543 2393 Latino
2572 2334 2913 2407 interpretat

667 2436 952 2509 similiter,
993 2436 1216 2512 Moyses
1243 2425 1562 2511 ‘temptatio
1591 2438 1699 2498 Dei
1728 2440 1789 2497 et
1814 2422 2109 2509 inuentio',
2154 2454 2256 2511 per
2297 2453 2409 2511 qno
2440 2436 2703 2509 temptati
2730 2453 2768 2495 a
2794 2434 2911 2495 Deo

667 2539 884 2601 inuenti
913 2543 1048 2601 sunt
1077 2538 1250 2601 alieni
1279 2558 1315 2600 a
1349 2540 1497 2614 legis
1527 2540 1943 2613 obseruatione,
1986 2541 2110 2602 ideo
2136 2541 2196 2600 in
2228 2542 2517 2600 aeternum
2548 2539 2665 2600 Deo
2696 2538 2756 2598 in
2784 2538 2911 2598 odio

543 2645 554 2658 '
664 2645 920 2705 conuersi
949 2647 1100 2704 sunt.
1145 2645 1296 2703 hunc
1323 2645 1514 2703 odium
1541 2644 1602 2702 in
1630 2645 1755 2717 ipso
1786 2661 1993 2719 genere
2021 2644 2355 2704 Indaeorum
2382 2643 2655 2716 seriptum
2684 2642 2909 2700 inueni-
2926 2670 2983 2708 ω

665 2765 792 2806 mus
833 2747 1057 2807 dicente
1099 2747 1262 2806 Isaac
1291 2746 1362 2806 de
1391 2747 1610 2806 duobus
1642 2747 1775 2806 filiis
1806 2747 1927 2806 suis
1955 2747 2107 2806 Esau
2136 2747 2347 2806 maiore
2376 2748 2436 2805 et
2462 2745 2633 2806 Iacob
2662 2743 2907 2804 minore:

665 2849 877 2908 Iacob
919 2849 1172 2919 dilexi,
1219 2849 1406 2907 Esau
1449 2852 1687 2908 autem
1730 2849 1895 2908 odio
1940 2851 2179 2908 habui,
2239 2849 2429 2908 Esau
2468 2864 2638 2908 uero
2680 2846 2910 2908 maior

664 2953 950 3027 pilosus
1015 2951 1162 3010 fuit
1223 2954 1452 3023 totus,
1535 2952 1753 3026 inquit,
1820 2954 2031 3026 quasi
2092 2952 2365 3012 corium
2431 2951 2779 3024 pilosum,
2848 2950 2909 3008 in

661 3057 845 3129 figura
894 3054 1089 3129 populi
1137 3055 1366 3114 maioris
1419 3055 1478 3114 in
1519 3055 1791 3128 inpietate
1840 3057 2175 3116 delictorum
2218 3072 2445 3115 suornm
2474 3053 2795 3115 constituti.
2840 3055 2909 3112 et

797 3274 865 3327 12
899 3273 994 3328 nx.
1033 3274 1115 3337 16,
1149 3273 1202 3328 4.
1406 3273 1476 3328 22
1509 3273 1637 3328 Mai.
1678 3277 1725 3340 1,
1758 3275 1808 3330 2.
1843 3274 1893 3328 3.
1951 3273 2080 3329 een.
2116 3273 2200 3336 25,
2236 3273 2320 3327 25.

798 3499 829 3551 1
865 3495 1230 3566 intellegimus
1270 3497 1343 3551 M
1473 3497 1655 3550 monte
1691 3495 1763 3562 1¹3
1800 3497 1925 3550 item
1960 3495 1997 3550 1.
2026 3500 2063 3550 2
2210 3495 2245 3549 2
2280 3495 2661 3563 interpretatur
2694 3492 2839 3561 Μμυ

659 3586 694 3638 3
728 3583 926 3653 odium]
961 3583 1140 3638 odium
1177 3582 1596 3637 exacerbationis
1632 3581 1707 3636 M
2014 3580 2447 3650 exacerbationis]
2486 3581 2733 3634 aeternae
2768 3579 2845 3634 M

599 3733 608 3742 ,
660 3673 734 3740 et]
769 3697 798 3722 ³
816 3697 844 3722 ,ι
866 3671 943 3724 Μ
1185 3671 1222 3724 4
1255 3669 1639 3739 speculationis
1674 3669 1747 3723 M
1994 3666 2195 3721 dicitur
2230 3683 2303 3737 μυ
2552 3667 2787 3720 montem
2820 3667 2903 3734 μ’,
3190 3655 3192 3672 ²

657 3759 838 3810 monte
873 3757 1008 3820 MT,
1043 3772 1196 3810 mons
1233 3757 1298 3825 μ’
1458 3757 1701 3809 aeternae
1738 3754 1815 3808 M
1988 3755 2025 3808 5
2060 3755 2239 3806 monte
2274 3769 2397 3822 exp.
2441 3753 2490 3806 T
2644 3752 2679 3806 6
2714 3751 2813 3806 alt.
2850 3753 2906 3806 et

658 3859 759 3896 om.
797 3859 870 3910 μυ
1101 3842 1136 3898 7
1173 3844 1396 3912 possunt
1433 3841 1486 3894 Τ
1707 3841 1742 3896 8
1776 3839 1895 3894 odio
1935 3839 1999 3902 T,
2032 3839 2213 3894 odium
2248 3839 2394 3906 Mne
2621 3838 2689 3892 10
2720 3836 2904 3892 odium

657 3933 930 3983 aeternum
967 3945 998 3981 v
1158 3943 1464 3984 conuersum
1499 3927 1635 3995 Μ’μ.
1804 3926 2005 3980 dicitur
2039 3943 2072 3981 υ
2246 3926 2309 3979 11
2348 3927 2403 3978 et
2435 3926 2730 3992 temptatos
2766 3923 2839 3978 M

658 4015 724 4068 12
757 4029 992 4083 moysem
1029 4033 1067 4083 μ
1167 4004 1175 4012 ”
1275 4013 1340 4066 13
1373 4013 1600 4082 colligat
1632 4027 1666 4065 ο
1870 4012 1939 4066 14
1972 4012 2144 4080 possit
2179 4031 2219 4079 μ
2414 4010 2480 4064 15
2514 4008 2695 4064 odium
2731 4011 2905 4064 aeter-
3188 4079 3190 4088 Ι

653 4117 784 4154 num
817 4118 890 4169 μυ
1074 4100 1138 4153 17
1173 4116 1265 4168 per
1299 4114 1458 4168 quem
1493 4099 1566 4152 M
1568 4099 1664 4168 ’μυ
1852 4097 1935 4151 ita
1968 4099 2352 4166 interpretatur
2387 4097 2497 4166 ΙΞῙμ
2634 4125 2649 4140 ·
2682 4094 2749 4149 18
2784 4097 2905 4150 ten-

653 4187 792 4239 tatio
825 4185 911 4240 dei
945 4201 1014 4240 ex
1044 4186 1215 4240 tentio
1257 4186 1307 4240 T
1653 4199 1747 4253 per
1778 4199 1937 4252 quem
1974 4201 2046 4253 μυ
2420 4183 2487 4236 19
2521 4181 2619 4236 deo
2654 4197 2755 4236 om.
2792 4201 2833 4250 μ

653 4271 832 4326 odium
869 4271 968 4326 Mo
1191 4271 1262 4324 20
1294 4270 1394 4324 hoc
1427 4270 1526 4338 μύ
1765 4271 1833 4324 21
1854 4269 2119 4324 dicentem
2154 4269 2229 4323 M
2237 4277 2247 4306 ¹
2486 4268 2601 4321 suis
2634 4267 2766 4321 filiis
2799 4283 2836 4322 υ

653 4358 876 4428 minore]
912 4357 1090 4412 dicens
1125 4355 1251 4410 add.
1289 4355 1370 4422 M,
1405 4354 1617 4410 dicente
1649 4355 1776 4410 add.
1820 4355 1871 4409 T
2078 4356 2151 4410 24
2182 4355 2240 4409 in
2274 4371 2376 4410 om.
2416 4354 2487 4408 M
2492 4355 2574 4422 Τμ
2782 4369 2907 4408 con-

653 4443 884 4496 stitutus
919 4443 994 4498 M
991 4442 1077 4512 Τμ
