3217 5150
741 496 830 549 De
866 495 1381 566 singularitate
1417 495 1820 550 clericorum
1856 512 1899 549 c.
1937 496 2177 559 38—40.‚
2448 502 2571 564 215

317 654 636 727 brositati8‚
669 654 1046 729 corruptionis
1077 655 1335 727 exitium,
1368 672 1562 713 murus
1589 654 1799 729 rigoris
1823 658 1882 713 et
1911 656 2224 716 destructio
2254 653 2573 729 uulgarita-

313 756 415 831 tis,
451 756 784 817 seueritatis
814 756 1061 831 gladiuS,
1093 758 1480 831 triumphator
1509 760 1568 816 ot
1598 756 1814 817 occisor
1844 757 2254 830 dissolutionis,
2286 760 2577 817 armatura

312 861 524 920 uirium
555 864 615 920 et
644 861 954 919 exarmatio
983 862 1350 933 fluxurarum,
1398 860 1753 934 integritatis
1798 858 2052 933 dignitas
2094 863 2151 919 et
2180 850 2573 920 fornicationis

317 964 566 1024 addictio
585 1010 600 1037 ,
635 963 915 1024 claritatis
945 963 1243 1037 fastigium
1273 965 1332 1022 et
1363 962 1651 1023 dedecoris
1681 962 2080 1036 praecipitium
2097 1008 2112 1035 ,
2160 963 2427 1023 uoluntas
2468 964 2571 1022 bo·

275 1085 300 1125 5
319 1084 520 1127 norum
548 1084 781 1141 operum
812 1070 872 1127 et
901 1062 1136 1126 afflictio
1167 1066 1460 1138 uitiorum,
1512 1066 1873 1140 refrigerium
1927 1065 2233 1139 pudicitiae
2288 1068 2347 1125 et
2388 1082 2573 1140 poena

316 1171 671 1243 petulantiae
686 1215 701 1242 ,
753 1169 1062 1244 adquisitio
1093 1170 1511 1244 triumphorum
1541 1171 1621 1229 ‘et
1648 1170 1963 1229 facinorum
1994 1169 2397 1227 detrimentum
2409 1213 2427 1247 ‚
2479 1186 2571 1229 re-

319 1272 480 1347 quies
515 1272 719 1331 salutis
752 1275 810 1330 et
841 1271 1183 1347 perditionis
1218 1271 1449 1332 exilium
1465 1318 1480 1345 ‚
1530 1273 1653 1332 uita
1698 1273 1939 1347 spiritus
1970 1274 2029 1331 et
2058 1271 2248 1332 carnis
2278 1271 2571 1344 interitus,

317 1378 506 1435 status
538 1374 838 1451 qualitatis
867 1376 1178 1449 angelicae,
1211 1376 1384 1436 funus
1413 1377 1696 1435 humanae
1728 1375 2103 1435 substantiae.
2153 1375 2323 1435 huius
2352 1374 2569 1433 retina-

317 1479 462 1539 culis
491 1479 676 1539 omnis
727 1478 1080 1538 obscoenitas
1135 1480 1394 1538 frenatur
1449 1482 1509 1537 et
1559 1479 1923 1553 compedibus
1956 1479 2079 1538 eius
2111 1479 2294 1538 calces
2325 1477 2571 1537 furentis

245 1600 298 1641 111
317 1581 578 1642 libidinis
608 1584 957 1641 statuuntur.
987 1582 1049 1641 in
1080 1584 1189 1642 hac
1219 1582 1378 1642 uelut
1406 1583 1467 1640 in
1500 1582 1733 1656 scopulo
1765 1583 2116 1655 franguntur
2148 1582 2396 1655 impetus
2427 1596 2569 1654 qua-

316 1684 642 1760 lescumque
695 1684 993 1759 sanguinis
1045 1685 1376 1745 inundantis
1407 1686 1467 1743 et
1505 1686 1701 1745 inilia
1752 1686 1984 1745 sedatur
2029 1702 2298 1759 spumans
2329 1683 2571 1743 tumoris

313 1788 541 1848 insania
569 1788 900 1861 corporalis.
962 1807 1110 1864 quae
1152 1790 1286 1848 dum
1317 1789 1430 1848 sibi
1461 1789 1752 1849 subtrahit
1781 1789 2127 1849 adminicula
2166 1789 2569 1861 concupiscen-

313 1892 454 1965 tiae,
483 1894 707 1952 mortua
751 1891 1004 1952 membra
1057 1910 1160 1951 sua
1189 1894 1552 1967 cognoscitur
1577 1894 1870 1953 baiulare:
1918 1893 1987 1951 de
2032 1892 2236 1967 quibus
2281 1892 2571 1965 apostolus

315 1996 536 2054 Paulus
566 1998 894 2069 praemonet
922 1995 1148 2055 dicens:
1211 1996 1679 2055 mortificate
1724 2013 1893 2071 ergo
1938 1997 2254 2057 membra
2296 1998 2571 2067 uestra,

241 2116 499 2172 aquae
544 2101 716 2157 sunt
761 2114 978 2171 super
1032 2101 1330 2171 terram,
1397 2100 1973 2160 fornicationem
2028 2099 2575 2159 immunditiam

313 2200 709 2261 libidinem
751 2202 1436 2275 concupiscentiam
1475 2204 1732 2262 malam
1778 2206 1849 2263 et
1892 2202 2324 2273 auaritiam,
2395 2217 2573 2276 quae

316 2304 841 2364 estidolorum
887 2304 1255 2377 seruitus,
1315 2308 1629 2380 propter
1673 2323 1851 2380 quae
1896 2305 2108 2364 uenit
2152 2305 2262 2363 ira
2304 2304 2456 2363 Dei.

399 2408 494 2467 Ab
527 2407 618 2467 his
650 2407 910 2467 omnibus
939 2408 1166 2467 nonnisi
1219 2408 1518 2482 splendido
1571 2408 1997 2481 singularitatis
2048 2406 2231 2466 cultro
2287 2409 2573 2466 castratur
2590 2408 2675 2465 40

318 2512 568 2571 humana
638 2513 843 2569 natura
859 2557 873 2583 ‚
954 2514 1020 2569 ut
1102 2512 1374 2571 inlibatos
1455 2512 1737 2586 spadones
1813 2514 1886 2571 ad
1958 2509 2283 2569 conuiuium
2354 2509 2569 2568 sancti-

245 2633 302 2676 no
319 2616 463 2674 tatis
523 2616 901 2689 desponsante
962 2615 1386 2674 circumcisione
1444 2616 1784 2676 introducat.
1847 2615 1939 2675 cui
1984 2614 2267 2674 sanctitas
2296 2613 2383 2672 ita
2432 2629 2567 2686 pro-

314 2707 476 2777 misit
555 2717 713 2777 anuli
810 2719 904 2777 sui
996 2718 1254 2792 nuptiale
1337 2717 1726 2794 signaculum,
1820 2721 1887 2777 ut
1980 2718 2103 2777 sine
2188 2717 2319 2791 ipsa
2384 2714 2566 2790 uirgi-

313 2821 468 2879 nitas
523 2819 869 2894 resignetur,
936 2838 1080 2895 quae
1152 2838 1212 2880 se
1271 2821 1394 2880 sola
1453 2824 1723 2883 contenta
1780 2820 2101 2898 cupidinem
2159 2822 2351 2880 domat
2409 2836 2567 2879 men-

309 2925 538 2998 temque
590 2924 888 2997 castificat,
951 2924 1466 2998 concupiscentiam
1513 2925 1751 3000 subigit,
1806 2924 2335 2985 dosideriaardoris
2380 2923 2568 2982 extin-

309 3026 458 3101 guit,
489 3029 650 3086 artus
703 3027 985 3100 debilitat,
1039 3045 1242 3101 corpus
1293 3029 1547 3101 ancillat,
1604 3031 1663 3088 et
1722 3028 1807 3088 ita
1864 3027 2117 3089 carnalia
2158 3027 2459 3102 crucifigit,
2505 3028 2571 3085 ut

240 3147 294 3202 2²5»
313 3133 436 3190 tam
462 3131 749 3190 masculus
801 3148 971 3205 quam
1023 3130 1235 3191 femina
1289 3131 1553 3191 uideatur
1580 3132 1642 3191 in
1673 3132 2101 3192 conuersatione
2130 3130 2389 3202 mentiri,
2435 3129 2569 3187 dum

311 3231 444 3293 illos
475 3233 800 3306 operatione
831 3233 1131 3308 utriusque
1160 3251 1328 3293 sexus
1360 3234 1636 3294 abscidit:
1669 3238 1769 3294 aut
1796 3237 2059 3294 neutrum
2088 3233 2303 3293 faciens
2333 3234 2403 3291 de
2427 3234 2567 3292 duo-

308 3335 418 3394 bus
441 3336 673 3394 tertiam
689 3336 931 3395 formam
957 3336 1214 3396 conferre
1239 3336 1520 3410 gloriatur
1537 3337 1832 3410 ambobuS,
1858 3340 1923 3396 ut
1945 3339 2079 3396 ante
2096 3335 2568 3395 resurrectionem

309 3438 741 3498 resurrectionis
771 3439 1080 3513 imaginem
1113 3442 1186 3500 ad
1215 3440 1398 3500 instar
1427 3441 1759 3514 angelorum
1792 3440 2055 3500 meditari
2085 3441 2367 3500 noscatur.
2418 3437 2566 3510 quod

445 3673 512 3728 14
548 3674 659 3730 Col.
699 3674 748 3740 3,
784 3676 836 3731 5.

445 3897 476 3949 1
512 3897 928 3966 incorruptionis
964 3897 1011 3952 0
1232 3899 1267 3952 2
1301 3899 1673 3954 dissolutionis
1708 3900 1907 3954 occisor
1944 3899 1989 3954 C
2204 3899 2238 3952 3
2274 3899 2565 3978 exarmatio

306 3982 633 4037 fluxurarum
669 3982 727 4047 0,
765 3985 1108 4036 exarmat-ura
1141 3985 1403 4038 fluxorum
1439 4003 1472 4041 v
1505 3985 1514 4018 ἕ
1793 3987 1829 4038 5
1862 3988 1919 4039 et
1953 4000 2123 4054 poena
2166 3985 2225 4049 C,
2260 4001 2430 4054 poena
2462 4000 2495 4038 v

307 4071 340 4124 9
374 4068 611 4122 furentes
657 4068 704 4124 Ο
1032 4071 1102 4124 10
1134 4070 1275 4124 hanc
1307 4087 1342 4124 υ
1674 4071 1890 4140 scopulo
1928 4087 1998 4124 ex
2033 4072 2280 4138 copulum
2328 4073 2373 4127 G
2404 4089 2473 4125 m.
2510 4076 2562 4136 2,

307 4156 552 4224 scopulos
587 4174 620 4211 v
950 4155 1016 4210 11
1053 4157 1386 4212 inmundatis
1430 4159 1498 4213 Οι
1826 4160 2053 4214 tumoris
2092 4159 2151 4224 0,
2187 4160 2429 4214 humoris
2462 4177 2496 4214 v

307 4242 375 4298 14
409 4243 590 4296 uestra
624 4257 723 4296 om.
761 4259 794 4298 v
965 4243 1038 4296 20
1071 4243 1420 4314 desponsante
1461 4247 1520 4310 0,
1555 4245 1897 4316 dispensante
1932 4264 1965 4302 v
2138 4248 2205 4301 21
2242 4247 2429 4299 annuli
2462 4264 2497 4300 v

304 4329 374 4383 23
411 4329 674 4382 castificat
717 4329 764 4385 G
775 4371 788 4395 ,
835 4329 1099 4384 rectificat
1131 4347 1166 4385 υ
1509 4333 1576 4386 26
1611 4333 1893 4402 utriusque
1926 4348 2079 4386 sexus
2120 4331 2429 4400 operatione
2463 4347 2497 4385 v

303 4415 400 4469 aut
436 4431 506 4469 ex
542 4431 612 4468 an
655 4415 701 4470 0
731 4431 802 4468 m.
838 4419 876 4470 2
1078 4415 1149 4470 28
1183 4417 1239 4470 in
1275 4417 1675 4472 resurrectionis
1720 4420 1767 4476 0
1798 4420 1853 4473 in
1892 4435 2013 4488 exp.
2051 4436 2118 4472 m.
2156 4421 2195 4472 2
