3217 5150
1043 575 1387 629 Aduersus
1427 574 1706 627 ludaeos
1756 590 1795 626 c.
1836 580 1882 627 1.
2464 578 2583 639 133

711 1034 972 1132 vnn.
1052 1032 1638 1132 ADvsRsvs
1702 959 2207 1131 lvoAsos

1268 1266 1641 1277 --———--—-—.-...

419 1470 739 1549 Adtendite
783 1505 1010 1548 sensum
1052 1491 1112 1548 et
1152 1490 1604 1564 intellegentiam
1636 1492 1885 1549 uestram
1928 1492 1987 1549 in
2020 1491 2226 1565 spiritu
2256 1495 2470 1563 sanctO,
2518 1496 2587 1550 ut
2605 1496 2639 1552 1

329 1610 448 1653 non
478 1594 698 1652 tantum
730 1593 964 1651 auribus
995 1592 1262 1667 audiatis,
1293 1594 1396 1651 sed
1425 1593 1596 1652 etiam
1621 1594 1801 1653 oculis
1823 1594 2071 1653 cernatis
2094 1595 2346 1654 diuinum
2372 1596 2583 1655 Christi

335 1698 768 1756 sacramentum.
845 1695 1076 1753 cernitis
1145 1698 1334 1754 autem
1393 1712 1495 1769 per
1567 1694 1734 1754 fidem
1808 1701 2093 1756 uestram:
2169 1696 2364 1757 audire
2434 1700 2583 1757 enim

284 1822 314 1859 ,5
335 1798 698 1859 necessitatis
728 1800 836 1869 est,
869 1799 1095 1857 credere
1127 1797 1550 1858 sollicitudinis,
1597 1799 1820 1858 aurium
1849 1798 2097 1859 officium
2131 1803 2221 1859 est
2249 1801 2581 1861 indifferen-

333 1907 425 1961 ter
474 1902 692 1977 pariter
741 1919 891 1961 uana
939 1901 1123 1976 adque
1153 1900 1324 1960 utilia
1352 1901 1693 1975 perspicere,
1746 1901 1880 1961 fidei
1910 1906 2099 1962 autem
2143 1920 2255 1963 non
2296 1904 2408 1963 nisi
2440 1922 2583 1977 quae

335 2006 662 2079 probauerit
714 2006 957 2065 credere.
1006 2021 1110 2064 nec
1162 2004 1313 2063 enim
1359 2006 1623 2078 cuiquam
1682 2006 1915 2079 prodest
1945 2006 2193 2065 libenter
2223 2006 2437 2079 audire,
2470 2008 2579 2065 nisi

334 2110 642 2169 credulitas
693 2109 950 2168 auditum
1002 2108 1314 2169 confirmet.
1393 2107 1526 2166 fidei
1579 2108 1731 2168 oculi
1782 2111 1919 2167 sunt
1976 2110 2215 2184 spiritus
2263 2126 2368 2183 per
2418 2126 2581 2183 quem

341 2212 608 2273 uidentur
660 2211 962 2284 spiritalia.
1010 2211 1060 2271 si
1091 2228 1227 2284 ergo
1257 2228 1362 2271 uos
1393 2211 1538 2270 estis
1569 2212 1879 2285 spiritales,
1933 2212 2257 2285 intellegite
2287 2213 2578 2271 caelestia.

255 2340 316 2378 ιο
337 2314 558 2373 similes
589 2314 739 2373 enim
771 2313 982 2373 similia
1013 2314 1100 2371 sui
1131 2316 1575 2387 recognoscunt:
1624 2314 1799 2374 etiam
1844 2316 2002 2374 muta
2030 2315 2302 2374 animalia
2332 2316 2399 2373 de
2429 2315 2584 2374 uocis

333 2435 472 2478 sono
504 2417 747 2477 inuicem
779 2433 841 2475 se
871 2415 1234 2491 intellegunt,
1266 2417 1458 2477 leones
1488 2418 1796 2490 fremitum,
1841 2418 1991 2476 tauri
2022 2418 2301 2492 mugitum
2333 2421 2391 2477 et
2421 2418 2583 2477 miles

334 2524 507 2581 tubae
540 2522 894 2597 clanyorem.
955 2523 1166 2594 quanto
1197 2537 1330 2594 ergo
1363 2520 1552 2580 uerius
1583 2520 1874 2595 spiritales
1904 2520 2191 2595 spiritalia
2220 2519 2581 2596 intellegunt,

337 2625 615 2685 caelestes
644 2626 703 2683 et
731 2625 972 2683 heredes
1000 2623 1186 2697 patris
1217 2624 1306 2682 sui
1335 2626 1641 2697 praec-epta
1670 2626 1730 2683 et
1758 2641 1825 2683 ea
1855 2639 1999 2698 quae
2028 2626 2372 2684 testamento
2402 2624 2585 2698 patris

338 2726 430 2786 sui
459 2729 626 2786 cauta
655 2729 835 2786 sunt?
883 2745 984 2787 uos
1015 2742 1150 2800 ergo
1182 2743 1308 2785 cum
1341 2726 1471 2785 sitis
1503 2725 1721 2785 Christi
1750 2727 2006 2799 heredeS‚
2052 2726 2372 2800 intellegite
2402 2729 2581 2785 testa-

259 2858 314 2896 ιε»
337 2834 591 2890 mentum
621 2831 760 2890 eius,
810 2831 962 2904 quod
991 2829 1042 2888 si
1074 2829 1201 2902 quis
1231 2846 1335 2904 per
1362 2830 1608 2888 aetatem
1640 2827 1828 2887 minus
1858 2827 2119 2888 docibilis
2141 2831 2229 2889 est
2258 2829 2329 2888 ad
2351 2829 2581 2888 intelle-

332 2935 600 3007 gendum,
654 2934 830 2992 habet
875 2932 1142 3007 spiritum
1186 2934 1445 2992 sanctum
1489 2932 1888 3006 interpretem:
1937 2931 2101 2990 illum
2149 2933 2438 3005 sequatur,
2482 2931 2582 2990 illo

333 3037 472 3096 duce
514 3039 572 3095 et
611 3037 886 3110 magistro
935 3033 1204 3096 facillime
1253 3035 1467 3108 poterit
1508 3036 1643 3096 noui
1687 3035 2017 3095 testamenti
2047 3035 2173 3095 iura
2203 3035 2582 3109 uirtutemque

333 3157 692 3214 cognoscere,
724 3141 875 3214 quod
903 3141 1190 3200 hereditas
1220 3139 1488 3214 gentibus
1520 3140 1843 3200 contributa
1874 3142 1981 3200 est.

416 3244 542 3303 Hoc
569 3245 732 3303 modo
763 3242 1036 3302 Dominus
1066 3247 1124 3303 et
1154 3245 1328 3302 Pater
1358 3244 1417 3302 in
1447 3243 1725 3318 principio
1766 3243 1905 3303 fecit
1947 3242 2230 3302 hominem
2270 3260 2373 3302 sua
2411 3261 2577 3302 manu
2602 3255 2637 3309 2

250 3371 308 3411 πο
329 3363 568 3420 eumque
611 3346 802 3420 posuit
846 3346 906 3404 in
950 3345 1212 3419 paradiso
1262 3347 1397 3406 data
1426 3349 1584 3406 certa
1614 3345 1941 3408 condicione
1970 3348 2397 3421 praeceptorum
2429 3348 2581 3405 uitae

467 3631 671 3701 Incipit
704 3631 956 3685 aduersus
993 3630 1214 3685 Iudaeos
1251 3632 1366 3700 (qui
1401 3632 1631 3686 insecuti
1666 3633 1793 3685 sunt
1827 3632 2100 3685 dominum
2134 3633 2378 3708 nostrum
2405 3631 2579 3684 Iesum

323 3717 606 3774 Christum
641 3717 768 3773 add.
808 3717 1005 3788 MQT)
1051 3717 1286 3802 JJMQT.
1355 3747 1412 3757 --
1473 3717 1508 3771 2
1543 3717 1817 3772 accendite
1853 3733 1923 3771 ex
1959 3716 2233 3770 adtendite
2274 3717 2323 3769 T
2524 3716 2579 3767 in

326 3820 428 3858 om.
470 3804 534 3868 T,
567 3806 623 3857 et
657 3803 714 3857 in
751 3821 782 3860 v
1024 3821 1112 3872 sps
1148 3791 1231 3857 scs
1273 3805 1342 3859 Τι
1599 3802 1637 3856 3
1668 3804 1899 3858 cernatis
1932 3803 2103 3857 oculis
2139 3802 2190 3856 T
2424 3801 2460 3854 4
2494 3817 2583 3868 per

327 3907 430 3944 om.
469 3889 526 3943 Β
833 3891 867 3944 6
901 3905 1040 3943 uana
1075 3905 1146 3944 ex
1182 3906 1287 3944 una
1322 3891 1386 3956 T,
1423 3895 1536 3959 atq.
1573 3906 1681 3944 una
1720 3891 1767 3954 Q
2061 3889 2359 3958 prospicere
2394 3887 2449 3940 Β

327 3992 434 4030 non
471 3992 571 4032 om.
612 3977 712 4047 ΩΤ
881 3977 912 4030 7
948 3975 1060 4046 nec]
1098 3992 1267 4045 neque
1299 3993 1334 4032 υ
1498 3976 1807 4046 quidquam·
1824 3993 1859 4031 v
2016 3975 2051 4027 8
2086 3973 2356 4043 spiritales
2392 3973 2447 4027 Β

325 4079 424 4132 per
449 4106 460 4118 .
488 4100 502 4115 .
529 4103 540 4114 .
567 4063 838 4133 spiritalia
871 4078 972 4118 om.
1011 4063 1066 4116 B
1273 4079 1429 4133 quem
1464 4079 1605 4118 corr.
1642 4065 1705 4117 in
1741 4078 1901 4131 quam
1940 4060 1991 4114 T
2156 4061 2190 4114 9
2225 4059 2480 4113 uidentur
2516 4075 2583 4112 ea·

325 4148 576 4212 uidenter
609 4149 661 4203 T
966 4151 1034 4205 10
1066 4149 1262 4203 similis
1303 4151 1354 4204 Τ
1383 4150 1478 4204 sed
1513 4149 1563 4202 si
1595 4149 1664 4202 in
1698 4164 1808 4203 ras.
2120 4145 2207 4198 sui
2243 4143 2447 4198 similia
2483 4162 2515 4198 v

325 4236 662 4302 recognoscit
698 4235 770 4289 T²
976 4235 1150 4289 multa
1187 4234 1244 4288 Β
1451 4236 1516 4289 11
1553 4235 1699 4304 sono]
1737 4234 1785 4289 si
1820 4220 1857 4288 ἷι
1893 4231 1949 4287 Β
2108 4230 2277 4286 leonis
2313 4230 2437 4286 ΒΜ
2446 4232 2511 4284 T¹

330 4319 399 4374 12
436 4319 736 4389 clangorem
773 4320 986 4386 addidi,
1021 4337 1122 4375 om.
1156 4321 1334 4392 BQT,
1371 4336 1525 4375 uoces
1561 4321 1695 4376 ada.
1729 4338 1764 4376 v
1924 4316 2134 4387 quando
2173 4316 2219 4386 Q
2382 4317 2580 4385 uerius]
2701 4373 2703 4375 ,

325 4405 438 4460 uiri
473 4405 608 4460 iusti
646 4407 693 4477 Q
830 4405 1102 4476 spiritalia
1139 4421 1237 4462 om.
1275 4405 1381 4477 BQ
1525 4407 1591 4461 18
1626 4411 1709 4460 est
1743 4406 1843 4461 hoc
1878 4403 2047 4460 modo·
2074 4403 2201 4459 deus
2227 4408 2283 4458 et
2318 4407 2467 4474 pater
2500 4405 2583 4458 ita

323 4491 624 4561 distinquit
657 4509 690 4547 v
911 4493 976 4547 19
1013 4493 1333 4563 principium
1375 4491 1421 4562 Q
