3217 5150
1349 515 1680 570 Carmina.
2506 512 2634 582 283

903 1096 911 1104 ·
1018 1069 1293 1168 xvn.
1360 987 2002 1168 CARMINA.
2125 1025 2130 1028 ’

1358 1321 1662 1332 .-——

1285 1545 1332 1604 Ι.
1398 1544 1726 1604 GENESIS.

683 1783 699 1792 .
750 1731 1041 1807 Principio
1072 1731 1350 1792 Dominus
1382 1732 1599 1792 caelum
1630 1734 1953 1806 terramque
1972 1732 2220 1794 locauit:

754 1835 1016 1909 Namque
1047 1839 1172 1894 erat
1201 1835 1462 1895 informis
1490 1835 1778 1909 fluctuque
1807 1835 2144 1897 abscondita
2169 1835 2365 1911 tellus,

760 1933 1190 2014 Immensusque
1221 1939 1377 1998 Deus
1408 1955 1580 2012 super
1608 1955 1855 2012 aequora
1883 1941 2050 2000 uasta
2077 1940 2324 2013 meabat,

756 2042 905 2102 Dum
934 2042 1107 2103 chaos
1136 2044 1196 2102 et
1225 2042 1424 2116 nigrae
1454 2041 1760 2102 fuscabant
1789 2045 1995 2104 cuncta
2025 2044 2313 2105 tenebrae.

674 2146 713 2206 5
754 2145 878 2205 Has
908 2145 1042 2204 dum
1072 2145 1324 2219 disiungi
1352 2145 1523 2205 iussit
1552 2144 1623 2204 de
1653 2145 1900 2219 cardine,
1931 2147 2115 2206 fatur:

755 2249 879 2309 Lux
906 2248 1029 2321 flat,
1061 2248 1215 2308 claro
1246 2251 1307 2308 et
1334 2249 1657 2308 micuerunt
1690 2249 1880 2308 omnia
1907 2250 2136 2309 mundo.

758 2351 898 2412 Cum
926 2351 1199 2413 Dominus
1227 2350 1399 2425 primi
1428 2352 1770 2425 complesset
1799 2352 1957 2412 facta
1988 2352 2122 2424 diei‚'

761 2455 1028 2515 Condidit
1055 2455 1345 2515 albentem
1371 2454 1597 2516 nebulis
1627 2455 1995 2514 nascentibus
2025 2471 2222 2514 axem:

762 2558 993 2634 Accipit
1012 2559 1311 2619 inmensus
1340 2559 1591 2619 errantia
1619 2557 1822 2619 littora
1850 2560 2075 2634 pontus,

642 2664 725 2725 10
767 2664 1120 2738 Multiplices
1150 2662 1383 2738 rapiens
1414 2662 1624 2722 ualidis
1653 2680 1780 2722 cum
1810 2661 2090 2722 tractibus
2119 2676 2332 2721 amnes.

766 2768 963 2828 Tertia
987 2768 1086 2827 lux
1114 2767 1319 2827 faciem
1348 2770 1627 2827 terrarum
1656 2767 1817 2825 fulua
1842 2765 2068 2838 retexit,

773 2870 955 2930 Arida
982 2887 1113 2930 mox
1140 2869 1327 2944 posito
1358 2872 1626 2929 narratur
1655 2870 1880 2929 nomine
1909 2872 2084 2941 terra,

761 2974 966 3034 Florea
994 2973 1249 3034 uentosis
1278 2976 1632 3048 consurgunt
1661 2973 1920 3047 germina
1949 2971 2164 3047 campis

768 3078 1152 3152 Pomiferique
1182 3077 1354 3137 simul
1382 3078 1730 3153 procuruant
1759 3076 1995 3137 brachia
2022 3075 2188 3135 rami.

639 3180 719 3239 15
764 3180 981 3251 Quarta
1011 3180 1101 3241 die
1132 3184 1369 3254 generat
1398 3181 1537 3241 solis
1565 3198 1694 3241 cum
1723 3180 1984 3254 lampade
2015 3179 2210 3238 lunam

763 3283 844 3343 Et
870 3284 1071 3344 stellas
1100 3284 1343 3344 tremulo
1374 3284 1666 3344 radiantes
1695 3283 1910 3343 lumine
1942 3282 2142 3355 fingit:

766 3387 927 3447 Haec
947 3388 1228 3447 elementa
1257 3388 1417 3448 dedit
1446 3386 1703 3447 subiecto
1733 3386 1984 3459 insignia
2013 3386 2243 3457 mundo,

764 3490 1043 3564 Tempora
1072 3508 1217 3565 quae
1247 3492 1487 3552 doceant
1515 3491 1709 3551 uarios
1737 3490 2010 3549 mutanda
2038 3504 2142 3561 per
2169 3489 2350 3549 ortus.

763 3592 977 3663 Quinta
1005 3594 1095 3653 die
1126 3593 1418 3669 accipiunt
1444 3593 1730 3669 liquentia
1758 3594 1994 3653 fiumina
2019 3592 2209 3666 pisces

638 3697 721 3757 20
761 3696 841 3755 Et
868 3695 1130 3757 uolucres
1152 3697 1343 3757 uarias
1373 3699 1729 3772 suspendunt
1758 3714 1889 3757 aere
1918 3710 2153 3770 pennas.

524 3922 731 3993 Incipit
763 3921 901 3977 liber
935 3939 1129 3993 geneos
1162 3924 1418 3978 metricus
1453 3923 1696 3994 Cipriani
1717 3922 1789 3979 R.
1825 3952 1896 3963 —
1933 3924 1964 3977 1
1989 3923 2196 3978 locauit
2217 3921 2290 3988 R,
2317 3924 2520 3979 creauit
2540 3937 2575 3979 v

388 4010 423 4063 5
458 4009 543 4080 de]
579 4025 615 4065 a
646 4010 700 4064 R
971 4010 1007 4063 6
1042 4010 1184 4063 claro
1220 4012 1277 4063 et
1311 4010 1624 4075 Pameuue,
1670 4012 1728 4064 et
1761 4010 1906 4065 clare
1939 4010 2022 4075 R,
2071 4012 2129 4064 et
2162 4009 2306 4064 claro
2343 4010 2644 4067 Fabricius
2677 4000 2684 4005 ’

390 4096 568 4165 (Poct-
604 4101 713 4152 net.
750 4096 929 4152 eccles.
979 4111 1152 4164 opera
1177 4112 1239 4165 p.
1274 4098 1407 4165 295)
1751 4097 2052 4152 micuerunt
2097 4097 2179 4161 R,
2226 4096 2506 4152 nituerunt
2538 4114 2574 4154 v

388 4182 1318 4251 8uersum8poctu.9coeh.R
1495 4184 2278 4247 9crrantiaR,uerrentiav
2453 4183 2645 4239 15dio

389 4267 463 4332 R,
496 4267 611 4323 dies
644 4286 707 4333 ο,
742 4268 815 4336 cf.
851 4287 909 4325 u.
944 4273 1031 4333 19,
1064 4272 1150 4334 21,
1184 4271 1277 4334 32,
1312 4273 1399 4336 40,
1433 4273 1522 4335 44,
1557 4274 1678 4336 139,
1713 4272 1818 4324 145
2019 4270 2086 4325 19
2122 4272 2316 4340 quinta
2350 4268 2440 4325 die
2471 4269 2546 4335 Β,
2580 4270 2644 4325 at

391 4354 585 4423 quinta
614 4372 650 4412 v
922 4354 993 4410 20
1026 4370 1145 4409 aere
1178 4357 1323 4411 coni.
1368 4356 1656 4422 Cauchius,
1693 4372 1908 4425 corpore
1944 4356 2034 4412 Rc
2295 4357 2478 4411 uariae
2509 4370 2552 4411 s.
2592 4371 2644 4411 a.

388 4456 595 4510 pennae
630 4442 769 4498 coni.
815 4443 1133 4497 Gronouius
