3217 5150
692 575 733 622 c
1498 555 1796 610 Caecilii
1833 554 2156 622 Cypriani

694 711 894 776 instar
937 729 1218 777 exercens
1260 711 1547 776 inimicos
1589 729 1831 793 quoque
1861 711 2167 790 dilexerit,
2213 712 2321 794 qui
2351 728 2460 793 pro
2491 712 2972 796 insequentium

695 833 761 879 se
802 813 1002 878 salute
1042 813 1228 878 sicuti
1258 813 1563 878 Dominus
1602 816 1815 880 monet
1844 816 1908 879 et
1937 813 2224 880 hortatur
2263 815 2555 881 orauerit.
2597 808 2768 882 ‘oriri
2801 819 2970 884 facit

692 920 925 1004 iugiter
970 937 1152 983 suum
1184 917 1378 982 solem
1408 917 1472 981 et
1500 916 1749 998 pluuias
1780 917 2044 982 subinde
2070 918 2422 984 nutriendis
2451 919 2797 984 seminibus
2829 921 2964 986 im·-

691 1024 903 1107 pertit,
938 1022 1228 1088 exhibens
1256 1022 1483 1086 cuncta
1509 1021 1636 1085 ista
1665 1040 1786 1086 non
1815 1022 1946 1086 suis
1979 1023 2260 1088 tantum:
2293 1023 2358 1088 et
2385 1024 2493 1105 qui
2519 1043 2584 1088 se
2606 1023 2726 1088 Dei
2757 1025 2964 1090 etiam

690 1126 893 1192 filium
918 1145 1050 1192 esse
1078 1125 1422 1208 profitetur,
1454 1142 1577 1190 non
1608 1126 1962 1208 exemplum
1991 1127 2190 1207 patris
2220 1127 2552 1192 imitetur?
2580 1127 2960 1209 respondere
2985 1149 3020 1186 s

691 1249 802 1297 nos
844 1231 1023 1296 decet
1066 1229 1383 1294 natalibus
1428 1229 1678 1308 nostris,
1725 1230 1788 1294 et
1818 1248 1970 1312 quos
2015 1233 2260 1296 renatos
2302 1249 2411 1312 per
2439 1230 2646 1296 Deum
2687 1233 2962 1308 constat,

691 1334 1019 1418 degeneres
1062 1351 1194 1398 esse
1234 1350 1355 1396 non
1396 1333 1702 1416 congruit,
1755 1334 1866 1398 sed
1905 1333 2166 1415 probare
2207 1333 2418 1416 potius
2461 1335 2526 1399 in
2571 1333 2782 1400 sobole
2825 1337 2966 1400 tra-

696 1438 915 1502 ducem
944 1437 1092 1502 boni
1122 1435 1317 1520 patris
1348 1436 1831 1501 aemulationem
1858 1427 2202 1504 bonitatis'.

594 1551 672 1613 lo
774 1542 982 1622 Multa
1036 1542 1161 1606 alia
1218 1543 1281 1605 et
1331 1543 1583 1625 quidem
1643 1561 1891 1626 magna,
1955 1561 2112 1624 quae
2169 1543 2554 1624 temperandi
2614 1541 2964 1608 uoluminis

690 1647 850 1711 ratio
892 1663 1013 1711 non
1050 1646 1290 1728 patitur
1330 1647 1566 1728 prolixo
1608 1663 1789 1729 opere
1831 1647 2128 1712 sermonis
2168 1645 2416 1711 iterari:
2463 1647 2540 1712 de
2569 1646 2796 1728 quibus
2839 1647 2964 1710 hoc
2985 1669 3044 1706 ιο

690 1752 936 1815 tantum
980 1749 1204 1814 dixisse
1247 1751 1401 1815 satis
1442 1751 1553 1814 est.
1602 1750 1766 1832 quod
1797 1750 1852 1814 si
1881 1749 1998 1814 illa
2035 1750 2308 1833 gentiles
2337 1767 2448 1832 pro
2480 1750 2704 1815 rostris
2735 1750 2961 1815 audire

688 1853 1053 1936 potuissent,
1128 1852 1391 1918 forsitan
1458 1853 1680 1918 statim
1741 1853 2076 1918 crederent.
2150 1853 2302 1935 quid
2361 1851 2716 1918 Christiana
2773 1853 2958 1935 plebs

690 1956 937 2034 faceret,
992 1955 1091 2019 cui
1133 1956 1211 2020 de
1252 1955 1372 2021 fide
1418 1975 1642 2023 nomen
1689 1959 1786 2022 est
1799 1960 1838 2021 P.
1882 1957 2229 2022 distributa
2279 1958 2426 2021 sunt
2471 1973 2616 2039 ergo
2659 1956 2960 2020 continuo

687 2077 797 2142 pro
856 2059 1158 2142 qualitate
1216 2060 1538 2125 hominum
1596 2062 1782 2142 atque
1833 2061 2118 2124 ordinum
2175 2060 2544 2126 ministeria.
2599 2059 2790 2124 multi
2843 2060 2960 2141 qui

688 2163 1073 2246 paupertatis
1094 2162 1389 2228 beneficio
1412 2163 1703 2246 sumptus
1729 2164 2014 2229 exhibere
2030 2182 2152 2228 non
2173 2165 2478 2246 poterant,
2510 2163 2655 2246 plus
2677 2163 2957 2244 sumpti·
2979 2189 3032 2229 ιε

688 2266 807 2331 bus
847 2265 1235 2345 exhibebant,
1279 2268 1746 2348 compensantes
1787 2268 2032 2349 proprio
2074 2266 2283 2331 labore
2323 2266 2674 2332 mercedem
2703 2265 2956 2330 diuitiis

690 2371 976 2436 omnibus
1018 2370 1335 2435 cariorem.
1380 2372 1444 2434 et
1473 2371 1614 2452 quis
1657 2389 1778 2434 non
1821 2370 1934 2436 sub
1979 2371 2156 2436 tauto
2184 2371 2432 2435 doctore
2461 2373 2820 2452 properaret
2853 2371 2956 2434 in-

692 2475 899 2539 uenire
930 2468 1181 2556 partein
1226 2473 1503 2555 aliquam
1544 2474 1693 2538 talis
1736 2475 2022 2552 militiae,
2065 2493 2175 2558 per
2205 2493 2392 2556 quam
2422 2475 2694 2558 placeret
2727 2478 2790 2541 et
2823 2476 2956 2540 Deo

690 2580 854 2663 patri
901 2580 965 2643 et
1006 2579 1201 2643 iudici
1242 2577 1485 2642 Christo
1532 2581 1596 2642 et
1643 2578 1896 2645 interim
1945 2580 2291 2645 sacerdoti?
2345 2578 2536 2645 fiebat
2583 2580 2798 2661 itaque
2845 2598 2954 2645 ex-

690 2682 1084 2747 uberantium
1112 2699 1367 2763 operum
1397 2682 1710 2767 largitate,
1743 2683 1906 2766 quod
1933 2682 2166 2748 bonum
2197 2686 2294 2747 est
2323 2682 2402 2747 ad
2433 2702 2666 2761 omnes,
2715 2701 2840 2749 non
2873 2683 2958 2748 ad
2975 2710 3034 2748 ω

690 2786 851 2850 solos
897 2784 1265 2850 domesticos
1312 2785 1474 2850 fidei.
1524 2785 1716 2851 fiebat
1761 2786 1902 2868 plus
1947 2785 2185 2868 aliquid
2232 2805 2422 2868 quam
2467 2786 2542 2850 de
2575 2786 2806 2851 Tobiae
2853 2786 2956 2849 in-

696 2888 1099 2970 comparabili
1130 2888 1361 2969 pietate
1393 2890 1712 2974 signatum
1743 2892 1856 2954 est.
1889 2889 2174 2972 ignoscat
2195 2889 2304 2953 ille
2327 2892 2391 2955 et
2415 2889 2700 2974 ignoscat
2721 2890 2956 2955 iterum

693 2994 757 3056 et
800 2991 1153 3075 frequenter
1205 2994 1482 3077 ignoscat
1534 2994 1645 3057 aut
1689 2996 1762 3059 ut
1807 2995 2012 3059 uerius
2057 2993 2321 3059 dixerim
2365 2996 2589 3059 merito
2635 2994 2952 3072 concedat,

794 3215 824 3267 1
852 3230 1054 3267 exerces
1083 3214 1136 3267 Τ
1322 3214 1750 3283 persequentium
1776 3230 1900 3283 ωμυ
2100 3214 2134 3266 2
2157 3214 2298 3267 sicut
2321 3230 2370 3266 w
2567 3216 2747 3267 monet
2769 3196 2879 3267 ἇῖἕ
2895 3235 2952 3283 μ,

690 3326 741 3357 ο*
768 3305 947 3355 monet
974 3301 1034 3364 Τ,
1060 3303 1239 3353 monet
1264 3307 1286 3353 t
1469 3300 1637 3354 orarit
1659 3318 1706 3363 v,
1736 3316 1832 3353 om.
1868 3302 1918 3355 Τ
2099 3300 2233 3353 facit
2255 3298 2383 3353 deus
2409 3316 2516 3369 ωμ,
2540 3297 2670 3353 deus
2695 3300 2829 3353 facit
2853 3316 2886 3353 v

688 3388 723 3441 3
748 3388 913 3441 solem
937 3403 1091 3441 suum
1116 3404 1149 3441 v
1298 3402 1457 3455 super
1478 3386 1640 3439 bonos
1664 3390 1719 3439 et
1741 3387 1908 3440 malos
1934 3403 2088 3439 suum
2118 3386 2284 3440 solem
2307 3402 2358 3440 w
2495 3388 2808 3455 impartitur
2835 3404 2886 3441 w

688 3474 724 3528 4
747 3474 953 3529 cunctis
976 3474 1164 3527 malim
1370 3475 1481 3525 tam
1508 3474 1724 3525 tantum
1748 3488 1824 3533 w;
1848 3470 1940 3524 sed
1963 3472 2128 3525 etiam
2155 3471 2346 3525 alienis
2371 3471 2498 3525 add.
2525 3488 2558 3524 v
2765 3472 2800 3525 5
2821 3473 2950 3541 non]

691 3577 784 3615 cur
806 3576 910 3615 non
940 3576 971 3613 v
1118 3560 1369 3613 imitatur
1395 3574 1517 3627 ωμυ
1657 3558 1965 3627 respondete
1987 3560 2169 3627 inquit
2191 3574 2222 3612 v
2367 3558 2401 3612 6
2424 3540 2554 3612 difffi
2577 3558 2640 3623 T,
2663 3558 2806 3611 diem
2829 3575 2883 3612 w

691 3648 723 3701 7
747 3646 1007 3715 degenere
1031 3661 1141 3699 sese
1172 3646 1223 3699 Τ
1424 3644 1639 3713 probari
1663 3662 1696 3698 v
1893 3645 2076 3699 sabole
2104 3645 2154 3698 Τ
2351 3644 2386 3697 8
2410 3644 2773 3697 aemulatione
2797 3660 2880 3698 που

691 3740 723 3787 9
746 3733 982 3803 quidem]
1010 3732 1235 3801 quedam
1260 3748 1309 3785 w
1528 3732 1746 3800 magna]
1773 3734 2042 3799 praetereo
2067 3730 2192 3784 add.
2222 3748 2304 3785 wv
2523 3731 2592 3783 10
2612 3730 2814 3799 prolixo
2840 3746 2948 3797 ωμ,

690 3822 924 3891 proximo
950 3820 1014 3884 Τ,
1038 3819 1319 3887 prolixiore
1342 3836 1374 3873 υ
1638 3832 1792 3887 opere
1815 3817 2073 3871 sermonis
2095 3818 2312 3887 scripsi,
2337 3832 2490 3869 onere
2510 3816 2767 3870 sermonis
2791 3816 2946 3885 Τωμ,

692 3923 929 3963 sermone
952 3922 1011 3970 v;
1037 3904 1107 3970 cf.
1134 3922 1251 3973 cap.
1280 3908 1345 3957 14
1586 3904 1809 3958 interari
1839 3906 1899 3968 Τ,
1926 3904 2170 3973 replicari
2195 3921 2228 3958 v
2480 3903 2548 3956 12
2571 3902 2806 3972 potuisse
2829 3919 2880 3955 w

692 3992 937 4047 forsitam
962 3993 1123 4045 satim
1146 3991 1339 4045 statim
1363 3994 1427 4061 μι
1577 3991 1720 4060 quod
1742 4008 1792 4044 w
1943 3990 2235 4047 christiane
2260 3990 2410 4059 pleps
2443 3990 2494 4043 Τ
2640 3989 2708 4043 13
2731 3988 2946 4056 faceret]

690 4080 859 4149 saltet
880 4094 929 4132 w
1102 4077 1169 4131 14
1192 4094 1284 4146 pro
1306 4078 1571 4147 qualitate
1598 4078 1849 4131 continuo
1873 4092 1922 4130 w
2093 4076 2340 4129 misteria
2363 4092 2452 4145 ωμ
2635 4077 2702 4130 15
2725 4090 2949 4144 pauper-

688 4165 824 4219 tatis
859 4164 1131 4233 beneficio]
1170 4165 1423 4233 angustia
1456 4164 1790 4232 paupertatis
1813 4162 2070 4217 beneficia
2093 4180 2127 4219 v
2435 4163 2501 4217 16
2525 4163 2800 4231 propriora
2831 4164 2886 4215 T

691 4253 755 4306 17
792 4252 1022 4306 inueniri
1056 4252 1115 4305 in
1146 4252 1297 4318 parte
1332 4250 1517 4319 aliqua
1552 4267 1585 4304 v
1896 4250 1962 4304 19
1997 4248 2236 4318 interim]
2271 4250 2385 4301 tam
2422 4248 2558 4301 bono
2595 4248 2811 4301 interim
2846 4262 2881 4301 v

687 4340 759 4393 20
782 4338 921 4408 apud
946 4354 1125 4393 omnes
1148 4356 1198 4401 υ,
1221 4354 1319 4392 om.
1350 4338 1401 4391 T
1671 4339 1795 4407 non]
1821 4354 1924 4392 non
1951 4337 2123 4391 solum
2152 4353 2197 4391 w
2479 4336 2545 4390 21
2571 4335 2638 4389 de
2661 4351 2760 4389 om.
2787 4351 2880 4403 ωμ

690 4424 1088 4493 inconparabile
1118 4425 1169 4479 T
1370 4424 1439 4478 22
1462 4424 1550 4478 illi
1572 4441 1623 4477 w
1827 4424 2092 4479 illiterum
2117 4424 2184 4493 μ“
2389 4422 2461 4478 23
2489 4425 2584 4475 aut
2608 4423 2690 4491 ut]
2713 4424 2777 4475 ut
2803 4421 2866 4487 T,
2894 4426 2956 4476 et

690 4512 755 4563 ut
777 4526 842 4574 w,
868 4513 927 4563 at
950 4513 1012 4564 ut
1035 4530 1075 4580 μ
1281 4509 1477 4564 dixerit
1503 4510 1614 4581 T2t,
1638 4508 1846 4564 dixerat
1873 4511 1944 4565 Τι
2153 4512 2208 4563 et
2231 4508 2423 4563 merito
2448 4508 2728 4563 concedam
2752 4525 2842 4577 ωμ
