<?xml version="1.0" encoding="UTF-8"?>
<!DOCTYPE html PUBLIC "-//W3C//DTD XHTML 1.0 Transitional//EN"
    "http://www.w3.org/TR/xhtml1/DTD/xhtml1-transitional.dtd">
<html xmlns="http://www.w3.org/1999/xhtml" xml:lang="en" lang="en">
 <head>
  <title>
</title>
<meta http-equiv="Content-Type" content="text/html;charset=utf-8" />
  <meta name='ocr-system' content='tesseract 3.04.00' />
  <meta name='ocr-capabilities' content='ocr_page ocr_carea ocr_par ocr_line ocrx_word'/>
</head>
<body>
  <div class='ocr_page' id='page_1' title='image "./corpusscriptoru29wissgoog_0179.png"; bbox 0 0 3217 5150; ppageno 0'>
   <div class='ocr_carea' id='block_1_1' title="bbox 844 528 2579 601">
    <p class='ocr_par' dir='ltr' id='par_1_1' title="bbox 844 528 2579 601">
     <span class='ocr_line' id='line_1_1' title="bbox 844 528 2579 601; baseline -0.001 -15"><span class='ocrx_word' id='word_1_1' title='bbox 844 532 934 586; x_wconf 90' lang='lat' dir='ltr'>De</span> <span class='ocrx_word' id='word_1_2' title='bbox 969 530 1471 601; x_wconf 73' lang='lat' dir='ltr'><strong>singularitate</strong></span> <span class='ocrx_word' id='word_1_3' title='bbox 1507 531 1906 586; x_wconf 84' lang='lat' dir='ltr'>clericorum</span> <span class='ocrx_word' id='word_1_4' title='bbox 1940 544 1984 582; x_wconf 87' lang='lat' dir='ltr'>c.</span> <span class='ocrx_word' id='word_1_5' title='bbox 2023 529 2069 582; x_wconf 90' lang='lat'>1.</span> <span class='ocrx_word' id='word_1_6' title='bbox 2454 528 2579 595; x_wconf 78' lang='lat'>173</span> 
     </span>
    </p>
   </div>
   <div class='ocr_carea' id='block_1_2' title="bbox 325 684 2581 973">
    <p class='ocr_par' dir='ltr' id='par_1_2' title="bbox 325 684 2581 973">
     <span class='ocr_line' id='line_1_2' title="bbox 327 684 2578 765; baseline -0.004 -14"><span class='ocrx_word' id='word_1_7' title='bbox 327 693 701 753; x_wconf 88' lang='lat' dir='ltr'>uobiscum</span> <span class='ocrx_word' id='word_1_8' title='bbox 759 708 906 752; x_wconf 90' lang='lat' dir='ltr'>sum</span> <span class='ocrx_word' id='word_1_9' title='bbox 966 690 1298 753; x_wconf 90' lang='lat' dir='ltr'>omnibus</span> <span class='ocrx_word' id='word_1_10' title='bbox 1354 692 1613 752; x_wconf 88' lang='lat' dir='ltr'>diebus</span> <span class='ocrx_word' id='word_1_11' title='bbox 1666 708 1889 765; x_wconf 84' lang='lat' dir='ltr'>usque</span> <span class='ocrx_word' id='word_1_12' title='bbox 1944 690 2029 749; x_wconf 90' lang='lat' dir='ltr'>ad</span> <span class='ocrx_word' id='word_1_13' title='bbox 2073 684 2578 749; x_wconf 89' lang='lat' dir='ltr'>consummati-</span> 
     </span>
     <span class='ocr_line' id='line_1_3' title="bbox 328 792 2581 870; baseline -0.003 -16"><span class='ocrx_word' id='word_1_14' title='bbox 328 811 533 855; x_wconf 89' lang='lat' dir='ltr'>onem</span> <span class='ocrx_word' id='word_1_15' title='bbox 577 795 876 856; x_wconf 88' lang='lat' dir='ltr'>saeculi.</span> <span class='ocrx_word' id='word_1_16' title='bbox 923 812 1039 855; x_wconf 87' lang='lat' dir='ltr'>non</span> <span class='ocrx_word' id='word_1_17' title='bbox 1066 793 1268 854; x_wconf 87' lang='lat' dir='ltr'>fiamus</span> <span class='ocrx_word' id='word_1_18' title='bbox 1299 811 1433 870; x_wconf 88' lang='lat' dir='ltr'>ergo</span> <span class='ocrx_word' id='word_1_19' title='bbox 1465 794 1588 855; x_wconf 89' lang='lat' dir='ltr'>sine</span> <span class='ocrx_word' id='word_1_20' title='bbox 1620 794 1847 855; x_wconf 84' lang='lat' dir='ltr'>Christo</span> <span class='ocrx_word' id='word_1_21' title='bbox 1878 793 1939 853; x_wconf 92' lang='lat' dir='ltr'>in</span> <span class='ocrx_word' id='word_1_22' title='bbox 1965 794 2073 853; x_wconf 91' lang='lat' dir='ltr'>hoc</span> <span class='ocrx_word' id='word_1_23' title='bbox 2103 796 2359 867; x_wconf 83' lang='lat' dir='ltr'>tempore</span> <span class='ocrx_word' id='word_1_24' title='bbox 2386 792 2581 849; x_wconf 87' lang='lat' dir='ltr'>trans-</span> 
     </span>
     <span class='ocr_line' id='line_1_4' title="bbox 325 874 2018 973; baseline 0.001 -17"><span class='ocrx_word' id='word_1_25' title='bbox 325 898 520 973; x_wconf 87' lang='lat' dir='ltr'>itorio,</span> <span class='ocrx_word' id='word_1_26' title='bbox 551 915 622 958; x_wconf 86' lang='lat' dir='ltr'>ne</span> <span class='ocrx_word' id='word_1_27' title='bbox 651 898 774 957; x_wconf 88' lang='lat' dir='ltr'>sine</span> <span class='ocrx_word' id='word_1_28' title='bbox 803 898 968 957; x_wconf 85' lang='lat' dir='ltr'>nobis</span> <span class='ocrx_word' id='word_1_29' title='bbox 996 897 1263 958; x_wconf 82' lang='lat' dir='ltr'>Christus</span> <span class='ocrx_word' id='word_1_30' title='bbox 1292 913 1418 958; x_wconf 87' lang='lat' dir='ltr'>esse</span> <span class='ocrx_word' id='word_1_31' title='bbox 1450 897 1688 971; x_wconf 78' lang='lat' dir='ltr'><strong>incipiat</strong></span> <span class='ocrx_word' id='word_1_32' title='bbox 1715 898 1778 957; x_wconf 90' lang='lat' dir='ltr'>in</span> <span class='ocrx_word' id='word_1_33' title='bbox 1806 874 2018 957; x_wconf 64' lang='lat' dir='ltr'>f&#39;uturo.</span> 
     </span>
    </p>
   </div>
   <div class='ocr_carea' id='block_1_3' title="bbox 1253 1206 1655 1221">
    <p class='ocr_par' dir='ltr' id='par_1_3' title="bbox 1253 1206 1655 1221">
     <span class='ocr_line' id='line_1_5' title="bbox 1253 1206 1655 1221; baseline 0 -2"><span class='ocrx_word' id='word_1_34' title='bbox 1253 1206 1655 1221; x_wconf 54' lang='lat'>*—</span> 
     </span>
    </p>
   </div>
   <div class='ocr_carea' id='block_1_4' title="bbox 367 1624 2536 1727">
    <p class='ocr_par' dir='ltr' id='par_1_4' title="bbox 367 1624 2536 1727">
     <span class='ocr_line' id='line_1_6' title="bbox 367 1624 2536 1727; baseline -0.002 0"><span class='ocrx_word' id='word_1_35' title='bbox 367 1628 600 1727; x_wconf 88' lang='lat' dir='ltr'>XIII.</span> <span class='ocrx_word' id='word_1_36' title='bbox 663 1627 809 1727; x_wconf 82' lang='lat' dir='ltr'>DE</span> <span class='ocrx_word' id='word_1_37' title='bbox 875 1624 1755 1727; x_wconf 80' lang='lat' dir='ltr'><strong>SINGVLARITATE</strong></span> <span class='ocrx_word' id='word_1_38' title='bbox 1821 1626 2536 1726; x_wconf 82' lang='lat' dir='ltr'>OLERICORVM.</span> 
     </span>
    </p>
   </div>
   <div class='ocr_carea' id='block_1_5' title="bbox 1251 1878 1659 1889">
    <p class='ocr_par' dir='ltr' id='par_1_5' title="bbox 1251 1878 1659 1889">
     <span class='ocr_line' id='line_1_7' title="bbox 1251 1878 1659 1889; baseline 0 3261"><span class='ocrx_word' id='word_1_39' title='bbox 1251 1878 1659 1889; x_wconf 95' lang='lat' dir='ltr'> </span> 
     </span>
    </p>
   </div>
   <div class='ocr_carea' id='block_1_6' title="bbox 235 2104 2653 3648">
    <p class='ocr_par' dir='ltr' id='par_1_6' title="bbox 275 2104 2632 2614">
     <span class='ocr_line' id='line_1_8' title="bbox 275 2104 2632 2201; baseline 0 -18"><span class='ocrx_word' id='word_1_40' title='bbox 275 2148 299 2183; x_wconf 71' lang='lat' dir='ltr'>s.</span> <span class='ocrx_word' id='word_1_41' title='bbox 411 2104 798 2187; x_wconf 84' lang='lat' dir='ltr'>Promiseram</span> <span class='ocrx_word' id='word_1_42' title='bbox 827 2126 1055 2201; x_wconf 86' lang='lat' dir='ltr'>quidem</span> <span class='ocrx_word' id='word_1_43' title='bbox 1099 2125 1262 2186; x_wconf 84' lang='lat' dir='ltr'>uobis</span> <span class='ocrx_word' id='word_1_44' title='bbox 1303 2128 1438 2185; x_wconf 83' lang='lat' dir='ltr'>ante</span> <span class='ocrx_word' id='word_1_45' title='bbox 1477 2127 1703 2200; x_wconf 85' lang='lat' dir='ltr'>tempus</span> <span class='ocrx_word' id='word_1_46' title='bbox 1744 2124 2044 2199; x_wconf 87' lang='lat' dir='ltr'>epistolam</span> <span class='ocrx_word' id='word_1_47' title='bbox 2058 2170 2074 2197; x_wconf 89' lang='lat'><em>‚</em></span> <span class='ocrx_word' id='word_1_48' title='bbox 2116 2124 2223 2184; x_wconf 84' lang='lat' dir='ltr'>filii</span> <span class='ocrx_word' id='word_1_49' title='bbox 2265 2122 2546 2185; x_wconf 76' lang='lat' dir='ltr'>carissimi</span> <span class='ocrx_word' id='word_1_50' title='bbox 2560 2169 2576 2198; x_wconf 90' lang='lat'><strong>,</strong></span> <span class='ocrx_word' id='word_1_51' title='bbox 2599 2133 2632 2190; x_wconf 93' lang='lat'>1</span> 
     </span>
     <span class='ocr_line' id='line_1_9' title="bbox 319 2226 2581 2303; baseline -0.001 -14"><span class='ocrx_word' id='word_1_52' title='bbox 319 2246 470 2303; x_wconf 87' lang='lat' dir='ltr'>quae</span> <span class='ocrx_word' id='word_1_53' title='bbox 499 2230 747 2291; x_wconf 89' lang='lat' dir='ltr'>omnium</span> <span class='ocrx_word' id='word_1_54' title='bbox 787 2246 1004 2289; x_wconf 87' lang='lat' dir='ltr'>morum</span> <span class='ocrx_word' id='word_1_55' title='bbox 1032 2228 1302 2289; x_wconf 84' lang='lat' dir='ltr'>instituta</span> <span class='ocrx_word' id='word_1_56' title='bbox 1331 2229 1400 2289; x_wconf 89' lang='lat' dir='ltr'>de</span> <span class='ocrx_word' id='word_1_57' title='bbox 1445 2228 1576 2303; x_wconf 83' lang='lat' dir='ltr'>lege</span> <span class='ocrx_word' id='word_1_58' title='bbox 1603 2229 2002 2289; x_wconf 84' lang='lat' dir='ltr'>commendans</span> <span class='ocrx_word' id='word_1_59' title='bbox 2032 2226 2359 2288; x_wconf 89' lang='lat' dir='ltr'>summatim</span> <span class='ocrx_word' id='word_1_60' title='bbox 2388 2228 2581 2288; x_wconf 91' lang='lat' dir='ltr'>omnia</span> 
     </span>
     <span class='ocr_line' id='line_1_10' title="bbox 319 2330 2581 2407; baseline 0 -16"><span class='ocrx_word' id='word_1_61' title='bbox 319 2332 638 2392; x_wconf 87' lang='lat' dir='ltr'>contineret</span> <span class='ocrx_word' id='word_1_62' title='bbox 667 2350 1048 2407; x_wconf 84' lang='lat' dir='ltr'>quaecumque</span> <span class='ocrx_word' id='word_1_63' title='bbox 1097 2331 1382 2391; x_wconf 87' lang='lat' dir='ltr'>uniuersis</span> <span class='ocrx_word' id='word_1_64' title='bbox 1431 2330 1655 2392; x_wconf 78' lang='lat' dir='ltr'>clericis</span> <span class='ocrx_word' id='word_1_65' title='bbox 1714 2331 2057 2406; x_wconf 86' lang='lat' dir='ltr'>generaliter</span> <span class='ocrx_word' id='word_1_66' title='bbox 2098 2331 2171 2391; x_wconf 85' lang='lat' dir='ltr'>ad</span> <span class='ocrx_word' id='word_1_67' title='bbox 2222 2330 2581 2404; x_wconf 85' lang='lat' dir='ltr'>dirigendam</span> 
     </span>
     <span class='ocr_line' id='line_1_11' title="bbox 319 2434 2577 2509; baseline 0 -16"><span class='ocrx_word' id='word_1_68' title='bbox 319 2434 582 2509; x_wconf 84' lang='lat' dir='ltr'>regulam</span> <span class='ocrx_word' id='word_1_69' title='bbox 605 2436 930 2509; x_wconf 87' lang='lat' dir='ltr'>competunt</span> <span class='ocrx_word' id='word_1_70' title='bbox 952 2434 1304 2509; x_wconf 84' lang='lat' dir='ltr'>disciplinae.</span> <span class='ocrx_word' id='word_1_71' title='bbox 1329 2435 1431 2493; x_wconf 87' lang='lat' dir='ltr'>sed</span> <span class='ocrx_word' id='word_1_72' title='bbox 1453 2435 1588 2509; x_wconf 89' lang='lat' dir='ltr'>quia</span> <span class='ocrx_word' id='word_1_73' title='bbox 1609 2451 1759 2494; x_wconf 87' lang='lat' dir='ltr'>nunc</span> <span class='ocrx_word' id='word_1_74' title='bbox 1780 2435 2118 2495; x_wconf 84' lang='lat' dir='ltr'>feminarum</span> <span class='ocrx_word' id='word_1_75' title='bbox 2140 2434 2577 2494; x_wconf 82' lang='lat' dir='ltr'>commoratione</span> 
     </span>
     <span class='ocr_line' id='line_1_12' title="bbox 317 2535 2575 2614; baseline -0 -16"><span class='ocrx_word' id='word_1_76' title='bbox 317 2538 644 2614; x_wconf 86' lang='lat' dir='ltr'>uulgariter</span> <span class='ocrx_word' id='word_1_77' title='bbox 671 2539 821 2599; x_wconf 89' lang='lat' dir='ltr'>inter</span> <span class='ocrx_word' id='word_1_78' title='bbox 847 2555 951 2600; x_wconf 89' lang='lat' dir='ltr'>uos</span> <span class='ocrx_word' id='word_1_79' title='bbox 981 2538 1210 2613; x_wconf 90' lang='lat' dir='ltr'>quidam</span> <span class='ocrx_word' id='word_1_80' title='bbox 1237 2536 1582 2612; x_wconf 76' lang='lat' dir='ltr'>ignominiae</span> <span class='ocrx_word' id='word_1_81' title='bbox 1603 2535 1858 2598; x_wconf 89' lang='lat' dir='ltr'>deuoluti</span> <span class='ocrx_word' id='word_1_82' title='bbox 1888 2540 2041 2611; x_wconf 88' lang='lat' dir='ltr'>sunt,</span> <span class='ocrx_word' id='word_1_83' title='bbox 2072 2537 2245 2597; x_wconf 85' lang='lat' dir='ltr'>etiam</span> <span class='ocrx_word' id='word_1_84' title='bbox 2274 2539 2345 2597; x_wconf 89' lang='lat' dir='ltr'>de</span> <span class='ocrx_word' id='word_1_85' title='bbox 2375 2537 2484 2597; x_wconf 85' lang='lat' dir='ltr'>hac</span> <span class='ocrx_word' id='word_1_86' title='bbox 2514 2552 2575 2597; x_wconf 88' lang='lat' dir='ltr'>re</span> 
     </span>
    </p>

    <p class='ocr_par' dir='ltr' id='par_1_7' title="bbox 240 2639 2621 3131">
     <span class='ocr_line' id='line_1_13' title="bbox 240 2639 2579 2719; baseline -0.004 -12"><span class='ocrx_word' id='word_1_87' title='bbox 240 2669 300 2707; x_wconf 79' lang='grc' dir='ltr'>ιο</span> <span class='ocrx_word' id='word_1_88' title='bbox 323 2643 655 2719; x_wconf 75' lang='lat' dir='ltr'>specialiter</span> <span class='ocrx_word' id='word_1_89' title='bbox 701 2644 866 2704; x_wconf 88' lang='lat' dir='ltr'>uobis</span> <span class='ocrx_word' id='word_1_90' title='bbox 924 2643 1152 2704; x_wconf 86' lang='lat' dir='ltr'>Domini</span> <span class='ocrx_word' id='word_1_91' title='bbox 1203 2642 1552 2716; x_wconf 77' lang='lat' dir='ltr'>correptione</span> <span class='ocrx_word' id='word_1_92' title='bbox 1603 2641 1849 2702; x_wconf 86' lang='lat' dir='ltr'>scribere</span> <span class='ocrx_word' id='word_1_93' title='bbox 1901 2643 2224 2716; x_wconf 85' lang='lat' dir='ltr'>compulsus</span> <span class='ocrx_word' id='word_1_94' title='bbox 2276 2657 2431 2701; x_wconf 87' lang='lat' dir='ltr'>sum:</span> <span class='ocrx_word' id='word_1_95' title='bbox 2478 2639 2579 2715; x_wconf 87' lang='lat' dir='ltr'>qui</span> 
     </span>
     <span class='ocr_line' id='line_1_14' title="bbox 317 2744 2621 2822; baseline -0.001 -16"><span class='ocrx_word' id='word_1_96' title='bbox 317 2746 593 2806; x_wconf 88' lang='lat' dir='ltr'>miserum</span> <span class='ocrx_word' id='word_1_97' title='bbox 633 2765 724 2807; x_wconf 92' lang='lat' dir='ltr'>me</span> <span class='ocrx_word' id='word_1_98' title='bbox 765 2764 870 2822; x_wconf 89' lang='lat' dir='ltr'>pro</span> <span class='ocrx_word' id='word_1_99' title='bbox 915 2749 1108 2807; x_wconf 88' lang='lat' dir='ltr'>uestra</span> <span class='ocrx_word' id='word_1_100' title='bbox 1149 2745 1515 2822; x_wconf 75' lang='lat' dir='ltr'>neglegentia</span> <span class='ocrx_word' id='word_1_101' title='bbox 1543 2763 1672 2805; x_wconf 89' lang='lat' dir='ltr'>cum</span> <span class='ocrx_word' id='word_1_102' title='bbox 1702 2744 2009 2805; x_wconf 85' lang='lat' dir='ltr'>seueritate</span> <span class='ocrx_word' id='word_1_103' title='bbox 2039 2744 2380 2804; x_wconf 89' lang='lat' dir='ltr'>conueniens</span> <span class='ocrx_word' id='word_1_104' title='bbox 2410 2759 2574 2803; x_wconf 88' lang='lat' dir='ltr'>man·</span> <span class='ocrx_word' id='word_1_105' title='bbox 2614 2771 2621 2782; x_wconf 91' lang='lat'>·</span> 
     </span>
     <span class='ocr_line' id='line_1_15' title="bbox 321 2846 2579 2925; baseline -0.001 -15"><span class='ocrx_word' id='word_1_106' title='bbox 321 2852 460 2911; x_wconf 88' lang='lat' dir='ltr'>dare</span> <span class='ocrx_word' id='word_1_107' title='bbox 489 2849 807 2925; x_wconf 89' lang='lat' dir='ltr'>praecepit,</span> <span class='ocrx_word' id='word_1_108' title='bbox 851 2864 922 2908; x_wconf 90' lang='lat' dir='ltr'>ne</span> <span class='ocrx_word' id='word_1_109' title='bbox 973 2848 1166 2909; x_wconf 85' lang='lat' dir='ltr'>clerici</span> <span class='ocrx_word' id='word_1_110' title='bbox 1214 2867 1340 2908; x_wconf 89' lang='lat' dir='ltr'>cum</span> <span class='ocrx_word' id='word_1_111' title='bbox 1369 2849 1598 2909; x_wconf 87' lang='lat' dir='ltr'>feminis</span> <span class='ocrx_word' id='word_1_112' title='bbox 1651 2851 2084 2909; x_wconf 75' lang='lat' dir='ltr'>commorentur.</span> <span class='ocrx_word' id='word_1_113' title='bbox 2132 2849 2193 2908; x_wconf 90' lang='lat' dir='ltr'>et</span> <span class='ocrx_word' id='word_1_114' title='bbox 2241 2846 2379 2907; x_wconf 87' lang='lat' dir='ltr'>licet</span> <span class='ocrx_word' id='word_1_115' title='bbox 2436 2847 2579 2907; x_wconf 82' lang='lat' dir='ltr'>haec</span> 
     </span>
     <span class='ocr_line' id='line_1_16' title="bbox 319 2952 2573 3023; baseline -0.001 -10"><span class='ocrx_word' id='word_1_116' title='bbox 319 2952 633 3014; x_wconf 77' lang='lat' dir='ltr'>admonitio</span> <span class='ocrx_word' id='word_1_117' title='bbox 663 2953 788 3015; x_wconf 84' lang='lat' dir='ltr'>sola</span> <span class='ocrx_word' id='word_1_118' title='bbox 815 2952 1134 3013; x_wconf 87' lang='lat' dir='ltr'>litterarum</span> <span class='ocrx_word' id='word_1_119' title='bbox 1163 2969 1413 3013; x_wconf 88' lang='lat' dir='ltr'>mearum</span> <span class='ocrx_word' id='word_1_120' title='bbox 1443 2953 1781 3012; x_wconf 76' lang='lat' dir='ltr'>auctoritate</span> <span class='ocrx_word' id='word_1_121' title='bbox 1812 2953 2115 3023; x_wconf 84' lang='lat' dir='ltr'>sufficeret,</span> <span class='ocrx_word' id='word_1_122' title='bbox 2160 2955 2453 3016; x_wconf 81' lang='lat' dir='ltr'>tamenne</span> <span class='ocrx_word' id='word_1_123' title='bbox 2481 2967 2573 3011; x_wconf 92' lang='lat' dir='ltr'>me</span> 
     </span>
     <span class='ocr_line' id='line_1_17' title="bbox 319 3055 2575 3131; baseline -0.003 -13"><span class='ocrx_word' id='word_1_124' title='bbox 319 3056 718 3118; x_wconf 78' lang='lat' dir='ltr'>somniatorem</span> <span class='ocrx_word' id='word_1_125' title='bbox 782 3056 1031 3117; x_wconf 89' lang='lat' dir='ltr'>inrideat</span> <span class='ocrx_word' id='word_1_126' title='bbox 1092 3057 1390 3131; x_wconf 84' lang='lat' dir='ltr'>quisquam</span> <span class='ocrx_word' id='word_1_127' title='bbox 1407 3101 1422 3129; x_wconf 88' lang='lat'><strong>,</strong></span> <span class='ocrx_word' id='word_1_128' title='bbox 1499 3056 1649 3116; x_wconf 85' lang='lat' dir='ltr'>sicut</span> <span class='ocrx_word' id='word_1_129' title='bbox 1708 3056 1915 3129; x_wconf 86' lang='lat' dir='ltr'>Ioseph</span> <span class='ocrx_word' id='word_1_130' title='bbox 1967 3057 2179 3116; x_wconf 82' lang='lat' dir='ltr'>fratres</span> <span class='ocrx_word' id='word_1_131' title='bbox 2241 3055 2575 3127; x_wconf 86' lang='lat' dir='ltr'>inriserunt,</span> 
     </span>
    </p>

    <p class='ocr_par' dir='ltr' id='par_1_8' title="bbox 235 3159 2653 3648">
     <span class='ocr_line' id='line_1_18' title="bbox 235 3159 2577 3234; baseline -0.003 -10"><span class='ocrx_word' id='word_1_132' title='bbox 235 3185 297 3225; x_wconf 63' lang='grc' dir='ltr'>ιε</span> <span class='ocrx_word' id='word_1_133' title='bbox 319 3160 732 3234; x_wconf 84' lang='lat' dir='ltr'>scripturarum</span> <span class='ocrx_word' id='word_1_134' title='bbox 778 3159 1037 3219; x_wconf 79' lang='lat' dir='ltr'>addimus</span> <span class='ocrx_word' id='word_1_135' title='bbox 1085 3159 1411 3219; x_wconf 79' lang='lat' dir='ltr'>firmitatem</span> <span class='ocrx_word' id='word_1_136' title='bbox 1427 3205 1441 3233; x_wconf 93' lang='lat'><strong>,</strong></span> <span class='ocrx_word' id='word_1_137' title='bbox 1492 3161 1559 3219; x_wconf 88' lang='lat' dir='ltr'>ut</span> <span class='ocrx_word' id='word_1_138' title='bbox 1603 3177 1797 3220; x_wconf 86' lang='lat' dir='ltr'>omnes</span> <span class='ocrx_word' id='word_1_139' title='bbox 1839 3159 2023 3220; x_wconf 88' lang='lat' dir='ltr'>sciant</span> <span class='ocrx_word' id='word_1_140' title='bbox 2062 3161 2170 3220; x_wconf 90' lang='lat' dir='ltr'>hoc</span> <span class='ocrx_word' id='word_1_141' title='bbox 2210 3162 2385 3220; x_wconf 87' lang='lat' dir='ltr'>etiam</span> <span class='ocrx_word' id='word_1_142' title='bbox 2412 3160 2577 3220; x_wconf 87' lang='lat' dir='ltr'>modo</span> 
     </span>
     <span class='ocr_line' id='line_1_19' title="bbox 317 3260 2577 3338; baseline 0 -16"><span class='ocrx_word' id='word_1_143' title='bbox 317 3279 423 3338; x_wconf 88' lang='lat' dir='ltr'>per</span> <span class='ocrx_word' id='word_1_144' title='bbox 452 3260 855 3324; x_wconf 85' lang='lat' dir='ltr'>reuelationem</span> <span class='ocrx_word' id='word_1_145' title='bbox 885 3261 1185 3323; x_wconf 87' lang='lat' dir='ltr'>Dominum</span> <span class='ocrx_word' id='word_1_146' title='bbox 1213 3262 1408 3324; x_wconf 85' lang='lat' dir='ltr'>iubere</span> <span class='ocrx_word' id='word_1_147' title='bbox 1423 3308 1438 3335; x_wconf 94' lang='lat'>,</span> <span class='ocrx_word' id='word_1_148' title='bbox 1488 3263 1639 3337; x_wconf 86' lang='lat' dir='ltr'>quod</span> <span class='ocrx_word' id='word_1_149' title='bbox 1668 3263 1882 3324; x_wconf 87' lang='lat' dir='ltr'>litteris</span> <span class='ocrx_word' id='word_1_150' title='bbox 1905 3263 2265 3338; x_wconf 87' lang='lat' dir='ltr'>cognoscitur</span> <span class='ocrx_word' id='word_1_151' title='bbox 2294 3265 2425 3322; x_wconf 88' lang='lat' dir='ltr'>ante</span> <span class='ocrx_word' id='word_1_152' title='bbox 2454 3263 2577 3322; x_wconf 88' lang='lat' dir='ltr'>ius-</span> 
     </span>
     <span class='ocr_line' id='line_1_20' title="bbox 317 3366 2577 3440; baseline -0 -14"><span class='ocrx_word' id='word_1_153' title='bbox 317 3366 468 3426; x_wconf 85' lang='lat' dir='ltr'>sisse</span> <span class='ocrx_word' id='word_1_154' title='bbox 481 3411 498 3440; x_wconf 84' lang='lat'><strong>,</strong></span> <span class='ocrx_word' id='word_1_155' title='bbox 543 3383 648 3426; x_wconf 87' lang='lat' dir='ltr'>nec</span> <span class='ocrx_word' id='word_1_156' title='bbox 687 3383 791 3425; x_wconf 86' lang='lat' dir='ltr'>nos</span> <span class='ocrx_word' id='word_1_157' title='bbox 831 3383 958 3426; x_wconf 86' lang='lat' dir='ltr'>esse</span> <span class='ocrx_word' id='word_1_158' title='bbox 987 3366 1378 3426; x_wconf 70' lang='lat' dir='ltr'>adulterantes</span> <span class='ocrx_word' id='word_1_159' title='bbox 1418 3366 1656 3426; x_wconf 87' lang='lat' dir='ltr'>uerbum</span> <span class='ocrx_word' id='word_1_160' title='bbox 1684 3367 1911 3426; x_wconf 89' lang='lat' dir='ltr'>Domini</span> <span class='ocrx_word' id='word_1_161' title='bbox 1940 3369 2041 3426; x_wconf 88' lang='lat' dir='ltr'>aut</span> <span class='ocrx_word' id='word_1_162' title='bbox 2068 3367 2324 3426; x_wconf 87' lang='lat' dir='ltr'>uolentes</span> <span class='ocrx_word' id='word_1_163' title='bbox 2354 3366 2577 3425; x_wconf 87' lang='lat' dir='ltr'>iactan-</span> 
     </span>
     <span class='ocr_line' id='line_1_21' title="bbox 317 3445 2653 3544; baseline -0.002 -14"><span class='ocrx_word' id='word_1_164' title='bbox 317 3472 414 3530; x_wconf 83' lang='lat' dir='ltr'>ter</span> <span class='ocrx_word' id='word_1_165' title='bbox 453 3469 522 3528; x_wconf 90' lang='lat' dir='ltr'>de</span> <span class='ocrx_word' id='word_1_166' title='bbox 551 3468 994 3530; x_wconf 88' lang='lat' dir='ltr'>reuelationibus</span> <span class='ocrx_word' id='word_1_167' title='bbox 1025 3468 1292 3544; x_wconf 88' lang='lat' dir='ltr'>gloriari,</span> <span class='ocrx_word' id='word_1_168' title='bbox 1347 3470 1447 3529; x_wconf 89' lang='lat' dir='ltr'>sed</span> <span class='ocrx_word' id='word_1_169' title='bbox 1488 3469 1572 3528; x_wconf 90' lang='lat' dir='ltr'>sic</span> <span class='ocrx_word' id='word_1_170' title='bbox 1600 3471 1733 3530; x_wconf 87' lang='lat' dir='ltr'>ante</span> <span class='ocrx_word' id='word_1_171' title='bbox 1764 3472 2125 3544; x_wconf 86' lang='lat' dir='ltr'>conspectum</span> <span class='ocrx_word' id='word_1_172' title='bbox 2154 3469 2381 3529; x_wconf 90' lang='lat' dir='ltr'>Domini</span> <span class='ocrx_word' id='word_1_173' title='bbox 2422 3467 2572 3529; x_wconf 87' lang='lat' dir='ltr'>refe·</span> <span class='ocrx_word' id='word_1_174' title='bbox 2642 3445 2653 3457; x_wconf 58' lang='lat'>⁸</span> 
     </span>
     <span class='ocr_line' id='line_1_22' title="bbox 319 3568 2570 3648; baseline -0.001 -15"><span class='ocrx_word' id='word_1_175' title='bbox 319 3572 497 3633; x_wconf 83' lang='lat' dir='ltr'>rende</span> <span class='ocrx_word' id='word_1_176' title='bbox 527 3589 640 3632; x_wconf 91' lang='lat' dir='ltr'>non</span> <span class='ocrx_word' id='word_1_177' title='bbox 668 3571 900 3632; x_wconf 88' lang='lat' dir='ltr'>mentiri</span> <span class='ocrx_word' id='word_1_178' title='bbox 928 3573 1080 3647; x_wconf 90' lang='lat' dir='ltr'>quod</span> <span class='ocrx_word' id='word_1_179' title='bbox 1107 3568 1420 3648; x_wconf 82' lang='lat' dir='ltr'>loquimur:</span> <span class='ocrx_word' id='word_1_180' title='bbox 1453 3573 1603 3642; x_wconf 78' lang='lat' dir='ltr'>sicut</span> <span class='ocrx_word' id='word_1_181' title='bbox 1634 3591 1669 3632; x_wconf 91' lang='lat' dir='ltr'>a</span> <span class='ocrx_word' id='word_1_182' title='bbox 1695 3572 1935 3633; x_wconf 90' lang='lat' dir='ltr'>Domino</span> <span class='ocrx_word' id='word_1_183' title='bbox 1964 3571 2296 3634; x_wconf 86' lang='lat' dir='ltr'>confidimus</span> <span class='ocrx_word' id='word_1_184' title='bbox 2326 3588 2429 3632; x_wconf 86' lang='lat' dir='ltr'>nos</span> <span class='ocrx_word' id='word_1_185' title='bbox 2459 3589 2570 3632; x_wconf 91' lang='lat' dir='ltr'>non</span> 
     </span>
    </p>
   </div>
   <div class='ocr_carea' id='block_1_7' title="bbox 317 3855 2575 4190">
    <p class='ocr_par' dir='ltr' id='par_1_9' title="bbox 317 3855 2575 4101">
     <span class='ocr_line' id='line_1_23' title="bbox 459 3855 2575 3929; baseline -0.002 -15"><span class='ocrx_word' id='word_1_186' title='bbox 459 3860 496 3914; x_wconf 82' lang='lat'>2</span> <span class='ocrx_word' id='word_1_187' title='bbox 529 3859 719 3914; x_wconf 86' lang='lat' dir='ltr'>fiamus</span> <span class='ocrx_word' id='word_1_188' title='bbox 755 3860 901 3929; x_wconf 89' lang='lat' dir='ltr'>ergo]</span> <span class='ocrx_word' id='word_1_189' title='bbox 938 3860 1106 3914; x_wconf 86' lang='lat' dir='ltr'>simus</span> <span class='ocrx_word' id='word_1_190' title='bbox 1141 3859 1326 3928; x_wconf 85' lang='lat' dir='ltr'>itaque</span> <span class='ocrx_word' id='word_1_191' title='bbox 1363 3857 1438 3924; x_wconf 84' lang='lat' dir='ltr'>X,</span> <span class='ocrx_word' id='word_1_192' title='bbox 1473 3859 1663 3928; x_wconf 82' lang='lat' dir='ltr'>itaque</span> <span class='ocrx_word' id='word_1_193' title='bbox 1698 3859 1871 3912; x_wconf 87' lang='lat' dir='ltr'>simus</span> <span class='ocrx_word' id='word_1_194' title='bbox 1903 3875 1953 3914; x_wconf 81' lang='lat' dir='ltr'>v.</span> <span class='ocrx_word' id='word_1_195' title='bbox 1992 3887 2057 3898; x_wconf 89' lang='lat'>-—-</span> <span class='ocrx_word' id='word_1_196' title='bbox 2092 3856 2331 3927; x_wconf 79' lang='lat' dir='ltr'>Explicit</span> <span class='ocrx_word' id='word_1_197' title='bbox 2364 3857 2431 3912; x_wconf 88' lang='lat' dir='ltr'>de</span> <span class='ocrx_word' id='word_1_198' title='bbox 2464 3855 2575 3910; x_wconf 84' lang='lat' dir='ltr'>XII</span> 
     </span>
     <span class='ocr_line' id='line_1_24' title="bbox 318 3899 2575 4014; baseline -0.002 -13"><span class='ocrx_word' id='word_1_199' title='bbox 318 3945 568 4001; x_wconf 84' lang='lat' dir='ltr'>abusiuis</span> <span class='ocrx_word' id='word_1_200' title='bbox 603 3945 804 3999; x_wconf 84' lang='lat' dir='ltr'>saeculi</span> <span class='ocrx_word' id='word_1_201' title='bbox 843 3945 908 4011; x_wconf 75' lang='lat' dir='ltr'>G,</span> <span class='ocrx_word' id='word_1_202' title='bbox 955 3945 1193 4013; x_wconf 82' lang='lat' dir='ltr'>Explicit</span> <span class='ocrx_word' id='word_1_203' title='bbox 1225 3945 1304 4000; x_wconf 89' lang='lat' dir='ltr'>sci</span> <span class='ocrx_word' id='word_1_204' title='bbox 1349 3899 1444 3999; x_wconf 59' lang='lat' dir='ltr'>iol}</span> <span class='ocrx_word' id='word_1_205' title='bbox 1479 3943 1834 4002; x_wconf 78' lang='lat' dir='ltr'>chrisostomi</span> <span class='ocrx_word' id='word_1_206' title='bbox 1869 3960 1931 3998; x_wconf 86' lang='lat' dir='ltr'>ex</span> <span class='ocrx_word' id='word_1_207' title='bbox 1964 3943 2199 4014; x_wconf 79' lang='lat' dir='ltr'>epistula</span> <span class='ocrx_word' id='word_1_208' title='bbox 2230 3942 2381 3998; x_wconf 80' lang='lat' dir='ltr'>beati</span> <span class='ocrx_word' id='word_1_209' title='bbox 2415 3941 2575 3998; x_wconf 87' lang='lat' dir='ltr'>Pauli</span> 
     </span>
     <span class='ocr_line' id='line_1_25' title="bbox 317 4030 1821 4101; baseline -0.001 -14"><span class='ocrx_word' id='word_1_210' title='bbox 317 4031 557 4101; x_wconf 85' lang='lat' dir='ltr'>apostoli</span> <span class='ocrx_word' id='word_1_211' title='bbox 589 4030 660 4085; x_wconf 89' lang='lat' dir='ltr'>ad</span> <span class='ocrx_word' id='word_1_212' title='bbox 694 4031 988 4086; x_wconf 89' lang='lat' dir='ltr'>corinthios</span> <span class='ocrx_word' id='word_1_213' title='bbox 1023 4032 1197 4100; x_wconf 87' lang='lat' dir='ltr'>prima</span> <span class='ocrx_word' id='word_1_214' title='bbox 1231 4032 1351 4100; x_wconf 72' lang='lat' dir='ltr'>(cic)</span> <span class='ocrx_word' id='word_1_215' title='bbox 1390 4030 1468 4096; x_wconf 87' lang='lat' dir='ltr'>X,</span> <span class='ocrx_word' id='word_1_216' title='bbox 1502 4046 1604 4086; x_wconf 84' lang='lat' dir='ltr'>om.</span> <span class='ocrx_word' id='word_1_217' title='bbox 1656 4030 1717 4086; x_wconf 84' lang='lat' dir='ltr'>V.</span> <span class='ocrx_word' id='word_1_218' title='bbox 1752 4061 1821 4071; x_wconf 93' lang='lat'>—</span> 
     </span>
    </p>

    <p class='ocr_par' dir='ltr' id='par_1_10' title="bbox 459 4115 2575 4190">
     <span class='ocr_line' id='line_1_26' title="bbox 459 4115 2575 4190; baseline -0 -19"><span class='ocrx_word' id='word_1_219' title='bbox 459 4116 665 4188; x_wconf 90' lang='lat' dir='ltr'>Incipit</span> <span class='ocrx_word' id='word_1_220' title='bbox 697 4115 763 4171; x_wconf 90' lang='lat' dir='ltr'>de</span> <span class='ocrx_word' id='word_1_221' title='bbox 799 4116 1179 4186; x_wconf 81' lang='lat' dir='ltr'>singularitate</span> <span class='ocrx_word' id='word_1_222' title='bbox 1225 4117 1536 4172; x_wconf 88' lang='lat' dir='ltr'>clericorum</span> <span class='ocrx_word' id='word_1_223' title='bbox 1586 4117 1851 4186; x_wconf 77' lang='lat' dir='ltr'>(cypriani</span> <span class='ocrx_word' id='word_1_224' title='bbox 1898 4117 2027 4173; x_wconf 80' lang='lat' dir='ltr'>add.</span> <span class='ocrx_word' id='word_1_225' title='bbox 2064 4133 2208 4172; x_wconf 71' lang='lat' dir='ltr'>man.</span> <span class='ocrx_word' id='word_1_226' title='bbox 2244 4119 2374 4190; x_wconf 80' lang='lat' dir='ltr'>ree.)</span> <span class='ocrx_word' id='word_1_227' title='bbox 2411 4115 2471 4173; x_wconf 81' lang='lat' dir='ltr'>G.</span> <span class='ocrx_word' id='word_1_228' title='bbox 2509 4147 2575 4155; x_wconf 93' lang='lat'>—</span> 
     </span>
    </p>
   </div>
   <div class='ocr_carea' id='block_1_8' title="bbox 314 4201 2575 4438">
    <p class='ocr_par' dir='ltr' id='par_1_11' title="bbox 314 4201 2575 4438">
     <span class='ocr_line' id='line_1_27' title="bbox 315 4201 2573 4271; baseline -0.001 -13"><span class='ocrx_word' id='word_1_229' title='bbox 315 4203 354 4258; x_wconf 81' lang='lat'>5</span> <span class='ocrx_word' id='word_1_230' title='bbox 391 4201 741 4271; x_wconf 85' lang='lat' dir='ltr'>promiseram</span> <span class='ocrx_word' id='word_1_231' title='bbox 788 4201 844 4266; x_wconf 79' lang='grc' dir='ltr'>Ο,</span> <span class='ocrx_word' id='word_1_232' title='bbox 883 4201 1160 4256; x_wconf 86' lang='lat' dir='ltr'>emiseram</span> <span class='ocrx_word' id='word_1_233' title='bbox 1195 4219 1228 4256; x_wconf 84' lang='lat' dir='ltr'><strong><em>v</em></strong></span> <span class='ocrx_word' id='word_1_234' title='bbox 1479 4204 1513 4258; x_wconf 84' lang='grc'><strong>6</strong></span> <span class='ocrx_word' id='word_1_235' title='bbox 1550 4204 1729 4257; x_wconf 87' lang='lat' dir='ltr'>omnia</span> <span class='ocrx_word' id='word_1_236' title='bbox 1764 4203 1929 4257; x_wconf 85' lang='lat' dir='ltr'>etiam</span> <span class='ocrx_word' id='word_1_237' title='bbox 1964 4219 1998 4259; x_wconf 83' lang='lat' dir='ltr'><strong><em>v</em></strong></span> <span class='ocrx_word' id='word_1_238' title='bbox 2247 4203 2283 4258; x_wconf 89' lang='lat'>8</span> <span class='ocrx_word' id='word_1_239' title='bbox 2318 4202 2382 4257; x_wconf 87' lang='lat' dir='ltr'>de</span> <span class='ocrx_word' id='word_1_240' title='bbox 2418 4201 2573 4257; x_wconf 82' lang='lat' dir='ltr'>femi-</span> 
     </span>
     <span class='ocr_line' id='line_1_28' title="bbox 315 4287 2573 4358; baseline -0 -17"><span class='ocrx_word' id='word_1_241' title='bbox 315 4303 513 4342; x_wconf 85' lang='lat' dir='ltr'>narum</span> <span class='ocrx_word' id='word_1_242' title='bbox 548 4305 582 4343; x_wconf 86' lang='grc' dir='ltr'><strong><em>υ</em></strong></span> <span class='ocrx_word' id='word_1_243' title='bbox 875 4289 912 4344; x_wconf 82' lang='grc'><strong>9</strong></span> <span class='ocrx_word' id='word_1_244' title='bbox 947 4287 1272 4357; x_wconf 84' lang='lat' dir='ltr'>ignominiae</span> <span class='ocrx_word' id='word_1_245' title='bbox 1309 4287 1366 4355; x_wconf 84' lang='lat'>0,</span> <span class='ocrx_word' id='word_1_246' title='bbox 1404 4288 1472 4342; x_wconf 91' lang='lat' dir='ltr'>ad</span> <span class='ocrx_word' id='word_1_247' title='bbox 1507 4288 1865 4358; x_wconf 86' lang='lat' dir='ltr'>ignominiam</span> <span class='ocrx_word' id='word_1_248' title='bbox 1900 4288 2040 4344; x_wconf 80' lang='lat' dir='ltr'>com‘.</span> <span class='ocrx_word' id='word_1_249' title='bbox 2081 4287 2381 4350; x_wconf 76' lang='lat' dir='ltr'>Pamelius,</span> <span class='ocrx_word' id='word_1_250' title='bbox 2419 4288 2573 4356; x_wconf 86' lang='lat' dir='ltr'>igno-</span> 
     </span>
     <span class='ocr_line' id='line_1_29' title="bbox 314 4371 2575 4438; baseline -0 -9"><span class='ocrx_word' id='word_1_251' title='bbox 314 4373 552 4429; x_wconf 86' lang='lat' dir='ltr'>miniose</span> <span class='ocrx_word' id='word_1_252' title='bbox 585 4375 724 4429; x_wconf 75' lang='lat' dir='ltr'>coni.</span> <span class='ocrx_word' id='word_1_253' title='bbox 762 4373 1035 4430; x_wconf 71' lang='lat' dir='ltr'>Eramnue</span> <span class='ocrx_word' id='word_1_254' title='bbox 1261 4373 1330 4430; x_wconf 92' lang='lat'>10</span> <span class='ocrx_word' id='word_1_255' title='bbox 1363 4374 1594 4430; x_wconf 88' lang='lat' dir='ltr'>scribere</span> <span class='ocrx_word' id='word_1_256' title='bbox 1630 4391 1731 4428; x_wconf 82' lang='lat' dir='ltr'>om.</span> <span class='ocrx_word' id='word_1_257' title='bbox 1777 4374 1824 4431; x_wconf 85' lang='lat'><em>0</em></span> <span class='ocrx_word' id='word_1_258' title='bbox 2049 4375 2115 4429; x_wconf 92' lang='lat'>11</span> <span class='ocrx_word' id='word_1_259' title='bbox 2151 4372 2471 4429; x_wconf 86' lang='lat' dir='ltr'>conueniens</span> <span class='ocrx_word' id='word_1_260' title='bbox 2515 4371 2575 4438; x_wconf 81' lang='grc' dir='ltr'>Ο,</span> 
     </span>
    </p>
   </div>
   <div class='ocr_carea' id='block_1_9' title="bbox 313 4459 1866 4530">
    <p class='ocr_par' dir='ltr' id='par_1_12' title="bbox 313 4459 1866 4530">
     <span class='ocr_line' id='line_1_30' title="bbox 313 4459 1866 4530; baseline 0 -14"><span class='ocrx_word' id='word_1_261' title='bbox 313 4459 612 4530; x_wconf 86' lang='lat' dir='ltr'>corripiens</span> <span class='ocrx_word' id='word_1_262' title='bbox 647 4477 681 4515; x_wconf 88' lang='lat' dir='ltr'><strong><em>v</em></strong></span> <span class='ocrx_word' id='word_1_263' title='bbox 887 4461 954 4515; x_wconf 84' lang='lat'>13</span> <span class='ocrx_word' id='word_1_264' title='bbox 989 4476 1074 4514; x_wconf 85' lang='lat' dir='ltr'>me</span> <span class='ocrx_word' id='word_1_265' title='bbox 1108 4475 1208 4515; x_wconf 84' lang='lat' dir='ltr'>om.</span> <span class='ocrx_word' id='word_1_266' title='bbox 1254 4461 1302 4516; x_wconf 83' lang='lat'><em>0</em></span> <span class='ocrx_word' id='word_1_267' title='bbox 1505 4462 1574 4515; x_wconf 82' lang='lat'>14</span> <span class='ocrx_word' id='word_1_268' title='bbox 1606 4459 1783 4515; x_wconf 87' lang='lat' dir='ltr'>rideat</span> <span class='ocrx_word' id='word_1_269' title='bbox 1819 4459 1866 4516; x_wconf 85' lang='lat'><em>0</em></span> 
     </span>
    </p>
   </div>
  </div>
 </body>
</html>
