3217 5150
2233 563 2483 612 nxxvn

230 691 296 756 in
328 693 497 758 calce
527 693 825 778 leguntur
853 692 1033 757 haec:
1062 690 1259 756 Beati
1291 691 1609 774 Cypriani
1637 695 1939 774 opuscula
1969 697 2216 762 nouiter
2243 697 2485 764 Par-bi-

226 805 345 868 siis
374 805 447 868 in
480 803 621 870 Sole
660 823 850 867 aureo
888 802 1019 868 uici
1057 804 1265 867 saneti
1295 803 1509 870 Iacobi
1549 805 1858 886 impressa
1888 807 2162 889 Eapesis
2189 810 2486 893 mayistri

227 915 536 980 Berthold
544 913 859 1023 mRembolt
898 919 955 978 et
988 914 1301 979 Iohannis
1336 913 1688 982 vvaterloes
1733 919 1820 984 In
1862 920 2240 1003 intersiynio
2279 923 2488 988 sancti

229 1027 487 1110 Georyii
516 1046 826 1098 comoran.
858 1027 1055 1090 Anno
1084 1009 1203 1092 dni
1234 1027 1333 1092 M.
1336 1027 1422 1094 D.
1436 1029 1602 1093 XII.
1637 1028 1764 1094 Die
1792 1021 1939 1096 icero
1975 1032 2186 1098 XIII.
2211 1033 2486 1099 Nouem-

228 1139 376 1204 bris,
436 1157 667 1204 nouum
724 1139 971 1223 praeter
1021 1127 1503 1220 Empe-§itionem
1558 1141 1636 1204 in
1685 1142 2028 1224 symbolum
2078 1145 2486 1226 apostolicum

227 1269 415 1333 quam
473 1251 638 1316 inter
694 1250 1065 1335 Hieronymi
1124 1252 1315 1317 etiam
1372 1269 1559 1334 opera
1619 1255 1931 1336 receptam
1989 1255 2200 1320 Rufini
2258 1255 2486 1322 Torani

229 1360 651 1445 Aquileiensis
724 1363 1013 1447 ecclesiae
1084 1364 1427 1446 presbyteri
1500 1383 1634 1429 esse
1699 1365 1981 1430 codicum
2054 1367 2321 1433 aliorum
2383 1367 2484 1433 in-

224 1473 667 1556 scriptionibus
701 1471 807 1560 (cf.
832 1474 953 1538 Ios,
978 1473 1169 1539 Klein
1205 1472 1393 1539 Ueber
1420 1475 1559 1539 eine
1580 1474 2013 1559 Handsebrift
2043 1476 2150 1540 des
2160 1477 2484 1562 ¹Nicolaus

225 1607 347 1651 von
396 1584 554 1652 Cues
602 1607 663 1670 p.
700 1587 805 1670 12)
852 1565 1097 1650 dudum'
1141 1585 1265 1650 uiri
1318 1586 1483 1651 docti
1534 1590 1956 1670 cognouerunt
2007 1591 2070 1654 et
2109 1587 2484 1654 Passionem

231 1698 549 1780 Cypriani
594 1716 751 1780 qnae
794 1698 954 1762 miro
1002 1715 1205 1788 errore
1233 1698 1540 1763 Pontiano
1586 1698 1966 1765 adscribitur
2009 1701 2269 1766 accessit
2297 1701 2480 1766 nihil.

228 1830 374 1875 nam
403 1810 557 1875 Rob.
589 1809 972 1874 Fortunatus
1010 1809 1137 1874 alia
1164 1811 1461 1875 nonnulla
1490 1829 1649 1894 quae
1677 1811 1898 1876 nactus
1929 1814 2065 1876 erat
2093 1831 2256 1877 noua
2281 1812 2381 1876 uti
2408 1811 2484 1876 de

227 1921 607 1986 aleatoribus
636 1925 693 1986 et
720 1921 978 1986 caeteris
998 1920 1246 2002 paucis,
1287 1924 1442 2002 quia
1460 1941 1706 2004 parum
1734 1921 1855 1985 sibi
1882 1921 2266 2003 constabant,
2291 1942 2485 2003 prae-

228 2053 370 2098 sens
418 2037 495 2100 in
542 2037 783 2112 tempus
830 2033 1177 2099 omittenda
1227 2051 1359 2098 esse
1410 2033 1716 2099 censebat.
1770 2035 2106 2117 utrumque
2158 2053 2230 2099 ex
2275 2032 2484 2100 codice
2597 2015 2618 2025 ³

228 2145 570 2212 Parisiensi
627 2145 792 2209 1922
845 2143 1227 2228 descriptum
1279 2145 1546 2210 uidetur.
1602 2145 1841 2210 codices
1893 2147 2060 2211 certe
2104 2145 2486 2212 Parisienses

235 2257 400 2322 1648
447 2259 511 2322 et
558 2257 724 2322 1655
770 2257 880 2339 qui
909 2255 1387 2337 Expositionem
1438 2257 1730 2322 exhibent
1759 2255 2050 2341 Cypriani
2093 2276 2318 2325 nomen
2361 2277 2484 2324 non

230 2369 487 2434 addunt.
517 2367 897 2450 reliquorum
920 2387 1175 2450 operum
1197 2369 1407 2433 textus
1428 2369 1598 2434 idem
1621 2371 1718 2434 est
1741 2370 1936 2450 atque.
1951 2368 2222 2434 editione
2247 2370 2486 2435 Veneta

234 2481 449 2546 fertur.

313 2593 567 2657 Primus
616 2593 861 2657 textum
912 2592 1115 2674 qualis
1158 2572 1315 2658 inde'
1345 2592 1424 2657 ab
1466 2592 1738 2657 editione
1780 2592 2058 2675 principe
2103 2592 2492 2686 uulgabatur

231 2705 515 2769 codicum
561 2703 791 2768 auxilio
833 2704 1161 2769 emendare
1200 2705 1455 2769 conatus
1499 2706 1596 2769 est
1636 2704 1954 2781 Erasmus,
2001 2705 2179 2769 cuius
2215 2706 2487 2770 recensio

228 2816 433 2899 prima
472 2814 758 2881 Basileae
806 2815 1039 2896 prodiit
1081 2835 1139 2882 a.
1185 2816 1368 2881 1520.
1426 2814 1635 2897 Opera
1677 2814 1818 2879 diui
1862 2815 2127 2881 Caecilii
2171 2814 2491 2898 Cypriani

228 2929 496 3011 episcopi
527 2926 1051 3011 Carthaqinensis
1076 2927 1157 2992 ab
1185 2928 1543 2993 innumeris
1577 2928 1828 2992 mendis
1855 2932 2202 3011 repuryata
2229 2928 2491 2993 adiectis

2575 2615 2724 2659 mitio

2562 2764 2603 2795 ι.
2624 2754 2741 2795 1520.

230 3040 567 3105 nonnullis
610 3040 837 3104 libellis
880 3060 955 3103 ex
999 3038 1445 3103 uetustissimis
1486 3037 1950 3119 exemplaribus
1991 3058 2150 3119 quae
2192 3037 2490 3103 hactenus
2535 3098 2546 3110 ,

227 3172 357 3217 non
396 3152 802 3230 habebantur,
842 3173 919 3217 ac
946 3154 1189 3217 semotis
1216 3152 1323 3234 ijs,
1361 3170 1521 3231 quae
1542 3150 1714 3234 falso
1742 3150 2127 3215 uidebantur
2154 3150 2487 3233 inscripta,

228 3285 367 3329 una
394 3284 537 3330 cum
564 3263 1111 3329 annotatiunculis
1125 3263 1272 3343 Δίᾳ.
1297 3262 1445 3329 haec
1467 3263 1684 3327 omnia
1703 3262 1882 3327 nobis
1891 3262 2219 3343 praestitit
2242 3261 2490 3345 inqenti

228 3376 435 3441 labore
474 3396 585 3440 suo
613 3374 931 3440 Erasmus
961 3373 1434 3457 Roterodamus,
1474 3374 1585 3438 uir
1621 3359 1936 3439 iwaandis
1972 3373 2228 3453 optimis
2262 3372 2491 3437 litteris

225 3492 424 3553 natus
462 3486 663 3569 Apud
702 3486 1007 3568 inclytam
1048 3484 1383 3549 Basileam
1421 3504 1497 3548 ex
1514 3486 1800 3567 officina
1829 3482 2256 3549 Frobeniana.
2311 3504 2490 3567 prae-

226 3598 464 3665 fatione
494 3597 572 3664 ad
600 3597 889 3663 Laurent.
921 3597 1223 3663 Puccium
1254 3595 1428 3662 Card.
1470 3596 1976 3665 annotationibus
2019 3594 2255 3678 duplici
2283 3595 2486 3661 indice

228 3713 294 3778 et
317 3708 615 3775 Passione
643 3707 935 3794 Cypriani
974 3709 1336 3792 praemissis
1376 3696 1672 3774 secuntur
1700 3706 1998 3790 epistolae
2025 3705 2242 3771 eodem
2272 3706 2488 3771 ordine

191 3822 295 3911 *in
345 3822 644 3905 quattuor
691 3820 884 3887 libros
931 3819 1170 3886 diuisae
1198 3820 1265 3885 in
1294 3839 1479 3903 quem
1506 3819 1843 3885 Parisiensi
1889 3820 2164 3902 primum
2209 3818 2488 3902 digestae

228 3935 423 4000 erant.
468 3952 569 3999 eas
611 3932 925 4017 excipiunt
971 3931 1159 3996 Varii
1186 3936 1511 4011 tractatus,
1554 3932 1759 3996 libelli
1790 3931 2028 3996 scilicet
2057 3931 2134 3995 X.
2164 3929 2276 3994 IV.
2311 3929 2384 3992 V.
2418 3928 2486 3993 H

230 4043 357 4130 (De
377 4045 691 4110 idolorum
711 4044 1047 4129 uanitate),
1097 4042 1285 4109 Varii
1309 4062 1619 4109 sermones
1646 4042 1758 4108 XI.
1789 4042 1967 4106 XIII.
1999 4042 2145 4106 XII.
2168 4040 2349 4105 VIII.
2374 4039 2484 4105 VI.

230 4157 376 4222 VII.
410 4158 521 4223 IX.
555 4158 655 4222 III
700 4155 877 4243 (libri
908 4153 1089 4241 tres),
1131 4156 1433 4238 epistulae
1463 4157 1506 4237 †
1537 4156 1638 4221 73.
1670 4156 1713 4236 †
1746 4154 1846 4219 74.
1875 4156 1919 4235 †
1951 4154 2029 4218 71
2062 4153 2126 4217 et
2154 4154 2198 4233 †
2229 4152 2487 4218 Senten-

224 4268 355 4333 tiae
394 4270 837 4349 episeoporum.
884 4269 1168 4349 separata
1204 4268 1517 4348 ponuntur
1549 4264 1758 4347 Opera
1797 4285 1955 4347 quae
1990 4264 2296 4329 uidentur
2321 4262 2487 4345 falso

228 4379 556 4459 adscripta
587 4378 911 4462 Cypriano
940 4380 1119 4444 haec:
1152 4377 1251 4442 De
1279 4378 1592 4442 montibus
1623 4377 1791 4444 Sina
1819 4381 1875 4440 et
1910 4376 2088 4453 Sion,
2117 4373 2216 4439 De
2245 4374 2486 4439 reuela-

227 4492 396 4555 tione
434 4491 666 4572 capitis
705 4493 844 4575 etc„
891 4488 1225 4571 Expositio
1258 4488 1328 4553 in
1355 4488 1696 4571 symbolum
1734 4487 2174 4569 apostolorum,
2213 4484 2314 4551 De
2353 4486 2487 4549 sin-
