3217 5150
637 521 762 586 268
1575 517 1944 587 Appendix.

534 678 616 735 22
721 679 868 739 Ecce
897 678 1076 753 igitur
1107 680 1320 752 quanta
1347 677 1514 737 nobis
1543 677 1664 737 dies
1695 676 2021 737 natiuitatis
2050 677 2277 737 Domini
2319 679 2590 738 ostendit.
2646 679 2742 752 qui
2772 694 2881 737 na-

637 781 884 841 tiuitatis
915 781 1036 840 dies
1066 782 1138 839 ab
1169 780 1361 841 Exodo
1391 783 1651 854 repertus
1680 784 1772 840 est
1793 783 1859 839 ut
1883 780 2130 839 diximus
2153 783 2283 854 post
2304 798 2483 841 annos
2514 786 2543 841 ‘1'
2565 782 2883 843 DXLVIII.

637 902 780 960 quos
811 902 988 944 annos
1017 884 1088 943 ab
1119 884 1314 944 Exodo
1363 883 1450 943 sic
1500 900 1633 944 uere
1686 902 1721 942 a
1750 883 1915 943 nobis
1946 882 2215 943 collectos
2244 884 2615 956 ostendimus,
2668 901 2793 944 cum
2824 889 2885 943 et

638 989 892 1062 ipsorum
920 1006 1192 1049 annorum
1222 989 1505 1049 rationem
1533 1006 1649 1049 non
1679 1004 1807 1047 esse
1840 1004 2078 1047 uacuam
2107 989 2575 1055 demonstramus.
2608 988 2885 1049 Dominus

640 1091 790 1150 enim
833 1095 1066 1152 sanctus
1117 1094 1176 1151 et
1225 1090 1455 1150 diuinus
1485 1093 1550 1150 ut
1578 1090 1903 1151 ostenderet
1944 1090 2109 1149 nobis
2153 1090 2419 1165 quoniam
2448 1091 2764 1151 futurorum
2792 1095 2883 1151 est
2903 1111 2927 1149 s

637 1195 947 1269 praescius,
979 1197 1039 1255 et
1061 1197 1122 1255 in
1143 1196 1288 1270 ipsis
1312 1196 1478 1255 annis
1506 1194 1899 1255 manifestauit
1922 1196 2145 1269 tempus
2172 1194 2233 1253 in
2256 1212 2364 1269 quo
2388 1196 2683 1269 oportebat
2706 1213 2741 1253 a
2762 1194 2881 1253 filio

637 1298 761 1358 eius
815 1316 1018 1373 aquam
1073 1317 1218 1373 quae
1269 1298 1454 1359 abluit
1505 1300 1739 1372 peccata
1773 1298 1877 1357 XV
1908 1316 2055 1359 anno
2108 1296 2333 1372 imperii
2375 1298 2591 1357 Tiberii
2621 1297 2881 1357 Caesaris

639 1401 1002 1462 sanctificari.
1052 1406 1110 1461 et
1139 1402 1266 1462 ideo
1297 1403 1572 1477 quomodo
1601 1402 1897 1461 Abraham
1943 1402 2165 1475 quando
2210 1417 2537 1475 expugnare
2568 1401 2754 1461 uoluit
2782 1400 2883 1475 qui

637 1504 784 1563 Loth
815 1504 996 1563 filium
1026 1504 1222 1564 fratris
1265 1506 1390 1565 eius
1440 1505 1731 1578 captiuum
1784 1506 2085 1577 duxerunt,
2116 1502 2441 1563 numerauit
2492 1522 2697 1564 uernas
2748 1520 2881 1563 suos

637 1607 881 1681 primum
911 1608 1110 1668 XVIII
1139 1609 1201 1668 in
1231 1608 1464 1668 nomine
1494 1608 1647 1680 IesU,
1680 1610 1739 1668 et
1770 1595 1917 1668 a'lios
1961 1609 2191 1682 propter
2224 1606 2609 1667 centenariam
2636 1622 2879 1681 genera-
2899 1628 2955 1668 10

635 1710 848 1771 tionem
879 1711 938 1768 in
967 1714 1318 1773 sacramento
1347 1711 1520 1771 trium
1546 1712 1763 1771 dlerum
1786 1710 2083 1785 triplicans
2106 1710 2431 1771 numerauit
2458 1710 2587 1769 CCC
2610 1715 2669 1769 et
2690 1711 2826 1771 fecit
2848 1730 2885 1771 τ

637 1813 864 1888 signum
895 1812 1108 1873 crucis:
1139 1815 1223 1872 ita
1251 1815 1310 1873 et
1338 1832 1442 1873 nos
1473 1814 1543 1874 de
1574 1818 1604 1873 ῑ
1633 1814 1919 1874 DXLVIlI
1946 1813 2113 1873 annis
2137 1814 2463 1887 quindecies
2492 1817 2761 1873 centenos
2784 1813 2883 1872 de-

637 1918 929 1989 ducamus,
981 1919 1039 1976 et
1089 1920 1383 1978 remanent
1409 1917 1685 1977 XLVIII:
1730 1935 1799 1976 ex
1852 1918 2060 1991 quibus
2111 1917 2171 1976 in
2222 1918 2445 1977 nomine
2475 1916 2611 1976 Iesu
2638 1917 2885 1975 sublatis

638 2019 834 2078 XVIII
863 2019 1081 2079 inuenti
1112 2028 1246 2079 sunt
1275 2020 1410 2079 anui
1439 2020 1621 2078 XXX:
1670 2020 1877 2094 quibus
1908 2019 2192 2095 suppletis
2216 2019 2491 2080 Dominus
2520 2020 2685 2079 Iesus
2715 2036 2751 2077 a
2779 2037 2885 2077 na-

635 2122 868 2181 tiuitate
899 2139 1001 2181 sua
1030 2123 1354 2197 baptizatus
1383 2125 1474 2182 est
1501 2141 1538 2183 a
1566 2120 1779 2184 Ioanne
1808 2142 1956 2185 anno
1982 2122 2395 2198 quintodecimo
2419 2121 2647 2197 imperii
2671 2121 2886 2181 Tiberii
2906 2146 2957 2185 ιε

637 2224 924 2285 Caesaris:
979 2226 1140 2285 cuius
1169 2243 1315 2286 anno
1347 2227 1723 2287 sextodecimo
1753 2244 1959 2301 passus
2002 2230 2093 2287 est
2120 2229 2181 2286 et
2208 2226 2539 2287 resurrexit.
2570 2225 2883 2285 adiciamus

637 2344 772 2401 ergo
802 2328 1012 2387 iterum
1042 2329 1115 2389 ad
1145 2346 1420 2389 summam
1449 2347 1627 2389 annos
1656 2330 1859 2403 XXXI,
1906 2333 1965 2389 et
1992 2330 2139 2388 fiunt
2166 2330 2228 2389 in
2256 2346 2317 2389 se
2353 2345 2546 2388 omnes
2574 2330 2649 2388 ab
2692 2328 2884 2388 Exodo

637 2448 814 2505 usque
837 2430 908 2489 ad
929 2431 1248 2505 passionem
1271 2434 1406 2493 anni
1425 2438 1455 2493 ῑ
1471 2433 1866 2493 DLXXVIIII.
1894 2451 1930 2493 a
1949 2450 2059 2507 quo
2082 2437 2333 2507 tempore
2358 2432 2419 2490 id
2448 2433 2537 2491 est
2560 2449 2596 2491 a
2622 2432 2885 2505 passione

637 2552 814 2610 usque
846 2535 920 2595 ad
949 2552 1158 2596 annum
1189 2538 1450 2611 quintum
1483 2536 1755 2598 Gordiani
1765 2536 2009 2598 Arriano
2032 2539 2092 2598 et
2102 2536 2257 2610 Papo
2280 2534 2607 2596 consulibus
2632 2536 2885 2610 suppleti

639 2643 772 2699 sunt
801 2641 936 2700 anni
967 2639 1174 2715 CCXV,
1206 2643 1278 2701 ab
1308 2641 1500 2702 Exodo
1530 2643 1721 2701 autem
1752 2657 1945 2702 omnes
1974 2641 2109 2700 anni
2136 2645 2166 2700 ῑ
2194 2639 2574 2698 DCCXCIIII.

547 2745 627 2802 23
734 2743 856 2804 Hos
883 2746 1072 2804 autem
1101 2762 1279 2804 annos
1309 2761 1502 2804 omnes
1533 2746 1607 2804 ab
1636 2745 1828 2804 Exodo
1858 2744 1919 2802 id
1948 2747 2039 2804 est
2066 2761 2102 2803 a
2130 2743 2314 2818 primo
2342 2742 2564 2816 pinacis
2592 2759 2765 2802 uersu
2785 2758 2887 2814 per

639 2848 855 2919 septem
883 2847 1334 2908 sedecennitates
1364 2848 1496 2908 illos
1525 2865 1705 2922 usque
1736 2849 2079 2908 numerando
2110 2863 2303 2907 omnes
2328 2863 2505 2906 annos
2529 2844 2885 2920 supradictos

639 2966 1104 3024 consummemus,
1150 2952 1210 3010 et
1237 2953 1376 3010 tunc
1403 2951 1480 3011 ad
1505 2951 1741 3010 tertium
1772 2969 2001 3012 uersum
2030 2951 2245 3025 primae
2274 2948 2719 3010 sedecennitatis
2750 2965 2881 3022 per-

638 3052 932 3112 uenientes
975 3053 1330 3114 inueniemus
1363 3055 1672 3114 secundum
1699 3055 1941 3114 Iudaeos
1970 3055 2193 3114 Pascha
2238 3053 2352 3112 XII
2396 3051 2509 3112 kal.
2554 3051 2695 3126 Apr.
2742 3051 2889 3111 feria

637 3155 828 3230 tertia,
859 3156 1168 3216 secundum
1195 3174 1298 3217 nos
1326 3159 1514 3218 autem
1537 3158 1707 3218 tertio
1727 3175 1898 3217 uersu
1922 3158 2137 3232 primae
2159 3156 2599 3218 sedecennitatis
2630 3155 2743 3216 VH
2765 3155 2880 3214 kal.
2901 3177 2955 3220 ιε

640 3258 777 3331 Apr.
809 3259 1052 3318 occurrit
1082 3259 1410 3320 dominicus.
1442 3261 1565 3334 ipso
1595 3261 1788 3335 itaque
1811 3261 2007 3320 ordine
2032 3261 2093 3320 in
2113 3259 2305 3335 priora
2326 3259 2685 3320 ambulantes
2710 3275 2888 3332 usque

777 3580 808 3633 1
846 3578 966 3649 quis
1001 3581 1158 3632 tanta
1191 3579 1348 3632 nobis
1381 3577 1617 3633 ostendit
1650 3578 1762 3634 dies
1798 3595 1852 3636 n.
1890 3579 1939 3633 d.
1976 3597 2006 3635 c
2306 3579 2619 3634 natiuitatis
2655 3595 2755 3634 om.
2792 3595 2823 3635 c

638 3667 673 3720 2
709 3667 831 3735 post
864 3680 1029 3720 annos
1063 3667 1128 3718 ut
1160 3663 1390 3720 diximus
1427 3666 1458 3720 b
1665 3666 1701 3720 3
1734 3666 1803 3720 ab
1838 3665 1999 3720 exodo
2036 3682 2138 3722 om.
2174 3667 2206 3720 b
2420 3664 2757 3720 ostendemus
2792 3681 2821 3718 c

638 3752 675 3805 4
698 3750 963 3806 dominus.
984 3793 997 3805 .
1019 3750 1216 3822 mobis]
1241 3751 1476 3806 ostendit
1499 3767 1528 3806 c
1664 3752 1700 3806 5
1722 3751 1994 3822 quoniam]
2020 3753 2114 3821 qui
2136 3769 2168 3808 c
2304 3751 2337 3806 6
2374 3767 2408 3805 a
2430 3750 2563 3821 filio]
2590 3751 2765 3806 filium
2792 3768 2823 3807 c

637 3837 670 3890 7
709 3853 846 3907 aqua
881 3854 911 3893 c
1113 3837 1149 3890 8
1183 3853 1273 3892 eos
1306 3837 1402 3906 qui
1435 3854 1499 3894 cv
1704 3837 1738 3891 9
1773 3837 1995 3893 duxerat
2030 3840 2062 3893 b
2288 3837 2603 3893 numerabat
2639 3853 2891 3893 uernacu-

638 3923 720 3977 los
755 3941 878 3980 suos
911 3941 975 3980 cv
1212 3924 1282 3979 10
1314 3924 1485 3992 primo
1521 3923 1835 3980 CCCXVIII
1868 3926 1901 3980 b
2138 3925 2307 3979 alium
2345 3942 2375 3980 c
2626 3925 2693 3979 11
2728 3924 2891 3993 repli-

639 4025 765 4065 cans
800 4027 830 4065 c
1001 4009 1065 4065 11
1101 4031 1134 4064 τ
1169 4008 1404 4081 signum]
1432 4014 1469 4076 †
1493 4011 1709 4080 signum
1736 4013 1773 4076 †
1799 4011 1832 4066 b
2002 4013 2069 4065 12
2104 4012 2162 4066 in
2194 4010 2475 4067 DXLVIII
2510 4029 2540 4068 c
2699 4009 2767 4065 13
2800 4028 2891 4065 su-

641 4096 782 4150 blati
816 4097 848 4150 b
1036 4097 1104 4152 18
1129 4105 1156 4150 1
1181 4096 1558 4152 DLXXXVIII
1594 4116 1641 4163 c,
1674 4111 1745 4154 δὸ
1766 4095 2080 4153 DLXXJIII
2115 4100 2164 4168 b,
2202 4114 2299 4153 em.
2342 4099 2421 4154 W
2611 4098 2679 4152 19
2712 4098 2892 4168 gordi·

639 4198 801 4237 anum
837 4184 870 4239 b
1167 4183 1341 4238 ariani
1374 4187 1432 4239 et
1463 4201 1633 4254 papae
1669 4203 1868 4241 consuu
1903 4203 1933 4242 c
2228 4184 2300 4240 20
2332 4183 2533 4254 CCXV]
2562 4184 2757 4240 CCXX
2792 4185 2825 4239 b

631 4276 662 4322 ‘1
686 4267 1048 4324 DCCXCVIII
1082 4287 1126 4336 c,
1161 4285 1232 4327 δδ
1253 4269 1645 4326 DCCXCVIHI
1680 4273 1712 4328 b
1848 4274 1916 4328 21
1950 4289 2044 4343 per
2078 4273 2125 4337 b,
2160 4286 2318 4340 super
2352 4287 2413 4326 cv
2549 4271 2619 4326 22
2652 4272 2778 4326 illos
2800 4313 2813 4324 .
2833 4310 2848 4325 .
2870 4311 2885 4324 .

641 4353 1052 4410 sedecennitatis
1088 4373 1188 4412 om.
1226 4359 1258 4413 b
1555 4357 1626 4412 23
1660 4357 1727 4412 ad
1764 4375 1861 4413 om.
1902 4375 1946 4424 c,
1983 4359 2113 4415 add.
2160 4359 2235 4414 W
2524 4358 2895 4428 peruenientes

640 4455 742 4496 om.
777 4459 808 4498 c
1012 4443 1082 4497 24
1115 4442 1281 4497 VIIII
1314 4445 1388 4498 kl.
1423 4460 1534 4513 apr.
1571 4444 1711 4500 feria
1744 4448 1895 4500 sexta
1929 4446 1961 4500 b
2165 4445 2237 4500 25
2270 4445 2453 4515 tertio}
2490 4448 2679 4500 octauo
2714 4446 2746 4499 b
