<?xml version="1.0" encoding="UTF-8"?>
<!DOCTYPE html PUBLIC "-//W3C//DTD XHTML 1.0 Transitional//EN"
    "http://www.w3.org/TR/xhtml1/DTD/xhtml1-transitional.dtd">
<html xmlns="http://www.w3.org/1999/xhtml" xml:lang="en" lang="en">
 <head>
  <title>
</title>
<meta http-equiv="Content-Type" content="text/html;charset=utf-8" />
  <meta name='ocr-system' content='tesseract 3.04.00' />
  <meta name='ocr-capabilities' content='ocr_page ocr_carea ocr_par ocr_line ocrx_word'/>
</head>
<body>
  <div class='ocr_page' id='page_1' title='image "./corpusscriptoru29wissgoog_0069.png"; bbox 0 0 3217 5150; ppageno 0'>
   <div class='ocr_carea' id='block_1_1' title="bbox 963 537 2555 603">
    <p class='ocr_par' dir='ltr' id='par_1_1' title="bbox 963 537 2555 603">
     <span class='ocr_line' id='line_1_1' title="bbox 963 537 2555 603; baseline -0.001 -12"><span class='ocrx_word' id='word_1_1' title='bbox 963 537 1056 592; x_wconf 80' lang='lat' dir='ltr'><strong>Ad</strong></span> <span class='ocrx_word' id='word_1_2' title='bbox 1103 537 1559 592; x_wconf 84' lang='lat' dir='ltr'><strong>Nouatiauum</strong></span> <span class='ocrx_word' id='word_1_3' title='bbox 1605 556 1650 592; x_wconf 87' lang='lat' dir='ltr'><strong>c.</strong></span> <span class='ocrx_word' id='word_1_4' title='bbox 1688 537 1911 592; x_wconf 82' lang='grc'>12-13,</span> <span class='ocrx_word' id='word_1_5' title='bbox 2470 538 2555 603; x_wconf 85' lang='grc'><strong>63</strong></span> 
     </span>
    </p>
   </div>
   <div class='ocr_carea' id='block_1_2' title="bbox 302 695 2669 773">
    <p class='ocr_par' dir='ltr' id='par_1_2' title="bbox 302 695 2669 773">
     <span class='ocr_line' id='line_1_2' title="bbox 302 695 2669 773; baseline -0.002 -17"><span class='ocrx_word' id='word_1_6' title='bbox 302 696 528 772; x_wconf 83' lang='lat' dir='ltr'><strong>legisti:</strong></span> <span class='ocrx_word' id='word_1_7' title='bbox 599 698 774 773; x_wconf 83' lang='lat' dir='ltr'><strong>quia</strong></span> <span class='ocrx_word' id='word_1_8' title='bbox 823 697 1022 757; x_wconf 79' lang='lat' dir='ltr'><strong>Deus</strong></span> <span class='ocrx_word' id='word_1_9' title='bbox 1073 697 1406 771; x_wconf 78' lang='lat' dir='ltr'><strong>perdidit</strong></span> <span class='ocrx_word' id='word_1_10' title='bbox 1469 696 1881 757; x_wconf 80' lang='lat' dir='ltr'><strong>memoriam</strong></span> <span class='ocrx_word' id='word_1_11' title='bbox 1948 695 2426 771; x_wconf 85' lang='lat' dir='ltr'><strong>superborum</strong></span> <span class='ocrx_word' id='word_1_12' title='bbox 2484 696 2557 754; x_wconf 92' lang='lat' dir='ltr'><strong>et</strong></span> <span class='ocrx_word' id='word_1_13' title='bbox 2662 727 2669 737; x_wconf 93' lang='lat'>-</span> 
     </span>
    </p>
   </div>
   <div class='ocr_carea' id='block_1_3' title="bbox 225 796 2559 3347">
    <p class='ocr_par' dir='ltr' id='par_1_3' title="bbox 225 796 2559 3347">
     <span class='ocr_line' id='line_1_3' title="bbox 299 796 2557 876; baseline -0.001 -17"><span class='ocrx_word' id='word_1_14' title='bbox 299 818 439 862; x_wconf 90' lang='lat' dir='ltr'><strong>non</strong></span> <span class='ocrx_word' id='word_1_15' title='bbox 501 799 872 876; x_wconf 79' lang='lat' dir='ltr'><strong>relinquit</strong></span> <span class='ocrx_word' id='word_1_16' title='bbox 932 801 1342 861; x_wconf 78' lang='lat' dir='ltr'><strong>memoriam</strong></span> <span class='ocrx_word' id='word_1_17' title='bbox 1403 799 1837 859; x_wconf 75' lang='lat' dir='ltr'><strong>humilium?</strong></span> <span class='ocrx_word' id='word_1_18' title='bbox 1910 816 2024 860; x_wconf 88' lang='lat' dir='ltr'><strong>non</strong></span> <span class='ocrx_word' id='word_1_19' title='bbox 2086 797 2316 874; x_wconf 77' lang='lat' dir='ltr'><strong>legisti:</strong></span> <span class='ocrx_word' id='word_1_20' title='bbox 2384 796 2557 872; x_wconf 89' lang='lat' dir='ltr'><strong>quia</strong></span> 
     </span>
     <span class='ocr_line' id='line_1_4' title="bbox 303 901 2555 977; baseline -0.001 -15"><span class='ocrx_word' id='word_1_21' title='bbox 303 920 438 977; x_wconf 87' lang='lat' dir='ltr'><strong>quo</strong></span> <span class='ocrx_word' id='word_1_22' title='bbox 511 902 792 964; x_wconf 89' lang='lat' dir='ltr'><strong>iudicio</strong></span> <span class='ocrx_word' id='word_1_23' title='bbox 859 903 1025 977; x_wconf 88' lang='lat' dir='ltr'><strong>quis</strong></span> <span class='ocrx_word' id='word_1_24' title='bbox 1094 902 1584 976; x_wconf 81' lang='lat' dir='ltr'><strong>indicauerit,</strong></span> <span class='ocrx_word' id='word_1_25' title='bbox 1660 919 1815 962; x_wconf 90' lang='lat' dir='ltr'><strong>eum</strong></span> <span class='ocrx_word' id='word_1_26' title='bbox 1878 901 2201 962; x_wconf 83' lang='lat' dir='ltr'><strong>iudicari</strong></span> <span class='ocrx_word' id='word_1_27' title='bbox 2251 917 2555 960; x_wconf 87' lang='lat' dir='ltr'><strong>necesse</strong></span> 
     </span>
     <span class='ocr_line' id='line_1_5' title="bbox 301 1005 2554 1080; baseline -0 -15"><span class='ocrx_word' id='word_1_28' title='bbox 301 1007 456 1066; x_wconf 76' lang='lat' dir='ltr'><strong>est?</strong></span> <span class='ocrx_word' id='word_1_29' title='bbox 511 1023 626 1066; x_wconf 87' lang='lat' dir='ltr'><strong>non</strong></span> <span class='ocrx_word' id='word_1_30' title='bbox 683 1005 914 1080; x_wconf 84' lang='lat' dir='ltr'><strong>legisti:</strong></span> <span class='ocrx_word' id='word_1_31' title='bbox 965 1005 1137 1080; x_wconf 85' lang='lat' dir='ltr'><strong>quia</strong></span> <span class='ocrx_word' id='word_1_32' title='bbox 1186 1005 1312 1080; x_wconf 89' lang='lat' dir='ltr'><strong>qui</strong></span> <span class='ocrx_word' id='word_1_33' title='bbox 1369 1005 1528 1066; x_wconf 88' lang='lat' dir='ltr'><strong>odit</strong></span> <span class='ocrx_word' id='word_1_34' title='bbox 1577 1005 1885 1066; x_wconf 83' lang='lat' dir='ltr'><strong>fratrem</strong></span> <span class='ocrx_word' id='word_1_35' title='bbox 1938 1022 2173 1079; x_wconf 89' lang='lat' dir='ltr'><strong>suum,</strong></span> <span class='ocrx_word' id='word_1_36' title='bbox 2234 1005 2307 1064; x_wconf 90' lang='lat' dir='ltr'><strong>in</strong></span> <span class='ocrx_word' id='word_1_37' title='bbox 2356 1007 2554 1064; x_wconf 87' lang='lat' dir='ltr'><strong>tene-</strong></span> 
     </span>
     <span class='ocr_line' id='line_1_6' title="bbox 256 1109 2556 1181; baseline -0.001 -13"><span class='ocrx_word' id='word_1_38' title='bbox 256 1109 458 1169; x_wconf 67' lang='lat' dir='ltr'><strong>abris</strong></span> <span class='ocrx_word' id='word_1_39' title='bbox 516 1111 628 1169; x_wconf 88' lang='lat' dir='ltr'><strong>est</strong></span> <span class='ocrx_word' id='word_1_40' title='bbox 687 1111 759 1169; x_wconf 92' lang='lat' dir='ltr'><strong>et</strong></span> <span class='ocrx_word' id='word_1_41' title='bbox 815 1109 890 1168; x_wconf 89' lang='lat' dir='ltr'><strong>in</strong></span> <span class='ocrx_word' id='word_1_42' title='bbox 943 1109 1282 1169; x_wconf 90' lang='lat' dir='ltr'><strong>tenebris</strong></span> <span class='ocrx_word' id='word_1_43' title='bbox 1339 1110 1667 1169; x_wconf 81' lang='lat' dir='ltr'><strong>ambulat</strong></span> <span class='ocrx_word' id='word_1_44' title='bbox 1717 1111 1795 1170; x_wconf 92' lang='lat' dir='ltr'><strong>et</strong></span> <span class='ocrx_word' id='word_1_45' title='bbox 1844 1126 1983 1170; x_wconf 88' lang='lat' dir='ltr'><strong>non</strong></span> <span class='ocrx_word' id='word_1_46' title='bbox 2034 1109 2181 1168; x_wconf 84' lang='lat' dir='ltr'><strong>scit</strong></span> <span class='ocrx_word' id='word_1_47' title='bbox 2232 1124 2365 1181; x_wconf 88' lang='lat' dir='ltr'><strong>quo</strong></span> <span class='ocrx_word' id='word_1_48' title='bbox 2416 1109 2556 1178; x_wconf 88' lang='lat' dir='ltr'><strong>eat,</strong></span> 
     </span>
     <span class='ocr_line' id='line_1_7' title="bbox 300 1209 2557 1286; baseline 0 -16"><span class='ocrx_word' id='word_1_49' title='bbox 300 1211 472 1286; x_wconf 88' lang='lat' dir='ltr'><strong>quia</strong></span> <span class='ocrx_word' id='word_1_50' title='bbox 529 1211 885 1271; x_wconf 85' lang='lat' dir='ltr'><strong>tenebrae</strong></span> <span class='ocrx_word' id='word_1_51' title='bbox 941 1214 1528 1272; x_wconf 85' lang='lat' dir='ltr'><strong>excaecauerunt</strong></span> <span class='ocrx_word' id='word_1_52' title='bbox 1585 1213 1842 1274; x_wconf 90' lang='lat' dir='ltr'><strong>oculos</strong></span> <span class='ocrx_word' id='word_1_53' title='bbox 1902 1213 2113 1273; x_wconf 77' lang='lat' dir='ltr'><strong>eius?</strong></span> <span class='ocrx_word' id='word_1_54' title='bbox 2172 1211 2323 1271; x_wconf 89' lang='lat' dir='ltr'><strong>unde</strong></span> <span class='ocrx_word' id='word_1_55' title='bbox 2376 1209 2557 1283; x_wconf 84' lang='lat' dir='ltr'><strong>igitur</strong></span> 
     </span>
     <span class='ocr_line' id='line_1_8' title="bbox 304 1311 2556 1394; baseline -0.001 -20"><span class='ocrx_word' id='word_1_56' title='bbox 304 1315 400 1392; x_wconf 92' lang='lat' dir='ltr'><strong>[et]</strong></span> <span class='ocrx_word' id='word_1_57' title='bbox 445 1317 564 1374; x_wconf 89' lang='lat' dir='ltr'><strong>tam</strong></span> <span class='ocrx_word' id='word_1_58' title='bbox 609 1311 952 1387; x_wconf 77' lang='lat' dir='ltr'><strong>sceleratus,</strong></span> <span class='ocrx_word' id='word_1_59' title='bbox 1015 1317 1134 1374; x_wconf 89' lang='lat' dir='ltr'><strong>tam</strong></span> <span class='ocrx_word' id='word_1_60' title='bbox 1175 1314 1437 1389; x_wconf 85' lang='lat' dir='ltr'><strong>perditus</strong></span> <span class='ocrx_word' id='word_1_61' title='bbox 1456 1360 1473 1388; x_wconf 90' lang='lat'>,</span> <span class='ocrx_word' id='word_1_62' title='bbox 1533 1319 1655 1394; x_wconf 82' lang='lat' dir='ltr'><strong>tam</strong></span> <span class='ocrx_word' id='word_1_63' title='bbox 1697 1315 2009 1376; x_wconf 75' lang='lat' dir='ltr'><strong>discordiae</strong></span> <span class='ocrx_word' id='word_1_64' title='bbox 2064 1313 2253 1374; x_wconf 82' lang='lat' dir='ltr'><strong>furore</strong></span> <span class='ocrx_word' id='word_1_65' title='bbox 2310 1327 2556 1372; x_wconf 85' lang='lat' dir='ltr'><strong>uesanus</strong></span> 
     </span>
     <span class='ocr_line' id='line_1_9' title="bbox 298 1415 2557 1492; baseline -0.002 -16"><span class='ocrx_word' id='word_1_66' title='bbox 298 1417 556 1478; x_wconf 84' lang='lat' dir='ltr'><strong>extiterit</strong></span> <span class='ocrx_word' id='word_1_67' title='bbox 595 1416 710 1476; x_wconf 87' lang='lat' dir='ltr'><strong>iste</strong></span> <span class='ocrx_word' id='word_1_68' title='bbox 738 1417 1120 1490; x_wconf 82' lang='lat' dir='ltr'><strong>Nouatianus‚</strong></span> <span class='ocrx_word' id='word_1_69' title='bbox 1164 1417 1420 1478; x_wconf 86' lang='lat' dir='ltr'><strong>inuenire</strong></span> <span class='ocrx_word' id='word_1_70' title='bbox 1463 1435 1576 1478; x_wconf 91' lang='lat' dir='ltr'><strong>non</strong></span> <span class='ocrx_word' id='word_1_71' title='bbox 1619 1435 1851 1492; x_wconf 83' lang='lat' dir='ltr'><strong>possum</strong></span> <span class='ocrx_word' id='word_1_72' title='bbox 1892 1417 1993 1492; x_wconf 88' lang='lat' dir='ltr'><strong>qui</strong></span> <span class='ocrx_word' id='word_1_73' title='bbox 2037 1433 2259 1490; x_wconf 84' lang='lat' dir='ltr'><strong>semper</strong></span> <span class='ocrx_word' id='word_1_74' title='bbox 2302 1415 2365 1474; x_wconf 91' lang='lat' dir='ltr'><strong>in</strong></span> <span class='ocrx_word' id='word_1_75' title='bbox 2390 1415 2557 1474; x_wconf 88' lang='lat' dir='ltr'><strong>domo</strong></span> 
     </span>
     <span class='ocr_line' id='line_1_10' title="bbox 297 1517 2553 1594; baseline -0.002 -13"><span class='ocrx_word' id='word_1_76' title='bbox 297 1539 414 1581; x_wconf 87' lang='lat' dir='ltr'><strong>una</strong></span> <span class='ocrx_word' id='word_1_77' title='bbox 467 1521 524 1580; x_wconf 91' lang='lat' dir='ltr'><strong>id</strong></span> <span class='ocrx_word' id='word_1_78' title='bbox 579 1524 670 1581; x_wconf 89' lang='lat' dir='ltr'><strong>est</strong></span> <span class='ocrx_word' id='word_1_79' title='bbox 725 1519 941 1580; x_wconf 81' lang='lat' dir='ltr'><strong>Christi</strong></span> <span class='ocrx_word' id='word_1_80' title='bbox 1003 1519 1242 1580; x_wconf 88' lang='lat' dir='ltr'><strong>ecclesia</strong></span> <span class='ocrx_word' id='word_1_81' title='bbox 1285 1520 1667 1594; x_wconf 84' lang='lat' dir='ltr'><strong>proximorum</strong></span> <span class='ocrx_word' id='word_1_82' title='bbox 1732 1520 1941 1580; x_wconf 88' lang='lat' dir='ltr'><strong>delicta</strong></span> <span class='ocrx_word' id='word_1_83' title='bbox 1998 1521 2065 1578; x_wconf 91' lang='lat' dir='ltr'><strong>ut</strong></span> <span class='ocrx_word' id='word_1_84' title='bbox 2106 1518 2337 1594; x_wconf 84' lang='lat' dir='ltr'><strong>propria</strong></span> <span class='ocrx_word' id='word_1_85' title='bbox 2379 1517 2553 1576; x_wconf 88' lang='lat' dir='ltr'><strong>fleue-</strong></span> 
     </span>
     <span class='ocr_line' id='line_1_11' title="bbox 227 1619 2555 1698; baseline -0.001 -18"><span class='ocrx_word' id='word_1_86' title='bbox 227 1639 288 1680; x_wconf 80' lang='grc' dir='ltr'><strong>ιο</strong></span> <span class='ocrx_word' id='word_1_87' title='bbox 299 1625 408 1697; x_wconf 86' lang='lat' dir='ltr'><strong>rit,</strong></span> <span class='ocrx_word' id='word_1_88' title='bbox 477 1640 648 1684; x_wconf 85' lang='lat' dir='ltr'><strong>onera</strong></span> <span class='ocrx_word' id='word_1_89' title='bbox 703 1623 946 1683; x_wconf 77' lang='lat' dir='ltr'><strong>fratrum</strong></span> <span class='ocrx_word' id='word_1_90' title='bbox 959 1669 976 1697; x_wconf 92' lang='lat'>,</span> <span class='ocrx_word' id='word_1_91' title='bbox 1041 1623 1193 1683; x_wconf 84' lang='lat' dir='ltr'><strong>sicut</strong></span> <span class='ocrx_word' id='word_1_92' title='bbox 1257 1623 1553 1698; x_wconf 82' lang='lat' dir='ltr'><strong>apostolus</strong></span> <span class='ocrx_word' id='word_1_93' title='bbox 1609 1624 1874 1684; x_wconf 83' lang='lat' dir='ltr'><strong>hortatur</strong></span> <span class='ocrx_word' id='word_1_94' title='bbox 1888 1669 1903 1696; x_wconf 94' lang='lat'><strong>‚</strong></span> <span class='ocrx_word' id='word_1_95' title='bbox 1950 1621 2291 1684; x_wconf 75' lang='lat' dir='ltr'><strong>sustinuerit</strong></span> <span class='ocrx_word' id='word_1_96' title='bbox 2306 1665 2321 1693; x_wconf 92' lang='lat'>,</span> <span class='ocrx_word' id='word_1_97' title='bbox 2372 1619 2555 1679; x_wconf 90' lang='lat' dir='ltr'><strong>lubri-</strong></span> 
     </span>
     <span class='ocr_line' id='line_1_12' title="bbox 297 1725 2557 1797; baseline -0.003 -10"><span class='ocrx_word' id='word_1_98' title='bbox 297 1741 394 1787; x_wconf 84' lang='lat' dir='ltr'><strong>cos</strong></span> <span class='ocrx_word' id='word_1_99' title='bbox 449 1726 510 1786; x_wconf 89' lang='lat' dir='ltr'><strong>in</strong></span> <span class='ocrx_word' id='word_1_100' title='bbox 565 1725 674 1786; x_wconf 90' lang='lat' dir='ltr'><strong>fide</strong></span> <span class='ocrx_word' id='word_1_101' title='bbox 740 1726 973 1787; x_wconf 82' lang='lat' dir='ltr'><strong>caelesti</strong></span> <span class='ocrx_word' id='word_1_102' title='bbox 1038 1726 1394 1788; x_wconf 77' lang='lat' dir='ltr'><strong>adlocutione</strong></span> <span class='ocrx_word' id='word_1_103' title='bbox 1459 1728 1927 1788; x_wconf 87' lang='lat' dir='ltr'><strong>corroborauerit.</strong></span> <span class='ocrx_word' id='word_1_104' title='bbox 1992 1730 2057 1787; x_wconf 89' lang='lat' dir='ltr'><strong>at</strong></span> <span class='ocrx_word' id='word_1_105' title='bbox 2118 1743 2269 1785; x_wconf 88' lang='lat' dir='ltr'><strong>nunc</strong></span> <span class='ocrx_word' id='word_1_106' title='bbox 2332 1740 2402 1783; x_wconf 85' lang='lat' dir='ltr'><strong>ex</strong></span> <span class='ocrx_word' id='word_1_107' title='bbox 2444 1737 2557 1797; x_wconf 85' lang='lat' dir='ltr'><strong>quo</strong></span> 
     </span>
     <span class='ocr_line' id='line_1_13' title="bbox 299 1828 2556 1903; baseline -0.001 -15"><span class='ocrx_word' id='word_1_108' title='bbox 299 1829 532 1889; x_wconf 84' lang='lat' dir='ltr'><strong>Cainam</strong></span> <span class='ocrx_word' id='word_1_109' title='bbox 575 1828 736 1888; x_wconf 86' lang='lat' dir='ltr'><strong>illam</strong></span> <span class='ocrx_word' id='word_1_110' title='bbox 777 1829 1080 1903; x_wconf 80' lang='lat' dir='ltr'><strong>haeresim,</strong></span> <span class='ocrx_word' id='word_1_111' title='bbox 1124 1845 1266 1903; x_wconf 83' lang='lat' dir='ltr'><strong>quae</strong></span> <span class='ocrx_word' id='word_1_112' title='bbox 1310 1846 1424 1889; x_wconf 90' lang='lat' dir='ltr'><strong>non</strong></span> <span class='ocrx_word' id='word_1_113' title='bbox 1467 1829 1582 1890; x_wconf 84' lang='lat' dir='ltr'><strong>nisi</strong></span> <span class='ocrx_word' id='word_1_114' title='bbox 1626 1833 1851 1890; x_wconf 86' lang='lat' dir='ltr'><strong>tantum</strong></span> <span class='ocrx_word' id='word_1_115' title='bbox 1893 1830 2145 1890; x_wconf 89' lang='lat' dir='ltr'><strong>occidere</strong></span> <span class='ocrx_word' id='word_1_116' title='bbox 2185 1828 2367 1902; x_wconf 79' lang='lat' dir='ltr'><strong>gestit</strong></span> <span class='ocrx_word' id='word_1_117' title='bbox 2392 1843 2556 1887; x_wconf 86' lang='lat' dir='ltr'><strong>exer-</strong></span> 
     </span>
     <span class='ocr_line' id='line_1_14' title="bbox 298 1929 2557 2007; baseline -0.001 -15"><span class='ocrx_word' id='word_1_118' title='bbox 298 1949 426 1992; x_wconf 90' lang='lat' dir='ltr'><strong>cere</strong></span> <span class='ocrx_word' id='word_1_119' title='bbox 490 1932 697 2006; x_wconf 89' lang='lat' dir='ltr'><strong>coepit,</strong></span> <span class='ocrx_word' id='word_1_120' title='bbox 763 1948 870 1992; x_wconf 87' lang='lat' dir='ltr'><strong>nec</strong></span> <span class='ocrx_word' id='word_1_121' title='bbox 925 1933 1036 1993; x_wconf 88' lang='lat' dir='ltr'><strong>sibi</strong></span> <span class='ocrx_word' id='word_1_122' title='bbox 1079 1932 1388 1994; x_wconf 86' lang='lat' dir='ltr'><strong>nouissime</strong></span> <span class='ocrx_word' id='word_1_123' title='bbox 1452 1932 1657 2007; x_wconf 85' lang='lat' dir='ltr'><strong>parcit.</strong></span> <span class='ocrx_word' id='word_1_124' title='bbox 1727 1936 1979 1994; x_wconf 87' lang='lat' dir='ltr'><strong>ceterum</strong></span> <span class='ocrx_word' id='word_1_125' title='bbox 2022 1931 2076 1992; x_wconf 86' lang='lat' dir='ltr'><strong>si</strong></span> <span class='ocrx_word' id='word_1_126' title='bbox 2116 1931 2377 2006; x_wconf 76' lang='lat' dir='ltr'><strong>legisset,</strong></span> <span class='ocrx_word' id='word_1_127' title='bbox 2423 1929 2557 2004; x_wconf 81' lang='lat' dir='ltr'><strong>quia</strong></span> 
     </span>
     <span class='ocr_line' id='line_1_15' title="bbox 298 2032 2559 2111; baseline -0.001 -17"><span class='ocrx_word' id='word_1_128' title='bbox 298 2035 616 2094; x_wconf 87' lang='lat' dir='ltr'><strong>iustitia</strong></span> <span class='ocrx_word' id='word_1_129' title='bbox 670 2034 858 2095; x_wconf 87' lang='lat' dir='ltr'><strong>iusti</strong></span> <span class='ocrx_word' id='word_1_130' title='bbox 911 2053 1050 2096; x_wconf 87' lang='lat' dir='ltr'><strong>non</strong></span> <span class='ocrx_word' id='word_1_131' title='bbox 1091 2035 1467 2096; x_wconf 84' lang='lat' dir='ltr'><strong>liberabit</strong></span> <span class='ocrx_word' id='word_1_132' title='bbox 1520 2052 1671 2096; x_wconf 87' lang='lat' dir='ltr'><strong>eum</strong></span> <span class='ocrx_word' id='word_1_133' title='bbox 1714 2036 1791 2096; x_wconf 91' lang='lat' dir='ltr'><strong>in</strong></span> <span class='ocrx_word' id='word_1_134' title='bbox 1835 2037 1954 2096; x_wconf 88' lang='lat' dir='ltr'><strong>die</strong></span> <span class='ocrx_word' id='word_1_135' title='bbox 1995 2052 2133 2111; x_wconf 80' lang='lat' dir='ltr'><strong>qua</strong></span> <span class='ocrx_word' id='word_1_136' title='bbox 2174 2032 2559 2094; x_wconf 86' lang='lat' dir='ltr'><strong>errauerit</strong></span> 
     </span>
     <span class='ocr_line' id='line_1_16' title="bbox 225 2137 2553 2212; baseline 0 -18"><span class='ocrx_word' id='word_1_137' title='bbox 225 2141 376 2198; x_wconf 64' lang='lat' dir='ltr'><strong>rtet</strong></span> <span class='ocrx_word' id='word_1_138' title='bbox 437 2137 806 2212; x_wconf 82' lang='lat' dir='ltr'><strong>iniquitas</strong></span> <span class='ocrx_word' id='word_1_139' title='bbox 871 2138 1080 2212; x_wconf 91' lang='lat' dir='ltr'><strong>impii</strong></span> <span class='ocrx_word' id='word_1_140' title='bbox 1146 2156 1284 2199; x_wconf 87' lang='lat' dir='ltr'><strong>non</strong></span> <span class='ocrx_word' id='word_1_141' title='bbox 1347 2139 1643 2200; x_wconf 78' lang='lat' dir='ltr'><strong>nocebit</strong></span> <span class='ocrx_word' id='word_1_142' title='bbox 1706 2157 1859 2201; x_wconf 89' lang='lat' dir='ltr'><strong>eum</strong></span> <span class='ocrx_word' id='word_1_143' title='bbox 1923 2155 2007 2199; x_wconf 86' lang='lat' dir='ltr'><strong>ex</strong></span> <span class='ocrx_word' id='word_1_144' title='bbox 2049 2155 2189 2212; x_wconf 87' lang='lat' dir='ltr'><strong>qua</strong></span> <span class='ocrx_word' id='word_1_145' title='bbox 2232 2138 2352 2200; x_wconf 86' lang='lat' dir='ltr'><strong>die</strong></span> <span class='ocrx_word' id='word_1_146' title='bbox 2394 2155 2553 2196; x_wconf 90' lang='lat' dir='ltr'><strong>con-</strong></span> 
     </span>
     <span class='ocr_line' id='line_1_17' title="bbox 299 2241 2556 2318; baseline -0.001 -16"><span class='ocrx_word' id='word_1_147' title='bbox 299 2258 556 2302; x_wconf 86' lang='lat' dir='ltr'><strong>uersus</strong></span> <span class='ocrx_word' id='word_1_148' title='bbox 599 2241 868 2315; x_wconf 82' lang='lat' dir='ltr'><strong>fuerit,</strong></span> <span class='ocrx_word' id='word_1_149' title='bbox 913 2241 1028 2302; x_wconf 88' lang='lat' dir='ltr'><strong>iam</strong></span> <span class='ocrx_word' id='word_1_150' title='bbox 1071 2242 1208 2302; x_wconf 90' lang='lat' dir='ltr'><strong>olim</strong></span> <span class='ocrx_word' id='word_1_151' title='bbox 1249 2243 1310 2301; x_wconf 91' lang='lat' dir='ltr'><strong>in</strong></span> <span class='ocrx_word' id='word_1_152' title='bbox 1353 2243 1540 2303; x_wconf 89' lang='lat' dir='ltr'><strong>cinere</strong></span> <span class='ocrx_word' id='word_1_153' title='bbox 1582 2243 2002 2318; x_wconf 83' lang='lat' dir='ltr'><strong>paeniteretur,</strong></span> <span class='ocrx_word' id='word_1_154' title='bbox 2047 2243 2147 2303; x_wconf 83' lang='lat' dir='ltr'><strong>ille</strong></span> <span class='ocrx_word' id='word_1_155' title='bbox 2192 2244 2290 2317; x_wconf 88' lang='lat' dir='ltr'><strong>qui</strong></span> <span class='ocrx_word' id='word_1_156' title='bbox 2334 2257 2556 2316; x_wconf 85' lang='lat' dir='ltr'><strong>semper</strong></span> 
     </span>
     <span class='ocr_line' id='line_1_18' title="bbox 298 2344 2553 2420; baseline 0 -16"><span class='ocrx_word' id='word_1_157' title='bbox 298 2344 721 2418; x_wconf 85' lang='lat' dir='ltr'><strong>paenitentibus</strong></span> <span class='ocrx_word' id='word_1_158' title='bbox 766 2345 1122 2418; x_wconf 86' lang='lat' dir='ltr'><strong>aduersatur,</strong></span> <span class='ocrx_word' id='word_1_159' title='bbox 1177 2345 1276 2420; x_wconf 89' lang='lat' dir='ltr'><strong>qui</strong></span> <span class='ocrx_word' id='word_1_160' title='bbox 1319 2345 1380 2404; x_wconf 91' lang='lat' dir='ltr'><strong>in</strong></span> <span class='ocrx_word' id='word_1_161' title='bbox 1424 2346 1591 2406; x_wconf 88' lang='lat' dir='ltr'><strong>ruina</strong></span> <span class='ocrx_word' id='word_1_162' title='bbox 1652 2345 1879 2407; x_wconf 80' lang='lat' dir='ltr'><strong>facilius</strong></span> <span class='ocrx_word' id='word_1_163' title='bbox 1922 2347 2347 2407; x_wconf 80' lang='lat' dir='ltr'><strong>aedificatorum</strong></span> <span class='ocrx_word' id='word_1_164' title='bbox 2390 2349 2553 2404; x_wconf 88' lang='lat' dir='ltr'><strong>stan-</strong></span> 
     </span>
     <span class='ocr_line' id='line_1_19' title="bbox 297 2446 2557 2524; baseline 0 -19"><span class='ocrx_word' id='word_1_165' title='bbox 297 2446 444 2506; x_wconf 90' lang='lat' dir='ltr'><strong>tium</strong></span> <span class='ocrx_word' id='word_1_166' title='bbox 489 2451 755 2521; x_wconf 83' lang='lat' dir='ltr'><strong>operatur</strong></span> <span class='ocrx_word' id='word_1_167' title='bbox 797 2465 970 2522; x_wconf 88' lang='lat' dir='ltr'><strong>quam</strong></span> <span class='ocrx_word' id='word_1_168' title='bbox 1013 2449 1074 2508; x_wconf 85' lang='lat' dir='ltr'><strong>in</strong></span> <span class='ocrx_word' id='word_1_169' title='bbox 1117 2447 1432 2508; x_wconf 78' lang='lat' dir='ltr'><strong>structione</strong></span> <span class='ocrx_word' id='word_1_170' title='bbox 1476 2448 1780 2510; x_wconf 85' lang='lat' dir='ltr'><strong>iacentium</strong></span> <span class='ocrx_word' id='word_1_171' title='bbox 1824 2449 2143 2524; x_wconf 85' lang='lat' dir='ltr'><strong>ruinarum,</strong></span> <span class='ocrx_word' id='word_1_172' title='bbox 2202 2449 2301 2523; x_wconf 88' lang='lat' dir='ltr'><strong>qui</strong></span> <span class='ocrx_word' id='word_1_173' title='bbox 2344 2449 2557 2507; x_wconf 87' lang='lat' dir='ltr'><strong>multos</strong></span> 
     </span>
     <span class='ocr_line' id='line_1_20' title="bbox 299 2548 2555 2626; baseline -0 -16"><span class='ocrx_word' id='word_1_174' title='bbox 299 2564 370 2610; x_wconf 86' lang='lat' dir='ltr'><strong>ex</strong></span> <span class='ocrx_word' id='word_1_175' title='bbox 408 2548 688 2611; x_wconf 86' lang='lat' dir='ltr'><strong>fratribus</strong></span> <span class='ocrx_word' id='word_1_176' title='bbox 718 2551 928 2611; x_wconf 87' lang='lat' dir='ltr'><strong>nostris</strong></span> <span class='ocrx_word' id='word_1_177' title='bbox 957 2550 1307 2612; x_wconf 87' lang='lat' dir='ltr'><strong>miserrimos</strong></span> <span class='ocrx_word' id='word_1_178' title='bbox 1339 2550 1506 2613; x_wconf 85' lang='lat' dir='ltr'><strong>falsis</strong></span> <span class='ocrx_word' id='word_1_179' title='bbox 1534 2550 1657 2612; x_wconf 87' lang='lat' dir='ltr'><strong>suis</strong></span> <span class='ocrx_word' id='word_1_180' title='bbox 1699 2552 2193 2613; x_wconf 73' lang='lat' dir='ltr'><strong>adum-sationibus</strong></span> <span class='ocrx_word' id='word_1_181' title='bbox 2222 2549 2555 2626; x_wconf 86' lang='lat' dir='ltr'><strong>perterritos</strong></span> 
     </span>
     <span class='ocr_line' id='line_1_21' title="bbox 231 2652 2557 2730; baseline 0.002 -21"><span class='ocrx_word' id='word_1_182' title='bbox 231 2667 289 2709; x_wconf 72' lang='lat' dir='ltr'><strong>ao</strong></span> <span class='ocrx_word' id='word_1_183' title='bbox 305 2652 518 2713; x_wconf 87' lang='lat' dir='ltr'><strong>iterum</strong></span> <span class='ocrx_word' id='word_1_184' title='bbox 565 2653 705 2714; x_wconf 88' lang='lat' dir='ltr'><strong>fecit</strong></span> <span class='ocrx_word' id='word_1_185' title='bbox 754 2655 1014 2715; x_wconf 83' lang='lat' dir='ltr'><strong>ethnicos</strong></span> <span class='ocrx_word' id='word_1_186' title='bbox 1065 2654 1300 2715; x_wconf 89' lang='lat' dir='ltr'><strong>dicendo</strong></span> <span class='ocrx_word' id='word_1_187' title='bbox 1353 2656 1504 2729; x_wconf 85' lang='lat' dir='ltr'><strong>quod</strong></span> <span class='ocrx_word' id='word_1_188' title='bbox 1551 2655 1906 2728; x_wconf 82' lang='lat' dir='ltr'><strong>paenitentia</strong></span> <span class='ocrx_word' id='word_1_189' title='bbox 1943 2655 2235 2730; x_wconf 82' lang='lat' dir='ltr'><strong>lapsorum</strong></span> <span class='ocrx_word' id='word_1_190' title='bbox 2274 2671 2427 2713; x_wconf 80' lang='lat' dir='ltr'><strong>uana</strong></span> <span class='ocrx_word' id='word_1_191' title='bbox 2452 2670 2557 2714; x_wconf 88' lang='lat' dir='ltr'><strong>nec</strong></span> 
     </span>
     <span class='ocr_line' id='line_1_22' title="bbox 301 2756 2553 2832; baseline 0.002 -19"><span class='ocrx_word' id='word_1_192' title='bbox 301 2756 487 2828; x_wconf 87' lang='lat' dir='ltr'><strong>possit</strong></span> <span class='ocrx_word' id='word_1_193' title='bbox 515 2756 598 2815; x_wconf 86' lang='lat' dir='ltr'><strong>eis</strong></span> <span class='ocrx_word' id='word_1_194' title='bbox 626 2756 900 2832; x_wconf 87' lang='lat' dir='ltr'><strong>proficere</strong></span> <span class='ocrx_word' id='word_1_195' title='bbox 930 2758 1004 2817; x_wconf 87' lang='lat' dir='ltr'><strong>ad</strong></span> <span class='ocrx_word' id='word_1_196' title='bbox 1043 2756 1306 2831; x_wconf 84' lang='lat' dir='ltr'><strong>salutem,</strong></span> <span class='ocrx_word' id='word_1_197' title='bbox 1359 2758 1641 2817; x_wconf 83' lang='lat' dir='ltr'><strong>clamante</strong></span> <span class='ocrx_word' id='word_1_198' title='bbox 1683 2758 1967 2830; x_wconf 88' lang='lat' dir='ltr'><strong>scriptura</strong></span> <span class='ocrx_word' id='word_1_199' title='bbox 2009 2760 2069 2817; x_wconf 84' lang='lat' dir='ltr'><strong>et</strong></span> <span class='ocrx_word' id='word_1_200' title='bbox 2112 2758 2366 2817; x_wconf 87' lang='lat' dir='ltr'><strong>dicente:</strong></span> <span class='ocrx_word' id='word_1_201' title='bbox 2422 2772 2553 2817; x_wconf 90' lang='lat' dir='ltr'><strong>me-</strong></span> 
     </span>
     <span class='ocr_line' id='line_1_23' title="bbox 301 2859 2556 2935; baseline 0.002 -18"><span class='ocrx_word' id='word_1_202' title='bbox 301 2860 540 2917; x_wconf 89' lang='lat' dir='ltr'><strong>mento</strong></span> <span class='ocrx_word' id='word_1_203' title='bbox 610 2861 796 2919; x_wconf 89' lang='lat' dir='ltr'><strong>unde</strong></span> <span class='ocrx_word' id='word_1_204' title='bbox 867 2860 1234 2921; x_wconf 86' lang='lat' dir='ltr'><strong>excideris</strong></span> <span class='ocrx_word' id='word_1_205' title='bbox 1291 2862 1364 2920; x_wconf 88' lang='lat' dir='ltr'><strong>et</strong></span> <span class='ocrx_word' id='word_1_206' title='bbox 1433 2876 1562 2935; x_wconf 82' lang='lat' dir='ltr'><strong>age</strong></span> <span class='ocrx_word' id='word_1_207' title='bbox 1634 2859 2217 2933; x_wconf 75' lang='lat' dir='ltr'><strong>paenitentiam</strong></span> <span class='ocrx_word' id='word_1_208' title='bbox 2282 2860 2345 2919; x_wconf 90' lang='lat' dir='ltr'><strong>si</strong></span> <span class='ocrx_word' id='word_1_209' title='bbox 2420 2877 2556 2935; x_wconf 88' lang='lat' dir='ltr'><strong>quo</strong></span> 
     </span>
     <span class='ocr_line' id='line_1_24' title="bbox 300 2960 2556 3039; baseline 0.002 -21"><span class='ocrx_word' id='word_1_210' title='bbox 300 2960 567 3035; x_wconf 86' lang='lat' dir='ltr'><strong>minus,</strong></span> <span class='ocrx_word' id='word_1_211' title='bbox 622 2963 906 3022; x_wconf 89' lang='lat' dir='ltr'><strong>ueniam</strong></span> <span class='ocrx_word' id='word_1_212' title='bbox 954 2963 1128 3036; x_wconf 90' lang='lat' dir='ltr'><strong>tibi,</strong></span> <span class='ocrx_word' id='word_1_213' title='bbox 1193 2963 1344 3023; x_wconf 85' lang='lat' dir='ltr'><strong>nisi</strong></span> <span class='ocrx_word' id='word_1_214' title='bbox 1394 2964 1931 3037; x_wconf 84' lang='lat' dir='ltr'><strong>paenitentiam</strong></span> <span class='ocrx_word' id='word_1_215' title='bbox 1986 2964 2249 3037; x_wconf 82' lang='lat' dir='ltr'><strong>egeris.</strong></span> <span class='ocrx_word' id='word_1_216' title='bbox 2311 2965 2373 3023; x_wconf 90' lang='lat' dir='ltr'><strong>et</strong></span> <span class='ocrx_word' id='word_1_217' title='bbox 2430 2964 2556 3039; x_wconf 85' lang='lat' dir='ltr'><strong>qui-</strong></span> 
     </span>
     <span class='ocr_line' id='line_1_25' title="bbox 301 3063 2557 3141; baseline 0.002 -20"><span class='ocrx_word' id='word_1_218' title='bbox 301 3063 432 3122; x_wconf 89' lang='lat' dir='ltr'><strong>dem</strong></span> <span class='ocrx_word' id='word_1_219' title='bbox 473 3065 548 3123; x_wconf 90' lang='lat' dir='ltr'><strong>ad</strong></span> <span class='ocrx_word' id='word_1_220' title='bbox 589 3068 811 3139; x_wconf 84' lang='lat' dir='ltr'><strong>septem</strong></span> <span class='ocrx_word' id='word_1_221' title='bbox 851 3066 1122 3126; x_wconf 82' lang='lat' dir='ltr'><strong>ecclesias</strong></span> <span class='ocrx_word' id='word_1_222' title='bbox 1173 3065 1428 3127; x_wconf 86' lang='lat' dir='ltr'><strong>scribens</strong></span> <span class='ocrx_word' id='word_1_223' title='bbox 1481 3066 1729 3141; x_wconf 79' lang='lat' dir='ltr'><strong>singulis</strong></span> <span class='ocrx_word' id='word_1_224' title='bbox 1771 3083 1875 3126; x_wconf 84' lang='lat' dir='ltr'><strong>sua</strong></span> <span class='ocrx_word' id='word_1_225' title='bbox 1916 3082 2171 3141; x_wconf 81' lang='lat' dir='ltr'><strong>quaeque</strong></span> <span class='ocrx_word' id='word_1_226' title='bbox 2214 3067 2468 3127; x_wconf 77' lang='lat' dir='ltr'><strong>facinora</strong></span> <span class='ocrx_word' id='word_1_227' title='bbox 2495 3070 2557 3127; x_wconf 91' lang='lat' dir='ltr'><strong>et</strong></span> 
     </span>
     <span class='ocr_line' id='line_1_26' title="bbox 229 3166 2555 3244; baseline 0.001 -17"><span class='ocrx_word' id='word_1_228' title='bbox 229 3185 287 3227; x_wconf 70' lang='lat' dir='ltr'><strong>ss</strong></span> <span class='ocrx_word' id='word_1_229' title='bbox 304 3166 518 3227; x_wconf 86' lang='lat' dir='ltr'><strong>delicta</strong></span> <span class='ocrx_word' id='word_1_230' title='bbox 557 3166 828 3242; x_wconf 80' lang='lat' dir='ltr'><strong>ingerens</strong></span> <span class='ocrx_word' id='word_1_231' title='bbox 867 3168 1239 3243; x_wconf 77' lang='lat' dir='ltr'><strong>paenitemini</strong></span> <span class='ocrx_word' id='word_1_232' title='bbox 1274 3168 1518 3231; x_wconf 81' lang='lat' dir='ltr'><strong>dicebat.</strong></span> <span class='ocrx_word' id='word_1_233' title='bbox 1571 3168 1779 3244; x_wconf 85' lang='lat' dir='ltr'><strong>quibus</strong></span> <span class='ocrx_word' id='word_1_234' title='bbox 1794 3172 1823 3228; x_wconf 66' lang='grc' dir='ltr'><strong>ἓ</strong></span> <span class='ocrx_word' id='word_1_235' title='bbox 1856 3169 1971 3229; x_wconf 81' lang='lat' dir='ltr'><strong>nisi</strong></span> <span class='ocrx_word' id='word_1_236' title='bbox 1999 3168 2119 3229; x_wconf 83' lang='lat' dir='ltr'><strong>mis</strong></span> <span class='ocrx_word' id='word_1_237' title='bbox 2162 3169 2384 3229; x_wconf 82' lang='lat' dir='ltr'><strong>scilicet</strong></span> <span class='ocrx_word' id='word_1_238' title='bbox 2411 3186 2555 3244; x_wconf 84' lang='lat' dir='ltr'><strong>quos</strong></span> 
     </span>
     <span class='ocr_line' id='line_1_27' title="bbox 298 3269 1534 3347; baseline 0.001 -17"><span class='ocrx_word' id='word_1_239' title='bbox 298 3269 485 3343; x_wconf 89' lang='lat' dir='ltr'><strong>pretio</strong></span> <span class='ocrx_word' id='word_1_240' title='bbox 515 3287 719 3345; x_wconf 79' lang='lat' dir='ltr'><strong>magno</strong></span> <span class='ocrx_word' id='word_1_241' title='bbox 749 3270 840 3331; x_wconf 89' lang='lat' dir='ltr'><strong>sui</strong></span> <span class='ocrx_word' id='word_1_242' title='bbox 869 3272 1166 3347; x_wconf 82' lang='lat' dir='ltr'><strong>sanguinis</strong></span> <span class='ocrx_word' id='word_1_243' title='bbox 1199 3272 1534 3332; x_wconf 84' lang='lat' dir='ltr'><strong>redemerat.</strong></span> 
     </span>
    </p>
   </div>
   <div class='ocr_carea' id='block_1_4' title="bbox 297 3581 2552 3739">
    <p class='ocr_par' dir='ltr' id='par_1_4' title="bbox 297 3581 2552 3739">
     <span class='ocr_line' id='line_1_28' title="bbox 440 3581 2552 3650; baseline 0.002 -15"><span class='ocrx_word' id='word_1_244' title='bbox 440 3582 470 3635; x_wconf 92' lang='lat'>1</span> <span class='ocrx_word' id='word_1_245' title='bbox 508 3582 595 3636; x_wconf 70' lang='lat' dir='ltr'><strong>Pa.</strong></span> <span class='ocrx_word' id='word_1_246' title='bbox 631 3582 682 3646; x_wconf 84' lang='lat'><strong>9,</strong></span> <span class='ocrx_word' id='word_1_247' title='bbox 718 3582 768 3637; x_wconf 77' lang='lat'><strong>7.</strong></span> <span class='ocrx_word' id='word_1_248' title='bbox 809 3581 888 3635; x_wconf 93' lang='lat'><strong>11.</strong></span> <span class='ocrx_word' id='word_1_249' title='bbox 1027 3584 1063 3636; x_wconf 81' lang='lat'><strong>2</strong></span> <span class='ocrx_word' id='word_1_250' title='bbox 1095 3582 1292 3637; x_wconf 77' lang='lat' dir='ltr'><strong>Matth.</strong></span> <span class='ocrx_word' id='word_1_251' title='bbox 1331 3582 1380 3647; x_wconf 77' lang='lat'><strong>7,</strong></span> <span class='ocrx_word' id='word_1_252' title='bbox 1415 3582 1467 3636; x_wconf 86' lang='lat'><strong>2.</strong></span> <span class='ocrx_word' id='word_1_253' title='bbox 1604 3584 1642 3638; x_wconf 82' lang='lat'>4</span> <span class='ocrx_word' id='word_1_254' title='bbox 1675 3583 1805 3641; x_wconf 88' lang='lat'>110.</span> <span class='ocrx_word' id='word_1_255' title='bbox 1842 3584 1893 3648; x_wconf 82' lang='lat'><strong>2,</strong></span> <span class='ocrx_word' id='word_1_256' title='bbox 1931 3583 2013 3638; x_wconf 93' lang='lat'><strong>11.</strong></span> <span class='ocrx_word' id='word_1_257' title='bbox 2154 3584 2223 3639; x_wconf 86' lang='lat'><strong>14</strong></span> <span class='ocrx_word' id='word_1_258' title='bbox 2244 3583 2333 3638; x_wconf 77' lang='lat' dir='ltr'><strong>Ez.</strong></span> <span class='ocrx_word' id='word_1_259' title='bbox 2359 3582 2443 3650; x_wconf 86' lang='lat'><strong>33,</strong></span> <span class='ocrx_word' id='word_1_260' title='bbox 2468 3584 2552 3639; x_wconf 85' lang='lat'><strong>12.</strong></span> 
     </span>
     <span class='ocr_line' id='line_1_29' title="bbox 297 3668 739 3739; baseline -0.005 -16"><span class='ocrx_word' id='word_1_261' title='bbox 297 3668 366 3723; x_wconf 81' lang='lat'><strong>21</strong></span> <span class='ocrx_word' id='word_1_262' title='bbox 404 3670 566 3739; x_wconf 82' lang='lat' dir='ltr'><strong>Apoc.</strong></span> <span class='ocrx_word' id='word_1_263' title='bbox 603 3668 654 3733; x_wconf 82' lang='lat'><strong>2,</strong></span> <span class='ocrx_word' id='word_1_264' title='bbox 689 3668 739 3723; x_wconf 87' lang='lat'><strong>5.</strong></span> 
     </span>
    </p>
   </div>
   <div class='ocr_carea' id='block_1_5' title="bbox 295 3940 2557 4443">
    <p class='ocr_par' dir='ltr' id='par_1_5' title="bbox 295 3940 2557 4443">
     <span class='ocr_line' id='line_1_30' title="bbox 440 3940 2495 4013; baseline 0.001 -18"><span class='ocrx_word' id='word_1_265' title='bbox 440 3942 468 3995; x_wconf 89' lang='lat'>1</span> <span class='ocrx_word' id='word_1_266' title='bbox 505 3940 682 4010; x_wconf 85' lang='lat' dir='ltr'><strong>perdit</strong></span> <span class='ocrx_word' id='word_1_267' title='bbox 713 3958 747 3997; x_wconf 86' lang='lat' dir='ltr'><strong><em>v</em></strong></span> <span class='ocrx_word' id='word_1_268' title='bbox 1042 3943 1077 3997; x_wconf 86' lang='lat'><strong>2</strong></span> <span class='ocrx_word' id='word_1_269' title='bbox 1111 3960 1218 3998; x_wconf 87' lang='lat' dir='ltr'><strong>non</strong></span> <span class='ocrx_word' id='word_1_270' title='bbox 1253 3959 1352 3998; x_wconf 86' lang='lat' dir='ltr'><strong>om.</strong></span> <span class='ocrx_word' id='word_1_271' title='bbox 1391 3943 1458 3997; x_wconf 99' lang='lat' dir='ltr'><strong><em>K</em></strong></span> <span class='ocrx_word' id='word_1_272' title='bbox 1758 3944 1793 3997; x_wconf 89' lang='lat'><strong>3</strong></span> <span class='ocrx_word' id='word_1_273' title='bbox 1828 3960 1931 4013; x_wconf 89' lang='lat' dir='ltr'><strong>quo</strong></span> <span class='ocrx_word' id='word_1_274' title='bbox 1966 3959 2103 3999; x_wconf 79' lang='lat' dir='ltr'><strong>corr.</strong></span> <span class='ocrx_word' id='word_1_275' title='bbox 2139 3943 2203 3999; x_wconf 73' lang='lat' dir='ltr'><strong>in</strong></span> <span class='ocrx_word' id='word_1_276' title='bbox 2237 3959 2393 4012; x_wconf 86' lang='lat' dir='ltr'><strong>quem</strong></span> <span class='ocrx_word' id='word_1_277' title='bbox 2428 3943 2495 3997; x_wconf 88' lang='lat' dir='ltr'><strong><em>K</em></strong></span> 
     </span>
     <span class='ocr_line' id='line_1_31' title="bbox 297 4026 2494 4099; baseline 0.001 -19"><span class='ocrx_word' id='word_1_278' title='bbox 297 4026 474 4083; x_wconf 87' lang='lat' dir='ltr'><strong>iudico</strong></span> <span class='ocrx_word' id='word_1_279' title='bbox 511 4030 630 4095; x_wconf 76' lang='lat' dir='ltr'><strong>qui..</strong></span> <span class='ocrx_word' id='word_1_280' title='bbox 667 4027 734 4081; x_wconf 99' lang='lat' dir='ltr'><strong><em>K</em></strong></span> <span class='ocrx_word' id='word_1_281' title='bbox 760 4044 786 4081; x_wconf 86' lang='lat' dir='ltr'><strong>s</strong></span> <span class='ocrx_word' id='word_1_282' title='bbox 822 4044 962 4083; x_wconf 77' lang='lat' dir='ltr'><strong>eras.</strong></span> <span class='ocrx_word' id='word_1_283' title='bbox 1101 4029 1348 4099; x_wconf 84' lang='lat' dir='ltr'><strong>iudicari]</strong></span> <span class='ocrx_word' id='word_1_284' title='bbox 1386 4029 1714 4084; x_wconf 83' lang='lat' dir='ltr'><strong>iudicabitur</strong></span> <span class='ocrx_word' id='word_1_285' title='bbox 1749 4030 1815 4083; x_wconf 90' lang='lat' dir='ltr'><strong><em>K</em></strong></span> <span class='ocrx_word' id='word_1_286' title='bbox 1949 4031 1985 4084; x_wconf 86' lang='lat'>5</span> <span class='ocrx_word' id='word_1_287' title='bbox 2011 4032 2175 4099; x_wconf 76' lang='lat' dir='ltr'><strong>prius</strong></span> <span class='ocrx_word' id='word_1_288' title='bbox 2196 4033 2255 4083; x_wconf 89' lang='lat' dir='ltr'><strong>et</strong></span> <span class='ocrx_word' id='word_1_289' title='bbox 2289 4046 2389 4085; x_wconf 86' lang='lat' dir='ltr'><strong>om.</strong></span> <span class='ocrx_word' id='word_1_290' title='bbox 2428 4029 2494 4083; x_wconf 90' lang='lat' dir='ltr'><strong><em>K</em></strong></span> 
     </span>
     <span class='ocr_line' id='line_1_32' title="bbox 298 4112 2486 4183; baseline 0.001 -17"><span class='ocrx_word' id='word_1_291' title='bbox 298 4112 330 4165; x_wconf 77' lang='lat'>7</span> <span class='ocrx_word' id='word_1_292' title='bbox 367 4114 652 4167; x_wconf 81' lang='lat' dir='ltr'><strong>sceleratus</strong></span> <span class='ocrx_word' id='word_1_293' title='bbox 689 4116 744 4167; x_wconf 88' lang='lat' dir='ltr'><strong>et</strong></span> <span class='ocrx_word' id='word_1_294' title='bbox 777 4132 812 4169; x_wconf 82' lang='lat' dir='ltr'><strong><em>v</em></strong></span> <span class='ocrx_word' id='word_1_295' title='bbox 1087 4115 1392 4183; x_wconf 85' lang='lat' dir='ltr'><strong>perditurus</strong></span> <span class='ocrx_word' id='word_1_296' title='bbox 1429 4116 1495 4169; x_wconf 90' lang='lat' dir='ltr'><strong><em>K</em></strong></span> <span class='ocrx_word' id='word_1_297' title='bbox 1521 4116 1619 4171; x_wconf 77' lang='lat' dir='ltr'><strong>sed</strong></span> <span class='ocrx_word' id='word_1_298' title='bbox 1654 4133 1797 4173; x_wconf 77' lang='lat' dir='ltr'><strong>corr.</strong></span> <span class='ocrx_word' id='word_1_299' title='bbox 2002 4146 2009 4153; x_wconf 86' lang='lat'><strong>·</strong></span> <span class='ocrx_word' id='word_1_300' title='bbox 2062 4115 2131 4171; x_wconf 87' lang='lat'><strong>10</strong></span> <span class='ocrx_word' id='word_1_301' title='bbox 2164 4116 2367 4171; x_wconf 86' lang='lat' dir='ltr'><strong>honora</strong></span> <span class='ocrx_word' id='word_1_302' title='bbox 2402 4116 2469 4169; x_wconf 91' lang='lat' dir='ltr'><strong><em>K</em></strong></span> <span class='ocrx_word' id='word_1_303' title='bbox 2470 4118 2486 4145; x_wconf 85' lang='lat'><em>²</em></span> 
     </span>
     <span class='ocr_line' id='line_1_33' title="bbox 297 4199 2557 4271; baseline 0.002 -19"><span class='ocrx_word' id='word_1_304' title='bbox 297 4199 365 4252; x_wconf 93' lang='grc'><strong>11</strong></span> <span class='ocrx_word' id='word_1_305' title='bbox 401 4200 770 4255; x_wconf 83' lang='lat' dir='ltr'><strong>corroborauit</strong></span> <span class='ocrx_word' id='word_1_306' title='bbox 805 4200 871 4254; x_wconf 91' lang='lat' dir='ltr'><strong><em>K</em></strong></span> <span class='ocrx_word' id='word_1_307' title='bbox 1094 4202 1163 4256; x_wconf 83' lang='lat'><strong>12</strong></span> <span class='ocrx_word' id='word_1_308' title='bbox 1197 4203 1429 4271; x_wconf 81' lang='lat' dir='ltr'><strong>cainam]</strong></span> <span class='ocrx_word' id='word_1_309' title='bbox 1466 4202 1703 4257; x_wconf 88' lang='lat' dir='ltr'><strong>carinam</strong></span> <span class='ocrx_word' id='word_1_310' title='bbox 1740 4203 1824 4267; x_wconf 90' lang='lat' dir='ltr'><strong>K,</strong></span> <span class='ocrx_word' id='word_1_311' title='bbox 1864 4204 2109 4257; x_wconf 81' lang='lat' dir='ltr'><strong>caninam</strong></span> <span class='ocrx_word' id='word_1_312' title='bbox 2144 4219 2199 4267; x_wconf 71' lang='grc' dir='ltr'><strong>υς</strong></span> <span class='ocrx_word' id='word_1_313' title='bbox 2248 4203 2557 4257; x_wconf 65' lang='lat' dir='ltr'><strong>emendavit</strong></span> 
     </span>
     <span class='ocr_line' id='line_1_34' title="bbox 297 4275 2495 4356; baseline 0 -16"><span class='ocrx_word' id='word_1_314' title='bbox 297 4288 570 4341; x_wconf 59' lang='lat' dir='ltr'><strong>Erasinus</strong></span> <span class='ocrx_word' id='word_1_315' title='bbox 785 4288 854 4341; x_wconf 83' lang='lat'><strong>15</strong></span> <span class='ocrx_word' id='word_1_316' title='bbox 887 4303 1007 4340; x_wconf 87' lang='lat' dir='ltr'><strong>eum</strong></span> <span class='ocrx_word' id='word_1_317' title='bbox 1043 4286 1116 4350; x_wconf 88' lang='lat' dir='ltr'><strong>K,</strong></span> <span class='ocrx_word' id='word_1_318' title='bbox 1155 4288 1203 4340; x_wconf 87' lang='lat' dir='ltr'><strong>ei</strong></span> <span class='ocrx_word' id='word_1_319' title='bbox 1237 4304 1289 4355; x_wconf 83' lang='lat' dir='ltr'><strong>v;</strong></span> <span class='ocrx_word' id='word_1_320' title='bbox 1327 4290 1398 4354; x_wconf 79' lang='lat' dir='ltr'><strong>cl.</strong></span> <span class='ocrx_word' id='word_1_321' title='bbox 1435 4289 1584 4356; x_wconf 76' lang='lat' dir='ltr'><strong>App.</strong></span> <span class='ocrx_word' id='word_1_322' title='bbox 1621 4291 1705 4355; x_wconf 85' lang='lat'><strong>57,</strong></span> <span class='ocrx_word' id='word_1_323' title='bbox 1742 4293 1808 4343; x_wconf 88' lang='lat'><strong>16</strong></span> <span class='ocrx_word' id='word_1_324' title='bbox 2026 4290 2092 4343; x_wconf 90' lang='lat'><strong>16</strong></span> <span class='ocrx_word' id='word_1_325' title='bbox 2128 4314 2199 4343; x_wconf 65' lang='lat' dir='ltr'>n</span> <span class='ocrx_word' id='word_1_326' title='bbox 2221 4275 2393 4343; x_wconf 64' lang='lat' dir='ltr'><strong>cinere</strong></span> <span class='ocrx_word' id='word_1_327' title='bbox 2428 4288 2495 4341; x_wconf 90' lang='lat' dir='ltr'><strong><em>K</em></strong></span> 
     </span>
     <span class='ocr_line' id='line_1_35' title="bbox 295 4372 2554 4443; baseline 0.001 -18"><span class='ocrx_word' id='word_1_328' title='bbox 295 4373 596 4441; x_wconf 87' lang='lat' dir='ltr'><strong>poeniteret</strong></span> <span class='ocrx_word' id='word_1_329' title='bbox 617 4389 652 4426; x_wconf 83' lang='lat' dir='ltr'><strong><em>v</em></strong></span> <span class='ocrx_word' id='word_1_330' title='bbox 877 4372 942 4425; x_wconf 82' lang='lat'><strong>17</strong></span> <span class='ocrx_word' id='word_1_331' title='bbox 979 4372 1209 4443; x_wconf 85' lang='lat' dir='ltr'><strong>facilius]</strong></span> <span class='ocrx_word' id='word_1_332' title='bbox 1248 4372 1459 4428; x_wconf 84' lang='lat' dir='ltr'><strong>felicius</strong></span> <span class='ocrx_word' id='word_1_333' title='bbox 1492 4374 1623 4440; x_wconf 78' lang='lat' dir='ltr'><strong>fort.</strong></span> <span class='ocrx_word' id='word_1_334' title='bbox 1842 4373 1913 4428; x_wconf 86' lang='lat'><strong>20</strong></span> <span class='ocrx_word' id='word_1_335' title='bbox 1946 4374 2149 4429; x_wconf 85' lang='lat' dir='ltr'><strong>etnicos</strong></span> <span class='ocrx_word' id='word_1_336' title='bbox 2174 4374 2239 4427; x_wconf 87' lang='lat' dir='ltr'><strong><em>K</em></strong></span> <span class='ocrx_word' id='word_1_337' title='bbox 2461 4389 2554 4443; x_wconf 83' lang='lat' dir='ltr'><strong>ap·</strong></span> 
     </span>
    </p>
   </div>
   <div class='ocr_carea' id='block_1_6' title="bbox 297 4458 2496 4528">
    <p class='ocr_par' dir='ltr' id='par_1_6' title="bbox 297 4458 2496 4528">
     <span class='ocr_line' id='line_1_36' title="bbox 297 4458 2496 4528; baseline 0.003 -18"><span class='ocrx_word' id='word_1_338' title='bbox 297 4472 478 4511; x_wconf 85' lang='lat' dir='ltr'><strong>sorum</strong></span> <span class='ocrx_word' id='word_1_339' title='bbox 501 4458 576 4511; x_wconf 82' lang='lat' dir='ltr'><strong>sit</strong></span> <span class='ocrx_word' id='word_1_340' title='bbox 599 4474 632 4513; x_wconf 85' lang='lat' dir='ltr'><strong><em>v</em></strong></span> <span class='ocrx_word' id='word_1_341' title='bbox 835 4458 906 4511; x_wconf 83' lang='lat'><strong>23</strong></span> <span class='ocrx_word' id='word_1_342' title='bbox 927 4459 1098 4527; x_wconf 83' lang='lat' dir='ltr'><strong>egerit</strong></span> <span class='ocrx_word' id='word_1_343' title='bbox 1122 4460 1206 4511; x_wconf 83' lang='lat' dir='ltr'><strong>K·</strong></span> <span class='ocrx_word' id='word_1_344' title='bbox 1422 4460 1493 4513; x_wconf 81' lang='lat'><strong>24</strong></span> <span class='ocrx_word' id='word_1_345' title='bbox 1529 4476 1735 4528; x_wconf 84' lang='lat' dir='ltr'><strong>quoque</strong></span> <span class='ocrx_word' id='word_1_346' title='bbox 1770 4478 1803 4515; x_wconf 89' lang='lat' dir='ltr'><strong><em>v</em></strong></span> <span class='ocrx_word' id='word_1_347' title='bbox 2008 4460 2076 4515; x_wconf 90' lang='grc'><strong>26</strong></span> <span class='ocrx_word' id='word_1_348' title='bbox 2113 4460 2393 4515; x_wconf 86' lang='lat' dir='ltr'><strong>redimeret</strong></span> <span class='ocrx_word' id='word_1_349' title='bbox 2429 4461 2496 4516; x_wconf 90' lang='lat' dir='ltr'><strong><em>K</em></strong></span> 
     </span>
    </p>
   </div>
   <div class='ocr_carea' id='block_1_7' title="bbox 3193 3568 3199 4490">
    <p class='ocr_par' dir='ltr' id='par_1_7' title="bbox 3193 3568 3199 4490">
     <span class='ocr_line' id='line_1_37' title="bbox 3193 3568 3199 4490; baseline 0 0"><span class='ocrx_word' id='word_1_350' title='bbox 3193 3568 3199 4490; x_wconf 95' lang='lat' dir='ltr'><strong> </strong></span> 
     </span>
    </p>
   </div>
  </div>
 </body>
</html>
