3217 5150
601 526 728 592 238
1549 514 1915 584 Appendix.

605 686 818 744 stolus:
883 679 1334 753 stipendium
1377 676 1671 751 peccati
1716 692 1903 734 mors
1948 676 2077 733 est.
2145 688 2289 745 quae
2348 672 2541 731 mors?
2587 667 2857 741 corporis,

606 805 775 861 quam
807 784 984 843 solam
1036 782 1332 842 minitatur
1385 786 1444 840 et
1490 781 1703 842 inferre
1754 781 1944 853 potest
1994 780 2272 851 tyrannus
2304 776 2471 834 homo
2491 777 2518 833 ἲ
2580 788 2711 845 non,
2758 771 2857 831 sed

601 908 750 950 mors
773 891 1062 963 gehennae
1087 904 1230 961 quae
1253 886 1419 943 finem
1443 884 1645 943 nescit.
1682 884 1811 957 plus
1835 883 2026 956 potest
2048 880 2213 939 homo
2237 883 2517 953 tyrannus
2540 894 2709 951 quam
2732 876 2858 936 dia-

607 993 791 1053 bolus.
825 990 926 1049 ille
956 988 1359 1064 quodammodo
1391 987 1544 1060 cogit
1573 985 1821 1046 hominis
1852 986 2134 1056 naturam,
2181 982 2276 1068 hip
2304 980 2453 1041 nihil
2482 978 2640 1039 aliud
2668 981 2859 1053 potest

603 1113 776 1169 quam
804 1093 1142 1153 sollicitare:
1190 1091 1406 1151 deicere
1451 1108 1564 1149 non
1593 1092 1783 1163 potest
1813 1087 1927 1147 nisi
1956 1085 2291 1149 assentiaris
2310 1129 2325 1156 ‚
2370 1082 2737 1144 contemsisse
2766 1082 2855 1141 ui-
2876 1098 2900 1137 5

600 1200 746 1259 cisse
777 1202 885 1256 est.

511 1298 592 1359 26
697 1302 878 1361 Maior
907 1301 1097 1374 itaque
1127 1298 1294 1359 uenia
1323 1298 1560 1357 debetur
1589 1294 1879 1355 Christum
1908 1296 1969 1353 in
1999 1293 2295 1355 tormentis
2336 1292 2647 1366 abneganti
2688 1308 2858 1367 quam

603 1408 804 1479 sponte
847 1402 1188 1463 assentienti
1231 1398 1464 1460 diabolo
1480 1446 1494 1472 ,
1550 1399 1645 1459 cui
1688 1399 1995 1459 credidisse
2042 1402 2133 1458 est
2182 1397 2469 1472 Christum
2518 1398 2855 1471 abnegasse.

598 1507 696 1568 ille
727 1510 970 1567 mendax
999 1509 1088 1565 est
1117 1508 1176 1566 et
1205 1504 1388 1563 omnis
1417 1504 1697 1565 mendacii
1728 1505 1912 1577 pater,
1964 1506 2023 1561 et
2052 1498 2208 1561 illius
2240 1497 2520 1575 promissa
2550 1502 2854 1573 quantum-

571 1628 834 1686 ·cumque
887 1610 1072 1671 fronte
1122 1608 1489 1668 blandiantur
1537 1606 1683 1667 nihil
1728 1606 1886 1667 aliud
1930 1608 2064 1665 sunt
2106 1622 2275 1681 quam
2304 1605 2651 1681 praestigiae
2680 1604 2851 1679 pelli-
2874 1620 2926 1659 ιο

601 1716 816 1777 cientes
860 1716 920 1773 in
951 1714 1202 1774 exitium.
1251 1729 1321 1771 ne
1352 1712 1481 1785 quis
1507 1713 1699 1785 itaque
1728 1710 1813 1771 sic
1842 1709 1955 1769 sibi
1986 1709 2341 1769 blandiatur:
2386 1697 2537 1769 ‘sum
2568 1714 2853 1785 peccator,

602 1924 829 1982 deditus
869 1940 996 1981 sum
1041 1922 1462 1995 uoluptatibus:
1511 1920 1613 1979 sed
1642 1918 1931 1977 Christum
1976 1934 2089 1977 non
2118 1902 2439 1991 abnegaui'.
2490 1920 2552 1977 at
2581 1918 2857 1977 reclamat
2920 1950 2927 1965 ·

603 2026 711 2085 tibi
742 2025 1018 2084 Dominus
1049 2024 1200 2099 ipse:
1233 2042 1367 2083 non
1397 2026 1602 2097 potes
1650 2024 1825 2081 duos
1870 2021 2187 2081 dominos
2234 2020 2491 2080 colere.
2538 2024 2597 2079 et
2626 2020 2854 2083 interim

601 2132 800 2189 horres
845 2128 1280 2189 abominandum
1321 2127 1594 2187 turificati
1637 2130 1741 2185 aut
1778 2125 2027 2185 libellati
2058 2141 2367 2199 cognomen
2390 2169 2404 2197 ,
2457 2125 2576 2197 ipse
2609 2126 2855 2185 fortasse
2878 2140 2926 2177 1⁵

601 2232 902 2293 turificatis
931 2234 1030 2291 aut
1059 2232 1335 2291 libellatis
1366 2231 1632 2291 deterior.
1666 2230 1796 2289 illos
1828 2230 2107 2289 humanus
2136 2232 2322 2288 metus
2354 2228 2653 2289 uiolentior
2682 2246 2855 2303 quam

603 2338 667 2395 ut
695 2336 942 2397 hominis
984 2339 1190 2395 natura
1244 2335 1429 2410 possit
1477 2335 1704 2395 uincere
1733 2351 1799 2396 eo
1830 2333 2137 2407 compulit,
2190 2336 2257 2390 ut
2286 2333 2491 2407 impias
2524 2350 2691 2393 uoces
2722 2348 2853 2406 pro·

603 2443 761 2499 mant
809 2440 1010 2513 lingua
1059 2441 1404 2499 reclamante
1456 2437 1835 2499 conscientia:
1882 2439 1948 2496 tu
2000 2439 2117 2495 tam
2172 2436 2277 2495 uili
2324 2436 2646 2497 mercedula
2690 2436 2852 2497 solli-

601 2542 812 2606 citatus
863 2548 1066 2618 sponte
1120 2544 1312 2605 deficis
1365 2544 1438 2602 ad
1489 2560 1619 2603 eum
1636 2589 1649 2615 ,
1704 2560 1739 2601 a
1780 2541 1941 2601 cuius
1988 2540 2289 2616 tyrannide
2340 2542 2399 2600 te
2446 2539 2709 2600 Christus
2754 2558 2855 2605 suo

601 2649 878 2722 sanguine
907 2649 1178 2709 redemit:
1226 2648 1386 2710 cuius
1417 2648 1529 2706 iam
1559 2651 1716 2706 totus
1746 2663 1809 2706 es
1838 2647 2027 2706 factus
2047 2691 2061 2718 ,
2112 2647 2579 2720 quemadmodum
2609 2647 2695 2706 ait
2722 2663 2853 2719 apo-
2878 2658 2931 2698 2⁰

599 2752 814 2812 stolus:
885 2753 1056 2810 emti
1115 2752 1307 2810 estis
1369 2751 1609 2824 pretio
1672 2767 1957 2824 magno,
2026 2753 2097 2808 et
2150 2749 2286 2809 iam
2330 2766 2467 2808 non
2508 2749 2697 2810 estis
2740 2767 2855 2810 ue-

601 2856 764 2914 stri.
811 2855 979 2914 huius
1025 2854 1292 2914 militiam
1333 2853 1627 2928 professus
1659 2854 1825 2930 esad
1854 2849 2109 2914 salutare
2138 2854 2447 2925 lauacrum,
2482 2853 2617 2912 huic
2646 2853 2861 2912 dedisti

603 2975 822 3030 nomen,
855 2958 1026 3017 huius
1057 2957 1426 3016 sacramentis
1458 2956 1723 3016 initiatus
1754 2973 1834 3028 es,
1884 2956 2157 3030 accepisti
2200 2956 2532 3016 donatiuum
2562 2960 2623 3016 et
2650 2957 2859 3032 pignus

600 3061 858 3134 spiritus,
907 3070 1000 3120 ne'
1021 3061 1158 3135 quid
1202 3061 1494 3119 dubitares
1539 3060 1608 3118 de
1659 3060 1938 3134 promisso
1984 3060 2286 3134 stipendio,
2320 3060 2603 3134 simulque
2632 3059 2857 3120 diabolo

599 3163 951 3223 denuntiasti
1001 3167 1306 3237 perpetuas
1349 3162 1699 3235 inimicitias,
1757 3163 2103 3222 renunciasti
2152 3163 2414 3224 omnibus
2442 3163 2601 3222 illius
2634 3164 2857 3238 pompis
2878 3178 2927 3218 as

599 3286 666 3328 ac
695 3267 1110 3342 uoluptatibus,
1161 3265 1500 3338 exsufflasti,
1557 3266 1897 3339 exsibilasti,
1952 3267 2159 3328 iurasti
2194 3268 2255 3327 in
2288 3269 2463 3328 uerba
2491 3269 2859 3330 redemtoris:

605 3387 843 3446 eumque
874 3374 963 3431 tot
994 3370 1154 3432 uitiis
1187 3372 1428 3443 seruias,
1477 3371 1585 3431 tibi
1616 3371 1807 3445 places
1837 3371 1989 3445 quod
2018 3372 2265 3432 nondum
2296 3371 2375 3435 sis
2406 3372 2727 3432 turifieatus
2760 3376 2862 3434 aut

603 3474 915 3536 libellatus,

495 3576 575 3633 27
683 3578 743 3637 Si
789 3579 917 3652 quis
968 3579 1133 3638 'miles
1183 3579 1406 3639 iuratus
1449 3579 1510 3638 in
1563 3579 1741 3639 uerba
1770 3579 2031 3640 Caesaris
2060 3580 2389 3654 profugeret
2420 3581 2495 3640 ad
2526 3579 2769 3639 'furcam
2802 3581 2862 3640 et

601 3699 670 3740 ex
715 3681 873 3742 illius
921 3683 1156 3742 arbitrio
1197 3683 1412 3744 faceret
1447 3700 1520 3744 ea
1551 3699 1697 3758 quae
1728 3683 1903 3742 sciret
1932 3683 2325 3757 ingratissima
2354 3683 2581 3744 Caesari
2598 3729 2613 3756 ,
2673 3698 2859 3746 noune
2879 3699 2931 3738 ω

599 3787 1033 3860 comprehensus
1078 3789 1148 3846 ad
1195 3787 1540 3861 supplicium
1591 3790 1890 3860 raperetur
1919 3789 1985 3845 ut
2031 3785 2305 3858 desertor,
2360 3789 2427 3846 ut
2454 3787 2737 3860 periurus,
2792 3791 2859 3850 ut

597 3890 840 3963 perfuga
858 3894 886 3948 ⁴?
945 3890 1072 3964 quis
1123 3893 1315 3950 autem
1367 3890 1592 3952 audiret
1643 3907 1771 3950 eum
1820 3889 1906 3950 ita
1966 3906 2028 3949 se
2092 3889 2487 3954 defendentem
2542 3878 2679 3952 ‘non
2730 3909 2859 3952 sum

599 3991 884 4066 desertor,
929 4011 1044 4053 non
1087 3993 1370 4068 abnegaui
1417 3977 1757 4054 Gaesarem'.
1810 4009 1999 4052 annon
2042 4011 2171 4054 mox
2212 3994 2437 4056 audiret
2492 3985 2653 4068 ‘quid
2683 3995 2861 4056 refert

601 4093 654 4152 si
681 4094 881 4169 lingua
907 4096 1088 4156 tacuit
1103 4101 1130 4156 'i’
1175 4113 1238 4156 re
1261 4098 1389 4171 ipsa
1417 4097 1749 4170 abnegasti,
1778 4098 1838 4157 et
1878 4097 2181 4171 plusquam
2222 4096 2548 4172 abnegasti,
2600 4098 2700 4172 qui
2742 4117 2855 4160 non

600 4198 784 4259 solum
830 4199 1146 4260 deserueris
1190 4200 1455 4261 militiam
1471 4245 1485 4273 ‚
1533 4217 1732 4260 uerum
1762 4200 1933 4260 etiam
1964 4201 2040 4260 ad
2069 4204 2374 4277 tyrannum
2404 4205 2463 4260 et
2492 4203 2714 4261 hostem
2742 4203 2853 4262 im·
2876 4219 2931 4258 aa

735 4445 765 4496 1
803 4443 954 4498 Rom.
992 4445 1043 4510 6,
1077 4445 1163 4499 23.
1327 4447 1334 4458 '
1370 4446 1436 4498 14
1470 4443 1669 4499 Matth.
1705 4446 1757 4547 6‘,
1793 4445 1879 4500 24.
2101 4446 2167 4500 21
2206 4445 2233 4500 Ι
2272 4446 2391 4502 Cor.
2428 4447 2476 4510 6,
2514 4445 2599 4499 20.
