3217 5150
1006 525 1350 579 Aduersus
1397 522 1687 578 Iudaeos
1735 539 1779 576 c.
1814 524 1965 578 5-6.
2404 544 2409 547 ·
2491 529 2612 591 139

353 672 488 743 nam
519 686 578 742 et
622 684 806 743 caecis
850 684 1042 745 oculos
1091 684 1348 744 restituit
1390 686 1450 743 et
1477 683 1671 742 clodos
1702 682 1996 743 ambulare
2026 682 2164 742 fecit
2193 686 2252 742 et
2281 683 2456 743 mutis
2488 698 2611 742 ser-

353 804 576 846 monem
628 787 878 846 reddidit
920 790 980 847 et
1022 788 1341 847 maculosos
1388 786 1725 845 emundauit
1771 788 1829 846 et
1856 788 2111 845 mortuos
2142 785 2461 845 suscitauit.
2507 803 2612 845 nec

357 890 614 949 timeatis
661 890 759 965 qui
802 891 1105 966 peccastis,
1167 891 1386 964 priores
1415 890 1489 950 ad
1518 890 1700 948 uitam
1728 890 1945 961 uenite,
1978 906 2083 949 nec
2111 889 2210 963 qui
2239 888 2609 949 homicidium

359 992 562 1053 fecerit
609 996 821 1067 paueat
866 995 1003 1067 quia
1030 994 1264 1066 fecerat,
1317 1012 1422 1053 nec
1451 992 1678 1052 furatus
1708 992 1899 1052 aliena
1927 993 2191 1065 desperet
2220 992 2356 1065 quia
2382 992 2606 1051 inuola-

313 1120 340 1157 5
361 1098 530 1155 uerat
548 1141 564 1168 ,
635 1112 741 1155 nec
797 1097 1140 1171 publicanus
1217 1096 1417 1157 timeat
1474 1095 1610 1169 quia
1668 1096 2050 1155 concusserat.
2140 1094 2401 1153 omnibus
2460 1094 2609 1153 onim

355 1199 618 1258 remissio
667 1202 1029 1273 peccatorum
1059 1202 1284 1259 statuta
1313 1203 1420 1271 est,
1477 1202 1536 1258 et
1565 1199 1716 1258 tales
1748 1198 2023 1258 Dominus
2052 1198 2343 1256 desiderat
2370 1197 2606 1257 humili-

355 1304 480 1361 tate
532 1302 784 1364 abiectos
817 1306 893 1387 ⁴et
949 1303 1136 1377 specie
1189 1304 1484 1362 indecoros
1532 1305 1590 1362 et
1634 1300 1965 1361 ualetudine
1996 1300 2209 1360 fractos
2240 1301 2301 1358 et
2330 1301 2611 1359 seruitute

359 1404 675 1477 depressos.
723 1405 879 1464 beati
925 1404 1076 1465 enim
1124 1408 1182 1463 et
1225 1406 1464 1478 gloriosi
1510 1408 1569 1465 et
1613 1403 1901 1479 magnifici
1930 1405 1987 1462 et
2015 1404 2279 1477 potentes
2310 1404 2370 1461 et
2398 1402 2613 1462 diuites

359 1509 420 1566 et
461 1507 640 1567 fortes
691 1508 998 1568 noluerunt
1049 1508 1411 1584 adquiescere
1464 1509 1703 1570 Domino
1754 1524 1934 1582 neque
1980 1507 2215 1568 introire
2262 1507 2323 1565 in
2374 1505 2607 1580 nuptias

289 1636 346 1675 ιο
365 1610 594 1685 sponsi,
636 1628 904 1685 sponsum
935 1612 1169 1685 insuper
1219 1612 1622 1687 indignissime
1667 1613 2048 1685 peremerunt.
2094 1612 2395 1685 propterea
2423 1609 2617 1670 factus

331 1767 334 1774 .
359 1713 450 1772 est
476 1713 796 1772 altissimus
829 1714 1067 1788 quisque
1095 1732 1287 1774 eorum
1311 1696 1729 1775 humilissimus
1761 1716 1819 1774 et
1846 1713 2198 1773 fortissimus
2227 1712 2519 1773 inualidus
2548 1716 2607 1772 et

355 1816 609 1889 prudens
641 1816 856 1875 stultus
887 1818 946 1875 et
973 1816 1185 1878 nobilis
1208 1850 1268 1881 ιι*
1301 1820 1360 1876 et
1389 1817 1552 1877 diues
1575 1816 1973 1891 pauperrimus
2002 1818 2061 1875 et
2082 1816 2248 1876 heres
2278 1816 2608 1875 abdicatus:

358 1919 626 1993 quoniam
676 1920 902 1993 quidem
950 1920 1062 1993 ipsi
1105 1922 1518 1981 abdicauerunt
1567 1936 1763 1993 regem
1804 1920 2287 1979 modestissimum
2337 1922 2397 1977 et
2448 1918 2607 1977 beni-

357 2022 698 2097 gnissimum
729 2022 983 2083 dicentes
1024 2012 1376 2097 ‘ignoramus
1407 2023 1505 2096 qui
1535 2022 1617 2081 sit
1645 2022 1741 2080 hic
1762 2068 1776 2095 ,
1806 2040 1921 2083 non
1950 2022 2101 2082 enim
2134 2025 2223 2082 est
2251 2038 2349 2083 rex
2378 2025 2609 2081 noster:

291 2147 344 2187 1⁵
362 2125 642 2184 habemus
659 2124 834 2183 alium
851 2141 1044 2199 regem
1062 2114 1396 2187 Caesarem’.
1418 2127 1719 2200 propterea
1734 2127 1985 2185 habeant
1999 2142 2165 2201 quem
2182 2125 2610 2185 intimauerunt.

360 2230 503 2288 tunc
545 2229 812 2304 conpleta
851 2232 940 2289 est
979 2231 1312 2305 prophetiae
1357 2248 1470 2291 uox
1515 2248 1661 2305 quae
1690 2230 1976 2305 praedixit
2003 2230 2159 2289 illis:
2205 2248 2287 2289 uo
2302 2246 2331 2288 s
2372 2247 2413 2287 n
2428 2230 2545 2288 olu
2558 2227 2610 2287 i-

358 2332 504 2390 stis
569 2350 826 2406 aquam
891 2332 1164 2394 Siloam
1229 2351 1412 2408 quae
1484 2334 1695 2393 uadit
1768 2333 2109 2405 silentio,
2186 2334 2307 2392 sed
2380 2332 2610 2407 magis

355 2434 714 2494 uoluistis
781 2453 1033 2509 aquam
1094 2438 1466 2497 Raassom.
1535 2439 1988 2512 quapropter
2067 2437 2331 2496 induco
2397 2435 2613 2495 uobis

354 2553 594 2612 regem
648 2538 1124 2613 Assyriorum
1169 2540 1290 2615 qui
1351 2542 1639 2602 montes
1704 2542 1991 2601 uestros
2048 2539 2122 2598 in
2162 2540 2452 2613 planum
2496 2538 2612 2596 da·

281 2641 472 2704 nobit
515 2643 586 2702 et
629 2640 994 2702 introibit
1048 2646 1294 2704 terras
1354 2635 1667 2704 uestras.
1742 2646 1915 2717 atque
1972 2644 2057 2702 ita
2116 2641 2329 2702 factum
2388 2643 2494 2712 est,
2555 2642 2613 2699 et

357 2745 694 2819 repudiatus
729 2745 880 2805 enim
911 2745 1178 2806 Christus
1207 2745 1414 2821 populo
1445 2746 1606 2804 misit
1633 2749 1939 2821 tyrannum
1970 2762 2137 2819 quem
2158 2745 2481 2816 uoluerunt,
2514 2744 2613 2816 qui

360 2848 632 2908 ciuitates
663 2865 858 2908 eorum
889 2849 1068 2908 diruit
1095 2850 1156 2908 et
1181 2849 1406 2924 plebem
1436 2849 1795 2923 captiuitatis
1816 2865 2007 2909 eorum
2033 2847 2326 2907 damnauit
2345 2849 2404 2908 et
2428 2846 2617 2921 spolia

495 3083 561 3136 14
595 3082 666 3135 cf.
706 3080 786 3135 10.
824 3083 906 3146 19,
945 3082 1028 3136 15.
1239 3083 1304 3136 16
1341 3083 1428 3137 Es.
1464 3084 1516 3147 8,
1551 3082 1584 3136 e
1622 3101 1702 3152 sq.
1794 3139 1801 3146 ,

489 3322 518 3375 1
557 3322 772 3379 claudos
806 3341 840 3379 υ
1125 3324 1160 3378 2
1195 3325 1517 3394 maculosos]
1552 3325 1787 3394 leprosos
1827 3325 1873 3396 Q
2160 3324 2446 3379 mandauit
2488 3327 2539 3379 T

347 3409 464 3478 neo]
500 3425 567 3464 ne
601 3425 634 3464 υ
863 3410 897 3464 3
931 3410 1120 3464 timete
1156 3412 1210 3465 B
1437 3411 1669 3480 peccatis
1708 3412 1813 3482 ΩΤ
2038 3413 2157 3466 uita
2197 3413 2247 3465 T
2484 3412 2601 3479 nec]

343 3511 414 3549 ne
449 3495 505 3548 B
741 3495 778 3550 4
812 3495 1018 3564 fecerit]
1057 3496 1253 3550 fecerat
1292 3496 1396 3567 ΘΤ
1622 3497 1767 3567 quia]
1804 3513 1941 3566 quae
1981 3497 2036 3551 B
2274 3513 2445 3566 neque
2480 3497 2537 3550 B

343 3579 580 3650 disperet
612 3581 777 3651 BQT
985 3581 1362 3636 inuolauerant
1401 3582 1488 3652 ρ’,
1524 3582 1877 3636 inuolaueran
1924 3585 1985 3648 T,
2025 3598 2134 3636 non
2170 3581 2449 3635 uolauerat
2484 3583 2541 3636 B

341 3667 380 3720 5
413 3681 460 3718 ο.
500 3666 660 3736 enim]
699 3666 940 3720 omnium
976 3667 1032 3720 B
1315 3668 1350 3722 6
1386 3656 1480 3721 ᾶιῖὶ
1515 3667 1821 3722 desiderant
1859 3669 1963 3739 ΩΤ
2233 3667 2600 3722 humilitatem

343 3751 507 3822 BQT
682 3752 716 3805 9
751 3753 806 3806 et
839 3751 1010 3806 fortes
1045 3767 1145 3807 om.
1184 3753 1256 3816 Β,
1292 3753 1458 3807 fortes
1496 3753 1601 3823 ΩΤ
1784 3753 1853 3806 10
1886 3753 2067 3821 sponsi
2104 3769 2357 3822 sponsum
2392 3755 2617 3821 scripsi

343 3852 596 3906 sponsum
634 3837 804 3907 BQT,
843 3839 1022 3906 sponsi
1059 3853 1092 3892 v
1420 3840 1487 3892 12
1521 3839 1730 3894 nobiles
1772 3841 1833 3902 T,
1872 3837 2070 3893 nobilis
2104 3837 2363 3908 ignobilis
2396 3839 2530 3904 fort.

340 3925 398 3977 et
431 3923 800 3991 pauperrimus
834 3922 889 3975 B
1097 3924 1165 3977 14
1198 3926 1308 3994 qui]
1348 3925 1470 3992 quis
1505 3925 1590 3989 M,
1628 3924 1756 3993 quid
1796 3923 1843 3996 Q
2050 3925 2117 3979 15
2150 3924 2353 3979 habent
2387 3925 2531 3994 BQv

343 4007 741 4062 intimauerunt
774 4009 991 4077 scripsi,
1028 4008 1290 4062 timerunt
1325 4011 1388 4075 T,
1421 4011 1733 4080 petiuerunt
1768 4010 1909 4079 BQv
2176 4011 2241 4065 17
2277 4011 2443 4066 undet
2480 4011 2529 4083 Q

339 4093 648 4148 silentiosae
689 4094 735 4164 Q
899 4094 966 4147 18
999 4092 1253 4148 uoluistis
1293 4097 1363 4148 Τι
1521 4112 1761 4150 raassom
1799 4097 1913 4167 ΩΤ,
1952 4112 2139 4151 raason
2176 4097 2247 4162 B,
2283 4097 2456 4152 rassin
2492 4115 2525 4152 υ

339 4194 504 4248 quam
535 4181 753 4248 propter
791 4179 838 4250 Q
853 4181 924 4234 'T
1104 4181 1172 4234 19
1206 4180 1376 4250 dabit]
1417 4181 1543 4235 dani
1584 4183 1637 4236 T
1818 4183 1889 4237 20
1922 4182 2178 4236 introiuit
2210 4183 2337 4238 MT
2512 4199 2603 4236 ue-

340 4267 482 4320 stras
515 4281 616 4320 om.
656 4265 708 4320 T
889 4268 944 4318 et
979 4281 1080 4320 om.
1117 4283 1152 4320 v
1317 4267 1387 4322 21
1423 4267 1732 4336 repudiatus
1768 4271 1851 4322 est
1888 4268 1937 4339 Q
2097 4283 2129 4322 a
2162 4269 2361 4338 populo
2398 4267 2535 4339 BQv

337 4351 410 4404 22
442 4349 642 4404 disruit
677 4351 734 4404 B
975 4351 1286 4419 captiuitati
1323 4351 1394 4420 B,
1433 4353 1783 4423 captiuitates
1824 4355 1885 4419 T,
1926 4353 2245 4423 captiuitate
2276 4371 2310 4408 v
2514 4371 2601 4408 eo-

333 4451 458 4490 rum
493 4451 594 4491 om.
633 4435 722 4491 Bv
931 4437 988 4490 et
1021 4451 1120 4491 om.
1158 4437 1233 4491 M
1263 4438 1400 4504 (eaeh.
1445 4437 1514 4509 Q)
