3217 5150
916 532 1007 585 De
1041 531 1304 601 duplici
1339 532 1672 603 martyrio
1708 548 1752 587 c.
1788 467 2010 589 3⁶5-38.
2457 535 2587 603 245

310 746 320 757 .
415 690 651 751 Ethnici
677 694 886 766 putant
913 692 1110 765 plures
1139 708 1264 752 esse
1295 692 1450 765 deos,
1495 694 1555 751 et
1585 692 2071 771 hoc-tibimideris
2099 693 2385 770 perfectus
2415 693 2580 754 Chri·
2603 694 2687 755 3⁷

329 794 581 868 arianus,
612 778 764 871 quod
789 812 1124 870 persuasum
1151 794 1330 855 habes
1361 812 1542 855 unum
1576 810 1703 855 esse
1734 794 1917 857 Deum
1930 800 1959 857 ἓ
2009 798 2147 873 quid
2174 798 2369 875 magni
2398 795 2585 859 facis?

327 898 486 959 idem
513 897 754 957 credunt
783 898 981 958 Iudaei
1010 897 1110 972 qui
1138 897 1392 972 quotidie
1420 898 1821 972 blasphemant
1843 898 1905 957 in
1926 900 2235 975 synagogis
2258 902 2411 961 suis:
2436 902 2587 961 idem

327 1004 571 1068 credunt
594 1003 894 1062 daemones
911 1003 971 1061 et
989 999 1444 1061 contremiscunt.
1463 1000 1515 1061 si
1531 1017 1668 1061 uere
1680 1001 1865 1063 credis
1884 1002 1947 1061 in
1964 1001 2165 1077 Deum,
2190 1004 2354 1064 crede
2374 1004 2585 1065 iustum

287 1124 314 1164 s
329 1109 390 1169 et
399 1124 690 1167 ueracem:
717 1105 932 1165 iustum
947 1104 1008 1163 in
1021 1104 1446 1165 remunerandis
1467 1104 1579 1179 piis
1599 1106 1659 1163 et
1677 1104 1979 1180 puniendis
2000 1105 2211 1180 impiis,
2242 1123 2502 1169 ueracem
2522 1108 2583 1167 in

331 1209 647 1286 promissis.
675 1209 838 1270 crede
849 1225 963 1268 non
973 1224 1097 1268 esse
1111 1222 1270 1283 spem
1282 1206 1508 1281 salutis,
1537 1206 1651 1267 nisi
1674 1224 1775 1282 per
1785 1205 1965 1267 fllium
1986 1207 2108 1269 eius
2121 1224 2291 1284 quem
2302 1226 2403 1285 pro
2418 1211 2583 1271 nobis

331 1314 596 1376 omnibus
623 1311 866 1372 tradidit
893 1311 956 1371 in
985 1312 1255 1371 mortem:
1287 1311 1450 1371 crede
1473 1310 1622 1370 nihil
1652 1311 1905 1371 accidere
1934 1312 2073 1371 mali
2095 1328 2263 1387 posse
2288 1312 2361 1372 iis
2390 1313 2493 1388 qui
2521 1330 2583 1374 se

329 1420 485 1479 totos
514 1415 675 1475 illius
695 1413 984 1474 uoluntati
1013 1413 1374 1475 tradiderunt
1399 1415 1458 1473 et
1486 1412 1549 1472 in
1570 1412 1673 1474 illo
1698 1417 2082 1488 perseueraut.
2115 1415 2223 1477 hoc
2244 1418 2336 1475 est
2358 1415 2584 1477 credere

330 1520 394 1581 in
421 1520 606 1580 Deum
633 1519 876 1593 patrem,
930 1518 1038 1577 hoc
1087 1520 1180 1577 est
1231 1516 1458 1591 credere
1509 1516 1572 1576 in
1613 1516 1797 1577 fllium
1825 1518 1967 1591 eius,
2012 1518 2121 1579 hoc
2148 1520 2237 1579 est
2266 1519 2494 1580 credere
2522 1518 2585 1578 in

260 1639 312 1679 ιο
331 1624 610 1701 Spiritum
640 1624 918 1693 sanctum,
949 1638 1125 1681 unum
1154 1621 1336 1681 Deum
1363 1623 1424 1681 et
1445 1620 1743 1682 ecclesiam
1763 1624 2020 1682 sanctam
2042 1610 2345 1698 inysticum
2368 1620 2582 1683 Christi

327 1728 572 1803 corpus:
591 1727 754 1786 extra
781 1741 951 1800 quam
971 1742 1096 1785 non
1125 1728 1217 1785 est
1246 1724 1404 1785 salus
1431 1725 1495 1784 et
1535 1724 1596 1785 in
1627 1740 1742 1800 qua
1768 1740 1881 1785 non
1912 1727 2004 1785 est
2032 1725 2333 1801 pernicies.

416 1829 688 1905 Quisquis
717 1828 780 1888 in
809 1827 919 1887 tali
946 1830 1112 1903 petra
1137 1827 1311 1903 pedes
1333 1826 1510 1887 animi
1537 1826 1744 1901 fixerit,
1776 1828 2051 1889 aduersus
2081 1846 2276 1890 omnes
2306 1831 2579 1891 tentatio-
2600 1827 2683 1888 38

325 1952 468 1995 num
495 1934 759 1994 incursus
788 1932 971 1992 stabit
999 1930 1326 1992 immobilis.
1356 1930 1603 2007 exempli
1632 1931 1851 2007 gratia:
1883 1932 2185 1993 lacessitus
2214 1948 2277 1993 es
2306 1930 2581 2007 conuicio,

327 2036 592 2113 suggerit
622 2035 732 2096 tibi
783 2052 911 2097 caro
956 2034 1244 2095 uindictae
1297 2034 1689 2109 cupiditatem.
1720 2036 2054 2113 priusquam
2082 2036 2445 2111 respondeas,
2500 2037 2583 2097 sic

255 2160 311 2200 ιε
330 2141 524 2217 cogita
551 2142 771 2201 tecum=
816 2139 971 2200 hunc
1013 2138 1354 2200 maledicum
1382 2138 1668 2200 hominem
1698 2138 2035 2199 subornauit
2079 2139 2343 2199 diabolus
2386 2142 2453 2199 ut
2493 2155 2583 2199 me

325 2244 562 2307 deiiciat
591 2260 658 2305 ac
689 2243 970 2304 deiectum
997 2243 1223 2317 perdat,
1255 2241 1356 2303 sed
1385 2242 1650 2303 ausculta
1677 2240 1815 2318 quid
1844 2243 2081 2303 suadeat
2110 2242 2419 2317 imperator
2448 2245 2583 2301 tuus

327 2348 426 2409 cui
453 2346 704 2407 militast
733 2345 969 2420 beati,
1001 2344 1211 2420 inquit,
1243 2345 1482 2420 mites,
1513 2346 1853 2421 quoniam
1895 2345 2046 2421 ipsi
2089 2345 2583 2421 possidebunt

326 2454 624 2524 terram,
689 2452 778 2510 et:
836 2464 990 2511 mea
1031 2451 1146 2509 est
1209 2448 1583 2522 uindicta,
1654 2452 1725 2509 et
1777 2465 1909 2523 ego
1950 2449 2377 2510 retribuam.
2444 2449 2585 2523 quid

329 2554 572 2616 suadeat
613 2553 962 2615 fortissimus
1012 2553 1113 2613 ille
1159 2551 1376 2613 Christi
1427 2553 1541 2613 dux
1592 2551 1839 2617 Paulus:
1899 2569 2039 2613 non
2080 2550 2582 2629 nosmetipsos

251 2659 844 2730 ”uindicantem
911 2657 1322 2734 carissimi,
1391 2656 1516 2717 sed
1577 2649 1772 2716 datex
1802 2654 2033 2716 locum
2076 2656 2250 2716 irae.
2318 2655 2579 2718 diabolus

329 2763 506 2822 dicit:
549 2749 763 2822 ‘fruere
805 2761 1062 2821 uindicta
1091 2762 1151 2820 et
1179 2761 1354 2834 perde
1382 2760 1560 2819 uitam
1589 2742 1921 2820 aeternam’.
1983 2759 2137 2820 Deus
2166 2758 2337 2819 dicit:
2394 2747 2581 2820 ‘uince

325 2867 392 2927 in
415 2868 562 2928 bono
591 2865 821 2937 malum,
853 2868 914 2924 et
933 2862 1056 2924 noli
1087 2863 1354 2922 resistere
1383 2863 1552 2935 malo,
1584 2866 1644 2923 et
1672 2863 1868 2936 accipe
1896 2879 2023 2922 cum
2052 2861 2170 2923 filio
2200 2879 2324 2922 meo
2352 2879 2578 2936 posses-

327 2971 549 3031 sionem
577 2968 743 3043 regni
773 2955 1072 3028 coelestis’.
1103 2983 1232 3026 mox
1263 2966 1496 3040 dispice,
1529 2967 1648 3026 utri
1668 2965 1859 3041 potius
1881 2965 2145 3041 expediat
2174 2965 2579 3040 obtemperare.

325 3074 471 3134 dicit
499 3072 610 3132 tibi
637 3089 740 3146 per
769 3069 1284 3145 concupiscentiam
1337 3071 1495 3129 tuam
1555 3069 1846 3130 diabolus:
1908 3057 2228 3130 ‘moechare
2278 3071 2339 3129 et
2390 3069 2579 3132 fruere

244 3189 304 3233 π
325 3177 670 3252 temporaria
689 3175 939 3250 corporis
963 3175 1278 3248 uoluptate,
1305 3175 1365 3234 et
1383 3175 1504 3234 esto
1523 3189 1685 3233 meus
1706 3189 1905 3232 seruus
1922 3175 1982 3232 et
2000 3173 2231 3233 coheres
2250 3163 2577 3248 gehennae?

325 3281 464 3341 audi
493 3279 686 3355 potius
716 3279 853 3353 quid
883 3279 1038 3338 dicat
1066 3277 1176 3338 tibi
1207 3278 1392 3338 Deus:
1433 3267 1661 3351 ‘sperne
1704 3276 2108 3352 temporariam
2137 3276 2493 3350 uoluptatem
2520 3279 2580 3337 et

319 3385 516 3459 accipe
545 3382 874 3457 centuplum
904 3383 1084 3443 bonae
1113 3382 1492 3442 eonscientiae
1519 3379 1793 3456 gaudium
1824 3381 1885 3440 in
1916 3380 2024 3440 hoc
2052 3381 2280 3442 saeculo
2309 3381 2369 3440 et
2396 3381 2579 3440 uitam

319 3490 614 3548 aeternam
644 3485 704 3545 in
725 3475 958 3558 futuro',
993 3487 1052 3545 et
1073 3485 1325 3558 expende
1354 3483 1474 3543 utri
1503 3481 1696 3557 potius
1726 3484 1804 3542 sit
1826 3483 2283 3544 auscultandum.
2317 3481 2579 3556 suggerit

321 3589 433 3650 tibi
462 3607 566 3664 per
597 3589 785 3648 carnis
814 3589 1084 3649 affectum
1114 3588 1296 3647 ueluti
1327 3602 1429 3662 per
1457 3587 1639 3646 Euam
1670 3589 1903 3646 satanas
1926 3576 2079 3646 ‘uiue
2108 3569 2455 3660 genialiter',
2508 3601 2578 3645 ex

241 3693 566 3754 eoaduerso
597 3691 740 3753 dicit
771 3691 1066 3751 Christus:
1111 3691 1313 3751 beati
1342 3689 1469 3765 qui
1497 3689 1795 3764 lugent,
1844 3688 2182 3776 quoniam
2225 3687 2373 3762 ipsi
2418 3703 2581 3746 con-

321 3796 768 3857 solationem
814 3794 1210 3870 accipient.
1258 3796 1332 3855 ad
1359 3795 1597 3854 eundem
1647 3793 1873 3853 modum
1903 3792 1973 3852 de
2004 3791 2211 3852 ceteris
2238 3789 2579 3850 tentationi·
2682 3859 2699 3871 ·

323 3900 437 3959 bus
496 3898 678 3960 obiice
727 3898 1005 3959 tentatori
1053 3897 1296 3972 clipeum
1327 3897 1763 3972 scripturarum,
1818 3895 1879 3954 in
1932 3894 2140 3968 quibus
2186 3893 2297 3953 tibi
2324 3893 2581 3967 loquitur

320 4001 476 4062 Deus
507 4019 622 4063 non
650 4001 868 4062 minore
899 4000 1028 4073 fide,
1061 4017 1229 4074 quam
1261 3999 1313 4060 si
1341 4000 1452 4061 tibi
1482 4017 1673 4061 coram
1702 4014 1799 4058 ere
1828 3998 1901 4058 ad
1932 4015 1997 4058 os
2018 3997 2369 4071 loqueretur.
2400 4014 2471 4058 ex
2484 3996 2579 4056 his

317 4103 675 4166 torrentibus
698 4122 856 4164 sume
881 4105 989 4164 tibi
1009 4103 1248 4178 lapideS,
1280 4104 1488 4179 quibus
1511 4101 1749 4163 deiicias
1774 4102 2082 4176 superbum
2112 4099 2363 4161 Goliath.
2398 4101 2579 4160 habes

237 4231 298 4272 «τε.
321 4208 643 4282 exemplum
671 4226 707 4268 a
729 4207 968 4268 Domino
999 4209 1117 4281 tuo,
1151 4206 1235 4267 sic
1263 4207 1362 4266 ille
1387 4205 1700 4281 prostrauit
1722 4205 2039 4266 diabolumt
2064 4221 2167 4266 nec
2189 4202 2577 4264 deficias-ani·

457 4461 526 4516 17
561 4460 758 4516 Matth.
794 4461 844 4527 5,
879 4461 928 4516 4.
1258 4461 1327 4515 18
1361 4461 1518 4515 Dent.
1554 4459 1641 4524 32,
1674 4458 1744 4514 35
2081 4457 2149 4512 19
2184 4457 2333 4512 Rom.
2371 4456 2453 4522 12,
2492 4455 2578 4512 19.

309 4549 388 4606 30
423 4547 621 4604 Matth.
659 4549 708 4613 5,
744 4549 794 4603 4.
2128 4567 2137 4582 ·
