3217 5150
710 523 830 585 114
1653 515 2018 585 Appendix.

701 676 898 735 taliter
926 691 1088 735 mons
1119 675 1252 735 Sion
1281 692 1420 735 crux
1448 678 1540 735 est
1567 693 1715 749 quae
1744 679 1837 736 est
1865 676 2053 737 uirtus
2084 676 2191 737 Dei
2214 677 2474 752 apostolo
2496 678 2677 739 Paulo
2698 678 2961 739 dicente:

702 797 874 839 crux
919 778 1206 839 Christi
1261 796 1399 838 non
1453 780 1931 840 credentibus
1975 781 2327 841 stultitia
2368 786 2521 855 est,
2589 783 2963 843 credenti-

701 884 832 943 bus
878 886 1114 944 autem
1157 883 1404 945 uirtus
1447 884 1578 943 Dei
1620 900 1795 943 crux
1836 886 1969 957 est,
2014 884 2311 944 etiterum
2338 884 2513 945 dicit:
2544 902 2673 946 nos
2716 888 2963 947 autem

699 988 1216 1050 adnuntiamus
1271 987 1478 1049 uobis
1523 988 1917 1061 Christum,
1982 991 2053 1047 et
2097 988 2285 1048 hunc
2326 987 2802 1062 crucifixum,
2850 990 2964 1050 In-

699 1093 906 1153 daeis
961 1094 1242 1167 quidem
1297 1091 1757 1163 scandalum,
1816 1092 2166 1166 gentibus
2220 1094 2462 1152 antem
2505 1092 3003 1155 stultitiam:s

699 1197 885 1271 ipsis
941 1200 1176 1257 autem
1237 1196 1508 1257 uocitis
1567 1196 1871 1255 Iudaeis
1924 1197 1996 1255 et
2064 1195 2368 1256 Graecis
2411 1196 2541 1256 Dei
2600 1197 2847 1257 uirtus
2890 1199 2965 1257 et

697 1302 828 1363 Dei
857 1300 1239 1377 sapientia.
1274 1301 1357 1359 sic
1385 1316 1584 1360 uerum
1614 1302 1675 1357 et
1696 1296 1842 1357 alius
1871 1298 2151 1372 propheta
2196 1298 2453 1359 declarat
2479 1299 2701 1374 lignum
2730 1301 2958 1375 passio-

695 1407 790 1467 nis
833 1406 1158 1467 Dominicae
1201 1420 1326 1463 esse
1366 1406 1615 1462 montem
1644 1402 1781 1462 Sion
1812 1404 2091 1475 sanctum,
2124 1402 2187 1460 in
2216 1402 2427 1477 spiritu
2455 1403 2539 1463 ita
2566 1404 2739 1465 dicit:
2786 1405 2913 1478 qui
2929 1424 2960 1466 s

697 1510 1048 1571 ascendet
1107 1508 1180 1566 in
1243 1509 1549 1567 montem
1616 1505 1929 1579 Domini,
1997 1507 2067 1565 et
2128 1506 2293 1581 quis
2355 1507 2599 1567 stabit
2658 1508 2730 1567 in
2792 1509 2957 1570 loco

696 1616 952 1674 sancto
997 1611 1200 1672 eius?
1257 1611 1606 1671 innocens
1652 1610 1985 1670 manibus
2029 1614 2099 1669 et
2142 1612 2399 1670 mundo
2444 1611 2654 1670 corde
2696 1612 3025 1677 dextram

695 1718 1056 1791 laeuaque
1121 1715 1460 1775 extensis
1539 1715 1780 1775 clauis
1846 1714 2031 1773 fixis
2108 1713 2609 1775 innocentiam
2669 1716 2955 1776 demon-

697 1827 964 1882 strans.
1027 1821 1154 1882 ideo
1209 1818 1350 1880 dicit
1392 1819 1663 1879 innocens
1706 1819 1969 1878 manibus
2012 1820 2071 1877 et
2112 1816 2357 1877 mundus
2400 1819 2584 1879 corde.
2654 1820 2775 1892 qui
2820 1836 2957 1879 non

695 1926 992 2000 accepit
1034 1926 1107 1984 in
1149 1942 1329 1985 uano
1387 1923 1694 1984 animam
1754 1939 1951 1983 snam
1994 1925 2067 1981 et
2108 1938 2247 1981 non
2302 1922 2587 1981 iurauit
2646 1922 2955 1984 subdole

693 2030 1012 2105 proximo
1056 2046 1200 2101 suo,
1245 2046 1281 2087 a
1324 2027 1627 2086 Domino
1673 2043 1797 2086 suo
1841 2026 1957 2086 hic
1998 2025 2321 2098 accipiet
2364 2024 2955 2086 benedictionem

693 2136 763 2193 et
805 2132 1390 2192 misericordiam
1419 2149 1454 2190 a
1483 2131 1627 2190 Deo
1674 2130 1996 2190 salutari
2040 2146 2185 2190 sue.
2232 2130 2415 2190 omnis
2440 2129 2629 2203 passio
2658 2132 3019 2191 hominumn

694 2239 755 2297 in
814 2241 970 2305 terra
1033 2238 1232 2311 cadet,
1275 2236 1418 2295 haec
1460 2235 1582 2295 sola
1627 2235 1818 2309 passio
1862 2233 2044 2293 crucis
2094 2237 2343 2293 stantem
2373 2236 2753 2294 demonstrat:
2802 2236 2953 2296 unde

695 2360 892 2403 uerum
923 2341 1162 2401 dicimus
1191 2343 1438 2401 montem
1469 2342 1732 2400 sanctum
1760 2338 1983 2412 lignum
2012 2354 2139 2397 esse
2170 2337 2473 2411 passionis.
2520 2337 2651 2396 inde
2682 2338 2955 2397 innocens

693 2445 955 2505 manibus
985 2448 1046 2504 et
1075 2444 1318 2503 mundus
1350 2445 1547 2504 corde:
1602 2442 1710 2502 hoc
1740 2442 1891 2501 dicto
1937 2441 2269 2515 prophetico
2300 2441 2540 2500 Iudaeos
2569 2441 2953 2515 redargueba:

691 2549 790 2624 qui
819 2550 1054 2625 Moysen
1093 2550 1444 2623 praeponent
1473 2546 1703 2606 Christo
1735 2544 1959 2606 domino
1990 2543 2167 2617 illius,
2198 2560 2265 2604 eo
2296 2544 2446 2618 quod
2476 2542 2704 2620 Moyses
2734 2560 2865 2604 cum
2886 2544 2951 2604 in

690 2657 940 2714 montem
971 2653 1108 2711 Sina
1139 2652 1509 2724 ascendisset,
1540 2653 1606 2710 ut
1635 2650 1820 2724 legem
1850 2648 2079 2708 Iudaeis
2110 2648 2413 2722 acciperet,
2458 2648 2725 2708 innocens
2755 2648 2944 2708 mani-
2966 2664 3016 2705 ιο

688 2758 798 2816 bus
848 2759 907 2817 et
953 2757 1162 2815 mundo
1214 2757 1380 2816 corde
1430 2773 1542 2815 non
1591 2755 1723 2813 fuit.
1782 2767 1889 2812 nec
1939 2769 2057 2812 ore·
2086 2753 2237 2812 enim
2288 2751 2533 2810 mundus
2589 2769 2695 2812 nec
2724 2780 2757 2814 ο
2778 2781 2811 2815 0
2842 2755 2949 2814 sed

689 2861 875 2933 corde,
899 2877 962 2920 eo
981 2859 1130 2934 quod
1153 2857 1498 2934 Aegyptium
1521 2859 1674 2918 calce
1696 2857 2045 2934 percusserit
2060 2856 2129 2934 ¹iu
2150 2855 2414 2930 Aegypto
2438 2857 2499 2912 et
2520 2853 2946 2915 mortiferatum

823 3110 858 3164 2
893 3110 922 3165 I
959 3111 1076 3166 Cor.
1115 3114 1162 3177 1,
1197 3111 1266 3165 23
1302 3127 1378 3179 sq.
1585 3111 1622 3165 8
1657 3108 1743 3163 Ps.
1781 3109 1864 3174 23,
1903 3110 1953 3164 3.
1990 3109 2037 3163 4.
2077 3109 2125 3163 5.

827 3334 858 3385 1
894 3333 1054 3402 paulo
1091 3349 1191 3388 om.
1231 3349 1264 3387 v
1503 3332 1768 3388 dicentem
1807 3334 1856 3388 T
2082 3334 2116 3387 3
2151 3349 2276 3387 crux
2312 3333 2486 3387 uirtus
2522 3332 2606 3386 dei
2643 3334 2726 3386 est
2760 3331 2873 3400 Μμ,

692 3425 725 3476 6
757 3421 965 3474 uocatis
1002 3439 1074 3490 μυ
1302 3423 1466 3475 crecis
1505 3422 1579 3475 Μ
1838 3421 1924 3474 dei
1960 3421 2134 3475 uirtus
2172 3438 2241 3474 cx
2276 3421 2539 3474 diuinitus
2576 3440 2615 3488 μ
2650 3437 2719 3473 m.
2758 3423 2815 3485 2,
2854 3420 2941 3474 dei

686 3509 948 3563 uirtutem
974 3527 1010 3563 v
1203 3509 1234 3563 7
1271 3509 1596 3578 sapientiam
1632 3526 1665 3564 v
1859 3523 2073 3563 euerum
2114 3508 2177 3573 T,
2214 3510 2290 3563 sic
2327 3523 2451 3562 uero
2486 3507 2593 3563 Μυ
2787 3509 2823 3562 8
2859 3507 2940 3562 di·

682 3611 807 3649 cens
843 3597 943 3664 μ’ν)
1145 3595 1180 3650 9
1215 3598 1269 3649 et
1306 3596 1445 3664 quis]
1483 3598 1580 3650 aut
1615 3596 1734 3666 quis
1770 3613 1803 3650 v
2034 3596 2101 3649 10
2134 3599 2190 3649 et
2225 3595 2423 3649 mundo
2461 3594 2614 3648 corde
2648 3611 2751 3648 om.
2790 3595 2873 3650 Τυ

681 3680 896 3736 dextera
929 3701 962 3738 v
1197 3683 1263 3736 11
1298 3683 1432 3736 fixus
1472 3703 1510 3752 μ
1742 3684 1811 3737 12
1845 3681 2043 3737 mundo
2080 3683 2183 3737 Μυ
2412 3681 2479 3735 13
2514 3679 2737 3736 subdolo
2782 3683 2871 3752 Τμ

685 3769 753 3823 14
788 3786 820 3822 a
853 3768 1066 3823 domino
1098 3775 1225 3838 poet
1260 3768 1685 3824 benedictionem
1721 3771 1861 3840 Μμυ
2094 3783 2189 3822 sno
2226 3783 2327 3822 om.
2362 3769 2475 3837 Μμ
2704 3768 2816 3838 hic]
2843 3798 2868 3828 a
2892 3768 2941 3820 is

684 3876 723 3925 μ.
760 3856 796 3910 h
834 3872 970 3911 erae.
1202 3857 1269 3912 15
1303 3857 1539 3910 salutare
1574 3857 1650 3911 M
1878 3857 1945 3911 16
1979 3859 2179 3910 terram
2219 3873 2293 3926 μυ
2530 3854 2707 3924 passio
2744 3855 2939 3924 erucis]

683 3943 946 4012 passionis
986 3943 1036 3997 T
1234 3944 1298 3997 17
1335 3960 1458 3998 uere
1494 3965 1533 4014 μ.
1569 3961 1598 3999 e
1634 3947 1699 4000 in
1732 3961 1861 4010 ras„
1898 3944 2122 3998 uerbum
2156 3943 2233 3997 Μ
2432 3943 2497 3998 18
2532 3941 2729 3995 mundo
2765 3942 2873 3998 Mv

684 4028 841 4082 cordo
878 4030 940 4080 M
1143 4030 1211 4084 19
1246 4035 1576 4100 praeponunt
1611 4049 1700 4102 μυ,
1735 4033 2110 4101 praemonente
2145 4031 2223 4085 Μ
2388 4029 2461 4082 20
2492 4030 2574 4097 nt]
2612 4031 2667 4082 et
2700 4030 2766 4080 ut
2800 4029 2876 4083 Μ

680 4115 750 4168 21
787 4117 842 4168 et
875 4115 1071 4170 mundo
1109 4117 1262 4172 corde
1297 4133 1398 4172 om.
1439 4117 1524 4188 Τμ
1662 4133 1758 4172 nec
1793 4133 1887 4172 nec
1922 4120 2005 4186 μ’,
2040 4133 2210 4185 neque
2244 4115 2316 4170 Μ
2461 4131 2550 4169 ore
2585 4131 2685 4170 om.
2724 4114 2869 4182 Μμυ

681 4200 827 4255 enim
861 4217 960 4256 om.
999 4223 1039 4273 μ
1322 4220 1418 4259 nec
1453 4203 1547 4258 sed
1581 4204 1736 4258 corde
1774 4204 1834 4269 T,
1872 4219 1971 4258 om.
2007 4203 2177 4273 Μμυ;
2212 4203 2346 4268 fort.
2381 4218 2479 4256 nec
2512 4217 2677 4255 manu
2711 4200 2807 4254 sed
2844 4217 2941 4255 nec

681 4287 836 4341 corde
1039 4290 1108 4344 22
1143 4289 1339 4344 calcem
1375 4291 1500 4345 MT
1699 4292 1989 4359 aegyptum
2025 4291 2097 4344 Μ
2297 4287 2693 4343 mortiferatum
2716 4289 2937 4358 scripsi,

679 4373 957 4428 mortifera
993 4391 1113 4430 cum
1149 4375 1276 4446 Tp),
1313 4377 1617 4431 mortiferat
1652 4393 1772 4432 cum
1797 4377 1882 4447 μ’,
1918 4375 2283 4432 mortiferauit
2318 4391 2439 4430 eum
2476 4391 2597 4430 cum
2620 4375 2705 4440 M,
2742 4375 2941 4430 morti-

679 4457 921 4514 ficauerit
957 4477 1075 4516 eum
1113 4465 1168 4516 et
1202 4479 1235 4516 υ
