3217 5150
572 513 698 580 378

642 665 793 734 quies
828 667 885 718 et
920 665 1083 720 timor
1115 667 1235 734 522,
1271 667 1367 733 17,
1402 667 1519 721 eius
1554 667 1694 721 uitia

640 749 779 802 quae
813 734 1200 803 grassabantur
1245 737 1369 790 ante
1404 735 1695 805 persecuti·

639 817 792 857 onem
828 803 946 869 240,
974 805 1039 858 13
1072 821 1099 858 a
1138 844 1151 857 .
1186 804 1371 874 populi
1406 805 1499 859 ali‘
1522 803 1697 858 nando

640 871 908 926 numerosi
927 819 1208 942 multisslex
1225 873 1501 928 lamentan
1538 889 1571 926 a
1588 874 1698 927 iac-

638 943 765 994 tura
814 943 899 994 est
943 942 1061 1010 239,
1100 943 1191 1008 16,
1226 943 1346 1008 241,
1386 943 1479 1008 18,
1530 941 1695 997 eoele-

640 1009 724 1064 sia
758 1025 852 1078 per
886 1009 1098 1080 lapsum
1128 1011 1455 1080 quorundam
1478 1011 1698 1081 presby-

637 1081 874 1134 terorum
911 1079 1153 1134 desolata
1175 1079 1293 1146 586,
1318 1083 1377 1146 8,
1412 1080 1543 1135 cleri
1577 1095 1697 1150 por·

636 1147 718 1202 tio
752 1147 904 1216 lapsa
938 1149 1057 1213 509,
1094 1147 1189 1214 10,
1234 1149 1415 1204 clerici
1450 1147 1698 1204 nonnulli

636 1219 965 1270 recesserunt
1010 1217 1128 1284 570,
1178 1216 1272 1283 14,
1306 1219 1541 1287 quinque
1574 1233 1696 1287 pre-

634 1285 845 1354 sbyteri
866 1287 1053 1340 contra
1078 1285 1405 1356 cyprianum
1428 1286 1698 1342 coniurati

635 1354 755 1418 591,
790 1354 825 1408 5
860 1369 938 1436 sq.
991 1370 1053 1410 ea
1098 1354 1297 1424 gaudet
1342 1355 1407 1410 de
1442 1353 1696 1410 Romanis

636 1422 1022 1478 confessonbus
1057 1424 1117 1478 in
1162 1423 1439 1478 ecelesiam
1472 1423 1694 1478 redeun-

612 1491 785 1545 tibus
842 1491 961 1558 609,
1018 1493 1047 1547 1
1100 1508 1181 1561 eq.
1239 1492 1304 1548 de
1362 1491 1696 1548 confessione

636 1559 873 1616 Cornelii
906 1560 1025 1626 691,
1060 1561 1096 1615 8
1130 1579 1157 1615 s
1198 1602 1211 1617 .

567 1627 783 1685 Caesius
820 1629 1095 1699 episcopus
1132 1631 1163 1684 7
1276 1631 1345 1685 12
1355 1650 1377 1699 ,-
1412 1629 1629 1687 cassius
1663 1647 1696 1686 a

634 1697 1033 1752 Macomadibue
1065 1699 1185 1766 445,
1218 1673 1253 1754 ἐ

568 1766 814 1821 Castores
852 1767 935 1832 19,
973 1766 1040 1823 10

567 1833 762 1891 Caetra
798 1834 1023 1890 Galbae:
1061 1836 1259 1891 Lucius
1294 1851 1328 1891 a
1350 1836 1542 1893 Caetra
1564 1835 1694 1892 Gal-

634 1903 734 1958 bae
766 1904 873 1958 440
926 1904 992 1959 10

566 1971 763 2028 Castus
786 1947 905 2038 246,
929 1973 1026 2039 213
1062 1973 1255 2028 Castus
1278 1990 1311 2028 a
1334 1973 1483 2028 sim
1515 1973 1637 2041 44⁷,
1660 1975 1696 2030 9

566 2041 737 2095 catacl
773 2057 919 2096 emus
954 2042 1053 2096 sub
1084 2042 1199 2097 Noe
1233 2041 1283 2096 A
1317 2043 1403 2110 56,
1440 2044 1507 2097 19

566 2109 738 2179 Catap
778 2125 943 2182 rygae
976 2111 1236 2166 haeretici
1268 2110 1390 2177 814,
1424 2112 1497 2166 m

562 2181 893 2244 catecumeni
952 2180 1067 2234 sine
1118 2178 1413 2251 ·baptismo
1488 2179 1690 2235 mortui

635 2248 753 2312 795,
783 2249 875 2314 16,
910 2248 959 2302 A
994 2249 1077 2314 82,
1102 2250 1199 2314 31,
1235 2251 1283 2306 A
1310 2250 1394 2313 87,
1421 2250 1518 2315 10,
1552 2253 1694 2304 cate-

635 2317 915 2372 chumenia
976 2317 1295 2374 infirmitate
1350 2317 1693 2388 adprehensis

634 2385 1059 2441 subueniendum
1090 2387 1211 2455 488,
1238 2389 1299 2454 2,
1334 2403 1549 2457 peccare
1580 2387 1692 2440 iam

633 2470 739 2510 non
772 2455 971 2510 debent
1004 2455 1120 2522 178,
1155 2456 1190 2510 5

562 2522 821 2580 cathedra
864 2539 973 2580 una
1005 2540 1164 2596 super
1208 2525 1431 2581 Petrum
1464 2523 1693 2581 fundata

633 2594 753 2661 594,
789 2595 854 2658 5,
886 2594 1008 2651 uid.
1032 2612 1089 2650 u.
1125 2594 1317 2649 Petrus

562 2678 729 2718 cauea
762 2664 813 2728 9,
852 2664 923 2720 10

565 2730 785 2787 Cedias:
822 2730 1152 2787 Secundinue
1184 2747 1218 2785 a
1254 2731 1447 2787 Cedias
1479 2730 1602 2799 442,
1627 2731 1693 2784 11

562 2799 838 2857 Celerinus
889 2800 1156 2855 confessor
1208 2801 1328 2869 533,
1364 2802 1425 2867 2,
1476 2800 1595 2864 576,
1632 2800 1695 2865 5,

632 2868 703 2923 ad
738 2868 1031 2923 Lucianum
1079 2868 1269 2924 scribit
1303 2870 1421 2935 529,
1455 2870 1518 2933 9,
1574 2868 1694 2934 543,

630 2938 695 3003 4,
730 2938 845 2991 eius
879 2936 1173 2993 moderatio
1209 2938 1464 2993 laudatur
1488 2936 1607 3003 543,
1635 2936 1695 3002 7,

633 3006 691 3062 C.
728 3005 895 3061 lector
930 3006 1211 3061 ordinatus
1245 3007 1364 3071 582,
1398 3006 1435 3060 2

562 3074 809 3131 Celerina
844 3075 968 3129 auia
1002 3074 1233 3131 Celerini
1266 3074 1384 3140 583,
1420 3074 1457 3128 6

562 3143 749 3199 Celsus
785 3145 834 3198 A
871 3143 988 3209 132,
1016 3145 1111 3209 16,
1145 3142 1353 3198 Iasonis
1388 3144 1444 3197 et
1478 3141 1696 3212 Papieci

632 3211 1077 3282 disceptationem
1110 3211 1175 3268 de
1229 3211 1485 3281 religione
1522 3212 1696 3267 latine

632 3296 843 3335 uersam
866 3280 915 3334 A
935 3282 1053 3350 129,
1080 3282 1110 3335 1
1136 3296 1163 3333 a
1202 3324 1214 3337 .
1254 3280 1325 3335 Vi
1368 3280 1380 3293 ⁸
1412 3282 1459 3335 'o
1482 3280 1695 3336 dedicat

629 3348 1171 3429 A119‚5sq.A1
1245 3350 1323 3415 ,1

562 3418 771 3476 Cerdon
828 3418 1117 3473 Marcionis
1152 3436 1205 3473 m
1280 3418 1293 3431 ‘

631 3489 761 3559 gino
794 3488 1021 3547 Romam
1055 3488 1208 3541 uenit
1280 3488 1359 3555 13,
1396 3486 1433 3541 6

560 3556 742 3613 Cereri
777 3558 833 3611 et
866 3556 1059 3611 Libero
1113 3556 1233 3611 ludi
1284 3556 1453 3611 dicati
1487 3555 1536 3610 A
1572 3556 1623 3623 7,
1660 3556 1692 3611 1

560 3625 857 3682 certamina
890 3640 1081 3695 graeca
1115 3626 1162 3681 A
1198 3626 1247 3692 7,
1282 3626 1318 3679 2

561 3690 949 3819 Οὴέἐάεὼτιιω
984 3696 1130 3749 terra
1152 3696 1199 3748 A
1222 3695 1341 3761 260,
1366 3694 1461 3760 22,
1494 3694 1543 3749 A
1570 3692 1691 3760 293,

560 3831 731 3887 Cham
764 3832 1023 3915 propheta
1058 3831 1107 3886 A
1143 3830 1261 3897 135,
1300 3832 1367 3887 14

562 3900 851 3957 Cherubim
886 3900 934 3953 A
970 3900 1089 3967 287,
1127 3900 1229 3955 139

561 3968 769 4025 Choreb
800 3984 951 4023 mone
995 3970 1044 4023 A
1080 3969 1199 4035 134,
1233 3970 1291 4035 8,
1326 3970 1375 4023 A
1411 3968 1529 4033 143,
1566 3968 1636 4022 15

560 4037 991 4095 Christianorum
1043 4054 1242 4093 nouum
1288 4053 1478 4092 nomen
1531 4035 1689 4091 bene-

629 4107 835 4162 dictum
870 4106 929 4161 in
962 4107 1121 4161 terrie
1155 4107 1240 4173 57,
1266 4107 1331 4161 11
1356 4122 1434 4175 eq.
1472 4105 1690 4161 christi·

628 4192 789 4231 anum
812 4175 1079 4230 neminem
1103 4174 1211 4230 dici
1227 4176 1337 4229 nisi
1394 4176 1450 4229 ui
1468 4174 1688 4230 Christo

627 4245 870 4300 moribus
894 4246 1209 4313 coaequetur
1234 4247 1280 4296 A
1306 4245 1371 4298 16
1409 4287 1422 4311 ,
1448 4244 1543 4309 20,
1573 4242 1688 4298 odi-

630 4330 721 4369 um
754 4314 987 4368 nominis
1042 4316 1168 4367 ante
1200 4312 1532 4383 praedictum
1568 4312 1686 4379 142,

630 4383 695 4438 17
732 4398 811 4451 sq.
848 4382 967 4447 334,
1008 4382 1074 4437 10
1101 4398 1177 4451 sq.
1216 4382 1531 4437 christiania
1568 4444 1571 4449 ¹
1602 4381 1689 4436 lus

630 4466 794 4520 quam
817 4450 1010 4506 ceteris
1028 4451 1087 4505 in
1105 4449 1315 4505 saeculo
1334 4397 1687 4505 laborandum

1381 3435 1410 3470 r
1444 3418 1545 3473 sub
1579 3418 1695 3489 Hy·

1610 511 1811 568 Index

1819 666 1939 731 302,
1965 667 2024 732 2,
2047 665 2406 720 christianum
2432 666 2702 738 spiritalia
2726 666 2880 736 cogi-

1821 739 1940 789 tare
1975 735 2164 790 debere
2201 735 2320 800 122,
2355 737 2390 790 5
2425 752 2503 806 eq.
2551 750 2655 790 non
2689 734 2880 789 debere

1819 804 1990 858 denuo
2024 804 2093 858 ad
2127 803 2395 859 saeculum
2425 805 2625 859 reuerti
2659 805 2778 867 328,
2814 804 2879 865 1,

1889 872 2105 927 utiliter
2157 873 2339 927 uiuere
2391 889 2502 928 non
2535 872 2724 927 debere
2759 872 2876 939 146,

1855 942 1916 1006 9,
1953 941 2208 1012 gentilem
2243 942 2474 998 iudicem
2507 941 2736 1012 experiri
2769 957 2878 996 non

1821 1009 2010 1066 debere
2044 1011 2162 1077 151,
2197 1011 2234 1065 8
2268 1025 2345 1092 eq.
2381 1011 2694 1066 christiania
2727 1009 2878 1064 nefas

1819 1079 2090 1134 lutulenta
2139 1078 2430 1149 gentihum
2500 1079 2750 1134 conuiuia
2819 1078 2879 1134 in

1820 1149 2044 1218 collegio
2077 1147 2160 1202 fre
2198 1151 2416 1203 uenture
2443 1147 2532 1202 uel
2555 1163 2675 1204 cum
2697 1147 2875 1204 ethni-

1818 1217 1895 1271 cis
1931 1217 2148 1298 qepeliri
2161 1163 2301 1283 q140,
2339 1219 2405 1273 19
2434 1233 2512 1287 aq.
2547 1233 2653 1298 non
2687 1216 2880 1298 matri-

1817 1287 1985 1340 monii
2002 1285 2275 1340 uinculum
2293 1302 2413 1342 cum
2431 1285 2739 1345 infidelibus
2757 1301 2879 1339 iun·

1819 1354 2051 1424 gendum
2085 1355 2203 1420 240,
2241 1355 2336 1421 21,
2389 1353 2713 1410 christianos
2747 1353 2876 1408 eim-

1815 1424 1982 1492 plicea
2041 1439 2162 1478 cum
2205 1423 2492 1493 prudentia
2538 1439 2652 1478 esee
2686 1422 2878 1478 debere

1819 1493 1935 1558 174,
1975 1493 2056 1556 18,
2094 1492 2403 1547 innocentes
2441 1492 2556 1560 149,
2595 1494 2656 1558 1,
2699 1507 2876 1561 perse-

1815 1561 2108 1616 uerandum
2152 1561 2212 1615 in
2256 1561 2359 1620 fide
2392 1561 2512 1629 329,
2546 1561 2583 1615 4
2683 1600 2695 1613 .
2733 1559 2878 1614 nihil

1821 1629 2039 1686 Christo
2063 1630 2487 1699 praeponendum
2509 1631 2630 1694 327,
2701 1651 2716 1694 ,
2747 1627 2876 1683 flde-

1814 1700 1896 1756 les
1929 1701 2188 1754 reseruari
2221 1700 2279 1754 et
2314 1698 2584 1754 emendari
2628 1697 2746 1764 157,
2781 1699 2876 1764 11,

1816 1769 2026 1824 fidelem
2050 1768 2118 1823 ob
2141 1783 2330 1824 nomen
2367 1767 2538 1822 solum
2575 1767 2754 1838 puniri
2788 1765 2876 1822 de-

1815 1837 1938 1892 bere
1971 1837 2089 1902 148,
2127 1838 2196 1892 22
2229 1853 2308 1918 eq.
2363 1835 2647 1892 christiani
2735 1835 2877 1890 hilo-

1815 1905 1974 2030 ffihi
2009 1922 2112 1960 non
2126 1906 2342 2030 humb-1¹32
2367 1905 2462 2028 ⁸⁴2¹}
2481 1905 2641 1959 factis
2686 1974 2698 1986 ·
2745 1905 2877 2026 ‘’nli3

1817 1991 2136 2166 inoeiffffie
2170 1989 2878 2166 ἴῐζ3ῗ3ὲξέιξζέξωῇ

1819 2129 1974 2167 saecu
2074 2129 2160 2166 ma
2293 2129 2344 2166 m
2383 2129 2418 2165 u
2765 2153 2778 2177 ,
2863 2150 2877 2165 .

1821 2183 1885 2236 19
1921 2199 1999 2252 sq.
2035 2182 2154 2248 364,
2179 2182 2242 2246 9,
2277 2181 2365 2261 ple
2403 2197 2428 2235 s
2465 2179 2878 2235 christianorum

1819 2253 1903 2305 est
1954 2251 2113 2305 uinea
2164 2249 2434 2306 domnica
2469 2266 2501 2303 a
2537 2249 2752 2304 Christo
2785 2263 2875 2302 cu·

1817 2318 2021 2374 stodita
2078 2321 2123 2373 A
2161 2320 2280 2386 118,
2314 2319 2378 2384 9,
2433 2317 2744 2372 christiania
2793 2333 2879 2371 re-

1817 2405 1983 2510 gnum
2019 2388 2282 2443 caelorum
2319 2387 2640 2457 promissum
2674 2385 2723 2440 A
2762 2386 2878 2454 116,

1851 2458 1915 2524 3,
1973 2457 2258 2511 christiani
2291 2455 2679 2510 continentiam
2712 2453 2880 2508 deoti-

1817 2528 2009 2581 nantee
2045 2525 2320 2581 domicilia
2343 2523 2644 2595 singularia
2666 2523 2879 2595 eligunt
2965 2585 2978 2601 ,

1815 2597 1863 2650 A
1898 2593 2017 2662 207,
2057 2596 2094 2650 4
2129 2612 2206 2665 sq.
2245 2594 2362 2649 uid.
2397 2612 2454 2648 u.
2489 2594 2786 2663 persecutio

1748 2664 1999 2721 christus
2035 2664 2166 2733 quid
2201 2666 2275 2717 eit
2307 2665 2394 2731 27,
2417 2662 2480 2727 6,
2515 2663 2600 2729 28,
2623 2664 2685 2728 6,
2721 2661 2878 2717 Chri-

1817 2736 1934 2787 stus
1970 2733 2099 2788 deus
2133 2732 2219 2799 68,
2255 2732 2324 2787 10
2359 2748 2436 2801 aq.
2468 2746 2683 2786 carnem
2720 2746 2745 2784 s
2781 2731 2876 2785 iri·-

1817 2804 1908 2856 tus
1959 2804 2176 2858 sanctus
2227 2800 2475 2855 induitur
2507 2802 2590 2865 28,
2625 2801 2686 2864 9,
2835 2800 2879 2841 ’-

1819 2874 1937 2925 etus
1989 2869 2046 2926 id
2099 2874 2182 2925 est
2235 2870 2461 2939 spiritus
2514 2872 2730 2923 sanctus
2817 2868 2880 2923 ui

1855 2939 2092 2994 rofectus
2117 2956 2178 2993 ex
2203 2938 2300 2993 deo
2335 2940 2488 3008 patre
2511 2938 2663 2991 uenit
2688 2940 2734 2989 A
2760 2884 2878 3004 128,

1890 3008 1980 3078 (cf.
2016 3008 2063 3063 A
2088 3008 2205 3075 108,
2233 3008 2349 3075 19),
2383 3004 2634 3062 Christus
2657 3008 2879 3060 uocatus

1820 3079 1902 3131 est
1954 3078 2180 3145 spiritua
2233 3078 2450 3130 sanctus
2503 3075 2598 3143 qui
2633 3075 2699 3129 de
2733 3073 2879 3130 caelo

1819 3145 2094 3201 descendit
2125 3146 2164 3201 i.
2202 3162 2246 3200 e.
2293 3146 2487 3199 unctus
2539 3143 2625 3198 dei
2677 3142 2795 3198 uiui
2828 3142 2878 3197 A

1822 3216 1922 3269 118
1965 3216 2026 3281 8,
2061 3214 2310 3269 Christus
2381 3212 2742 3281 rimogenitus
2765 3212 2881 3281 ipse

1820 3258 2100 3407 :eim
2146 3282 2324 3405 (ἓν
2361 3281 2460 3404 210}
2484 3296 2586 3404 28,·
2606 3281 2766 3403 0²⁰2
2791 3280 2881 3403 αἱ,

1819 3437 1990 3476 sermo
2042 3421 2161 3487 287,
2205 3420 2302 3485 23,
2350 3419 2473 3485 402,
2517 3392 2612 3484 20,
2767 3461 2781 3485 ,
2817 3419 2879 3499 8,

1818 3506 1987 3544 sermo
2043 3492 2100 3543 et
2152 3489 2330 3544 uirtus
2384 3490 2441 3542 et
2493 3487 2758 3556 sapientia
2790 3485 2880 3541 dei

1853 3560 1988 3613 atris
2040 3558 2158 3625 229,
2216 3556 2282 3622 8,
2340 3558 2425 3622 28,
2476 3557 2542 3621 8,
2599 3570 2786 3609 manus
2821 3558 2881 3609 et

1853 3627 2092 3682 rachium
2126 3626 2214 3681 dei
2249 3626 2334 3692 65,
2361 3626 2429 3679 12
2451 3640 2528 3707 sq.
2565 3624 2787 3693 angelus
2821 3624 2880 3677 et

1815 3696 1945 3751 deus
1997 3696 2081 3763 67,
2135 3696 2168 3749 6
2203 3711 2283 3765 sq.
2336 3711 2427 3748 rex
2483 3710 2542 3747 m
2603 3696 2880 3747 aeternum

1814 3766 2263 3903 {maffeii}
2296 3760 2664 3887 {ini‘ffldffi
2698 3763 2766 3883 {¹²1
2786 3776 2880 3899 ¹:21¹

1813 3877 1962 3957 flli'us
1996 3900 2200 3956 iudicat
2232 3918 2339 3955 non
2373 3904 2528 3971 pater
2557 3873 2675 3965 146,
2703 3898 2774 3956 10
2795 3913 2876 3967 eq.

1813 3971 1933 4038 249,
1987 3970 2087 4037 26,
2144 3986 2249 4025 non
2345 3972 2484 4026 otest
2541 3968 2612 4023 ad
2705 3969 2876 4021 ati-em

1813 4041 1990 4095 ueniri
2023 4039 2134 4093 nisi
2168 4054 2263 4109 per
2295 3986 2575 4095 Christum
2685 4080 2698 4101 ,
2737 4036 2766 4090 1
2791 4050 2872 4104 sq.

1816 4108 1933 4173 140,
1979 4109 2047 4162 12
2093 4124 2172 4178 aq.
2225 4106 2474 4164 Christus
2525 4108 2650 4177 post
2701 4119 2874 4158 resur·

1812 4179 2100 4232 rectionem
2137 4194 2170 4232 a
2191 4179 2360 4301 &tre
2413 4176 2621 4245 accepit
2665 4188 2873 4255 omnem

1811 4248 2135 4316 potestatem
2262 4288 2275 4312 ‚
2336 4246 2404 4301 15
2466 4260 2545 4315 eq.
2623 4242 2874 4323 Christus

1813 4314 2063 4369 ecclesiae
2119 4332 2342 4385 sponsus
2412 4314 2644 4369 filiorum
2711 4325 2874 4380 epm·

1809 4384 2006 4438 talium
2077 4386 2191 4445 ater
2223 4384 2307 4452 85,
2344 4385 2379 4439 8
2414 4400 2493 4453 sq.
2553 4382 2672 4436 ouis
2723 4382 2780 4433 et
2815 4392 2873 4433 a·

1811 4468 1950 4522 gnus
2055 4496 2067 4516 ‚
2105 4453 2140 4507 6
2163 4468 2241 4521 eq.
2277 4452 2432 4521 panis
2466 4451 2614 4507 uitae
2649 4447 2768 4514 280,
2803 4448 2871 4511 6,
