3217 5150
1318 522 1491 577 Vita.
2463 543 2532 592 01

269 678 533 744 tametsi
586 681 731 744 ante
772 677 1089 745 Christum
1142 679 1485 760 plurimum
1538 679 1741 758 licuit,
1799 681 1942 763 plus
1995 681 2235 763 aliquid
2283 681 2534 748 licuisse

271 782 419 863 post
448 779 787 861 Christum,
832 782 1007 847 cuius
1049 781 1432 864 temporibus
1471 783 1795 866 plenitudo
1828 782 2104 850 debetur.
2147 785 2394 850 necatos
2423 783 2534 848 ille

276 903 313 950 a
342 904 487 968 rege
518 885 581 950 et
612 885 915 967 proiectos
945 885 1045 949 sui
1074 886 1323 950 tantum
1355 887 1595 970 generis
1628 885 1982 970 colligebat.

364 988 485 1052 His
536 990 670 1053 tam
714 984 889 1054 bonis
933 989 996 1053 et
1024 989 1157 1053 tam
1202 988 1325 1071 piis
1370 989 1613 1054 actibus
1654 990 2010 1072 superuenit
2051 990 2326 1055 exilium.
2380 991 2539 1056 hanc
2563 997 2635 1060 ll

230 1109 261 1147 ‘⁵
284 1092 453 1157 enim
492 1092 697 1157 uicem
737 1107 977 1174 semper
1014 1093 1440 1175 repraesentat
1479 1092 1788 1173 impietas,
1835 1093 1910 1157 ut
1939 1092 2300 1158 melioribus
2331 1094 2540 1175 peiora

281 1195 595 1260 restituat.
638 1195 702 1260 et
742 1195 894 1277 quid
935 1193 1216 1260 sacerdos
1260 1195 1379 1260 Dei
1423 1196 1786 1278 proconsule
1827 1195 2245 1280 interrogante
2285 1214 2540 1279 respon-

282 1299 465 1377 derit,
514 1299 663 1364 sunt
709 1300 851 1363 acta
896 1317 1051 1380 quae
1091 1298 1381 1368 referant.
1440 1298 1792 1363 excluditur
1820 1297 2074 1364 interim
2105 1299 2382 1382 ciuitate,
2429 1299 2542 1364 ille

282 1402 391 1484 qui
432 1401 666 1468 fecerat
706 1403 853 1467 boni
883 1402 1123 1485 aliquid
1153 1387 1263 1486 pro
1294 1402 1572 1468 ciuitatis
1604 1403 1827 1481 salute,
1871 1402 1979 1466 ille
2010 1402 2118 1484 qui
2148 1403 2540 1469 laborauerat

284 1524 362 1570 ne
391 1507 748 1571 uiuentium
790 1506 959 1570 oculi
1000 1507 1361 1589 paterentur
1404 1505 1682 1570 infernae
1726 1505 1889 1570 sedis
1921 1506 2252 1585 horrorem,
2307 1505 2416 1570 ille
2445 1507 2544 1571 in-

214 1628 271 1666 ιο
290 1627 479 1690 quam
524 1610 631 1691 qui
675 1609 949 1676 excubiis
990 1592 1246 1691 pietatis
1275 1609 1617 1693 inuigilans
1647 1627 1756 1691 pro
1785 1608 1959 1675 nefas
1989 1609 2237 1693 ingrata
2264 1609 2544 1675 bonitate

286 1713 667 1799 prouiderat,
716 1733 791 1778 ne
832 1713 1119 1778 omnibus
1170 1713 1402 1778 tetram
1452 1712 1733 1777 ciuitatis
1781 1711 2004 1778 faciem
2051 1712 2546 1795 relinquentibus

289 1816 524 1881 multos
578 1817 817 1882 exsules
847 1816 1109 1898 sdeserta
1152 1817 1501 1899 respublica
1548 1835 1618 1881 ac
1666 1816 1972 1882 destituta
2017 1817 2221 1898 patria
2266 1817 2544 1883 sentiret.

289 1921 400 1984 sed
444 1919 677 1985 uiderit
718 1920 1055 1998 saeculum,
1090 1919 1191 1984 cui
1221 1921 1384 1984 inter
1413 1939 1639 2003 poenas
1669 1919 1925 1985 exilium
1957 1921 2370 2002 computatur.
2415 1919 2546 1985 illis

289 2011 497 2105 patria
537 2023 727 2089 nimis
773 2042 915 2090 cara
946 2024 1009 2088 et
1039 2041 1365 2088 commune
1394 2041 1616 2089 nomen
1646 2024 1740 2087 est
1771 2024 1944 2106 [cum
1972 2022 2392 2106 parentibus]:
2435 2038 2547 2086 nos
2617 2015 2620 2017 ’

212 2148 273 2187 ιε»
296 2128 360 2191 et
388 2128 673 2209 parentes
703 2128 887 2210 ipsos,
922 2126 975 2192 si
1006 2127 1217 2192 contra
1242 2127 1579 2192 Dominum
1613 2126 1937 2206 suaserint,
1971 2127 2384 2191 abhorremus,
2417 2125 2546 2190 illis

294 2231 466 2294 extra
506 2229 829 2295 ciuitatem
870 2249 1049 2295 suam
1093 2229 1305 2294 uiuere
1348 2231 1557 2314 grauis
1598 2247 1794 2311 poena
1823 2231 1948 2294 est:
1997 2227 2346 2294 Christiano
2375 2229 2546 2295 totus

290 2332 395 2398 hic
437 2333 705 2397 mundus
747 2352 870 2397 una
901 2334 1119 2398 domus
1151 2334 1261 2397 est.
1308 2333 1473 2398 unde
1502 2333 1655 2398 licet
1682 2333 1746 2398 in
1777 2333 2064 2398 abditum
2092 2334 2155 2397 et
2185 2334 2547 2399 abstrusum

293 2436 499 2501 locum
551 2435 743 2500 fuerit
794 2436 1125 2520 relegatuS‚
1179 2436 1495 2501 admixtus
1526 2436 1646 2501 Dei
1697 2436 1795 2501 sui
1848 2436 2031 2501 rebus
2083 2436 2374 2500 exsilium
2424 2453 2548 2500 non

294 2539 501 2623 potest
541 2539 915 2622 computare.
965 2537 1121 2604 adde
1154 2527 1317 2622 quod
1345 2539 1475 2604 Deo
1504 2538 1747 2623 integre
1777 2539 2048 2605 seruiens
2080 2539 2272 2605 etiam
2299 2540 2548 2623 propria

206 2666 269 2707 πο
288 2645 356 2711 in
400 2645 659 2711 ciuitate
698 2644 1059 2729 peregrinus
1101 2645 1212 2708 est.
1268 2644 1419 2709 dum
1459 2644 1625 2709 enim
1668 2662 1734 2708 se
1763 2663 1801 2709 a
1827 2644 2178 2711 carnalibus
2219 2643 2545 2710 desideriis

290 2750 675 2816 continentia
704 2748 905 2813 sancti
934 2747 1191 2830 spiritus
1224 2748 1497 2813 abstinet
1526 2748 2054 2813 conuersationem
2082 2748 2307 2829 prioris
2337 2746 2542 2812 homi-

288 2853 387 2916 nis
420 2869 739 2933 exponens,
770 2851 934 2916 inter
964 2850 1133 2915 ciues
1163 2870 1307 2916 suos
1337 2851 1449 2916 aut
1468 2851 1541 2915 ut
1562 2868 1750 2933 prope
1780 2850 2042 2915 dixerim
2072 2851 2234 2916 inter
2260 2852 2546 2933 parentes

286 2956 455 3039 ipsos
508 2956 680 3021 uitae
731 2956 1043 3020 terrestris
1090 2954 1325 3019 alienus
1374 2954 1487 3019 est.
1540 2954 1779 3020 accedit
1824 2954 1986 3036 quod
2034 2953 2154 3019 etsi
2199 2954 2349 3019 haec
2393 2952 2546 3017 alias

288 3076 485 3143 poena
512 3060 722 3141 posset
752 3058 971 3136 uideri,
1022 3058 1087 3122 in
1116 3055 1473 3122 huiusmodi
1502 3057 1714 3129 tamen
1745 3057 1950 3123 causis
1980 3059 2168 3141 atque
2197 3056 2544 3135 sententii3‚

394 3282 423 3334 1
450 3280 653 3355 christo
681 3280 731 3333 T
940 3280 976 3333 2
1000 3280 1140 3349 post]
1167 3296 1259 3348 per
1280 3296 1314 3334 v
1520 3296 1618 3334 nec
1639 3281 1790 3333 actos
1813 3300 1853 3349 μ
2065 3281 2100 3333 3
2122 3280 2155 3333 ὴ,
2181 3295 2302 3348 rege
2325 3280 2381 3333 et
2403 3297 2466 3344 w,
2493 3278 2549 3332 et

288 3380 417 3433 erge
446 3366 505 3429 T,
532 3381 688 3434 agere
714 3367 770 3418 et
794 3385 832 3433 μ
1084 3365 1120 3418 4
1143 3366 1257 3418 tam
1282 3364 1407 3434 piis]
1432 3364 1541 3434 piis
1564 3382 1615 3419 w
1867 3365 2087 3419 exilium
2110 3365 2419 3434 superuenit
2441 3384 2482 3433 μ

286 3452 325 3506 5
346 3453 427 3522 ut]
454 3452 511 3505 in
544 3454 595 3505 T
769 3452 949 3521 priora
975 3452 1025 3505 T
1206 3452 1239 3507 6
1262 3452 1336 3522 et]
1363 3453 1420 3506 et
1441 3453 1505 3506 ut
1528 3470 1618 3521 ωμ
1804 3452 1944 3522 quod
1973 3453 2022 3505 T
2197 3451 2547 3521 responderit]

287 3540 497 3592 taceam
520 3538 649 3593 add.
677 3554 767 3607 ωμ
906 3538 937 3591 7
964 3537 1189 3592 referam
1212 3554 1303 3607 ωμ
1440 3552 1471 3593 e
1495 3540 1579 3605 (ex
1602 3540 1666 3609 μ)
1690 3539 1915 3593 ciuitate
1937 3556 2062 3608 ωμυ
2210 3538 2246 3591 8
2269 3536 2405 3591 bono
2436 3538 2487 3592 T

288 3624 387 3678 ille
415 3664 427 3676 .
452 3664 496 3679 ..
525 3625 791 3679 horrorem
816 3640 913 3679 om.
948 3624 1033 3679 T.
1214 3624 1283 3678 10
1299 3624 1539 3693 uigilans
1563 3641 1613 3679 w
1818 3626 2020 3693 nephas
2041 3640 2134 3692 ωμ
2342 3623 2408 3677 11
2432 3638 2550 3691 pro·

286 3710 477 3766 uideat
498 3728 547 3765 w
784 3712 1003 3781 tetram]
1028 3713 1261 3765 tractam
1290 3712 1341 3766 T
1574 3712 1776 3765 facient
1799 3717 1822 3766 t
2063 3710 2130 3764 12
2153 3710 2408 3765 distituta
2436 3711 2488 3765 T

286 3798 362 3851 13
384 3800 599 3868 poenas]
626 3798 791 3852 etiam
813 3797 941 3853 add.
971 3798 1104 3866 ωμῧ,
1130 3799 1187 3851 te
1209 3797 1335 3852 add.
1363 3800 1431 3866 μ*
1636 3798 1771 3867 illis]
1797 3797 2042 3852 omnibus
2064 3814 2098 3853 v
2303 3796 2371 3850 14
2387 3794 2550 3849 nimis

284 3898 430 3938 corr.
456 3884 522 3938 in
546 3884 719 3938 omnis
744 3904 785 3953 μ
806 3900 872 3937 m.
898 3886 937 3939 2
1140 3882 1473 3953 parentibus]
1498 3886 1744 3953 parentes
1769 3884 1964 3953 T¹tww
2162 3898 2258 3935 nos
2282 3884 2338 3935 et
2361 3896 2552 3951 paren-

291 3972 378 4023 tes
402 3986 500 4025 om.
527 3987 577 4024 w
771 3969 839 4024 15
862 3972 1045 4024 eontra
1068 3969 1192 4023 deos
1217 3968 1457 4023 uaserint
1488 3972 1541 4023 T
1728 3969 1842 4024 illis
1865 3986 1962 4024 om.
1989 3984 2039 4023 w
2247 3968 2312 4021 17
2338 3969 2421 4021 eet
2443 3982 2552 4021 una

289 4056 481 4110 >domus
503 4073 593 4125 ωμ
868 4054 1133 4123 abditum]
1160 4054 1424 4110 ambitum
1454 4057 1506 4111 T
1765 4054 2094 4124 abstrusum]
2121 4052 2408 4108 absurdum
2433 4070 2482 4107 w

292 4142 359 4195 18
382 4142 642 4212 religatus
670 4142 721 4196 T
989 4141 1244 4196 admixtis
1268 4157 1317 4196 w
1592 4143 1840 4197 exsilium
1864 4158 1962 4197 om.
1990 4157 2040 4196 w
2316 4140 2384 4195 19
2409 4154 2550 4195 com-

287 4230 473 4297 putari
495 4246 544 4283 w
716 4227 849 4297 quid
870 4244 919 4283 w
1079 4226 1177 4283 deo
1200 4244 1298 4283 om.
1326 4234 1351 4282 t
1510 4230 1567 4282 in
1591 4229 1810 4299 propria
1831 4246 1881 4284 w
2050 4227 2124 4281 20
2143 4228 2288 4281 enim
2308 4242 2406 4281 om.
2433 4243 2482 4280 w

287 4330 325 4368 a
350 4330 449 4369 oon.
474 4332 509 4370 v
643 4315 711 4369 21
731 4313 1006 4369 abstinens
1032 4314 1095 4379 T,
1120 4313 1395 4369 abstinent
1416 4320 1439 4369 t
1574 4315 1645 4370 22
1665 4315 1831 4369 etiam
1852 4315 1997 4369 inter
2018 4330 2078 4369 v·
2189 4312 2372 4388 autut
2397 4311 2552 4381 Τωμ,

290 4403 390 4455 aut
412 4418 447 4455 v
639 4400 849 4471 proprie
874 4417 963 4471 ωμ
1168 4399 1237 4453 23
1261 4402 1539 4455 terrestres
1571 4401 1622 4454 T
1813 4399 2041 4469 alienus]
2065 4397 2194 4453 add.
2223 4396 2446 4469 simplex
2469 4399 2554 4467 μ’,

286 4504 413 4559 exp.
443 4487 508 4555 μ2
636 4487 759 4557 etsi]
785 4489 833 4543 si
859 4488 909 4541 T
1030 4485 1183 4554 alias]
1210 4486 1349 4539 talia
1370 4502 1505 4543 corr.
1531 4488 1596 4542 in
1619 4489 1678 4542 et
1700 4488 1810 4542 alia
1836 4508 1876 4556 μ
1899 4504 1965 4542 m.
1991 4488 2030 4542 2
2155 4484 2230 4541 24
2245 4485 2462 4554 possent
2483 4482 2558 4553 μ’
