3217 5150
671 532 788 595 126
1600 526 1967 595 Appendix.

662 684 957 761 amplexus
1007 688 1116 756 est,
1172 701 1441 744 conuerso
1493 686 1566 745 ad
1597 702 1727 745 eum
1756 685 1957 744 timore
1990 686 2284 745 credamus
2322 688 2383 743 et
2411 685 2487 744 ad
2516 684 2917 743 aeternitatem

660 791 815 850 uitae
867 806 968 863 spe
1019 789 1204 850 futuri
1253 788 1416 861 regni
1469 788 1594 847 eius
1646 788 1983 849 animemur.
2032 790 2161 862 quis
2212 804 2348 863 ergo
2401 790 2519 847 tam
2572 786 2819 847 stolidus
2848 804 2919 845 ac

660 896 909 967 demenS,
941 894 1070 969 quis
1103 894 1186 953 sic
1209 893 1282 952 ab
1303 892 1604 952 intellectu
1632 908 1769 951 suae
1802 892 2007 951 salutis
2038 892 2275 964 alienuS,
2306 891 2407 965 qui
2436 890 2497 949 in
2524 892 2616 949 tot
2644 892 2705 949 et
2731 890 2917 949 tantis

657 996 999 1058 testimoniis
1023 996 1284 1056 ueritatis
1305 995 1631 1057 incredulus
1651 1012 1767 1055 non
1780 995 2057 1055 aduersus
2080 995 2359 1055 sinceram
2376 993 2547 1053 fidem
2573 993 2915 1053 obduratum

657 1106 860 1175 pectus
892 1101 1188 1161 intellectu
1221 1100 1486 1161 ueritatis
1529 1099 1783 1159 emolliat
1814 1102 1875 1159 et
1906 1116 1939 1159 e
1968 1099 2221 1159 tenebris
2252 1095 2409 1159 uitae
2440 1097 2726 1173 quondam
2754 1114 2908 1157 mor·
2932 1119 2955 1157 s

657 1204 796 1264 talis
848 1207 1051 1266 exutus
1096 1203 1158 1262 in
1209 1203 1422 1263 lumine
1474 1205 1907 1277 praeceptorum
1950 1201 2283 1262 caelestium
2312 1201 2582 1275 gradiens
2610 1200 2685 1259 ad
2714 1200 2917 1260 diuina

657 1307 874 1367 monita
911 1311 974 1367 et
1015 1306 1242 1367 Domini
1293 1305 1571 1366 salutaria
1623 1306 1875 1379 gerenda
1918 1306 2192 1364 mandata
2220 1304 2559 1363 inluminate
2588 1304 2757 1363 corde
2786 1304 2913 1362 tota

655 1410 865 1469 mentis
923 1411 1261 1471 credulitate
1321 1413 1619 1469 conuertat
1638 1453 1653 1480 ‚
1727 1412 1793 1468 ut
1856 1424 2025 1481 quem
2081 1409 2393 1483 prophetae
2432 1407 2911 1482 praedicanerunt

655 1513 958 1574 Dominum
987 1516 1206 1585 noscat,
1239 1517 1307 1574 ut
1335 1512 1629 1572 Christum
1659 1511 1759 1586 qui
1790 1528 1850 1570 se
1880 1512 2089 1572 mundo
2136 1512 2324 1585 palam
2358 1510 2589 1571 uenisse
2618 1512 2911 1571 monstra-

655 1616 742 1675 uit
793 1618 1114 1690 intellegat,
1167 1620 1234 1675 ut
1285 1616 1588 1690 scripturis
1640 1615 1919 1675 diuinitus
1970 1614 2415 1675 testificantibus
2464 1614 2574 1673 Dei
2622 1613 2807 1672 filium
2850 1616 2913 1673 et
2932 1634 2981 1672 ιο

653 1720 836 1780 Deum
887 1720 1098 1781 credat.
1145 1720 1296 1779 sicut
1345 1718 1468 1792 ipse
1521 1736 1665 1794 quae
1718 1719 1797 1778 sit
1844 1717 1967 1779 uita
2018 1720 2250 1779 aeterna
2292 1719 2628 1779 manifestat
2674 1718 2875 1779 dicens
2894 1738 2913 1777 ι

653 1824 832 1882 haec
893 1826 1006 1882 est
1063 1826 1297 1883 autem
1341 1822 1494 1882 uita
1535 1825 1872 1894 aeterna,
1937 1826 2015 1882 ut
2072 1826 2519 1895 cognoscant
2562 1826 2631 1881 te
2676 1822 2913 1881 solum

652 1931 723 1985 et
767 1942 1012 1986 uerum
1055 1926 1268 1986 Deum
1313 1930 1385 1986 et
1429 1944 1631 2000 quem
1676 1927 1962 1987 misisti
1992 1928 2231 1985 Iesum
2262 1926 2654 1999 Christum,
2702 1926 2911 1985 docens

651 2031 824 2103 atque
867 2030 1172 2089 ostendens
1216 2029 1364 2089 nihil
1411 2030 1570 2089 aliud
1599 2046 1727 2090 esse
1756 2030 1938 2090 Deum
1968 2046 2135 2089 nosse
2165 2046 2337 2103 quam
2367 2030 2593 2089 credere
2622 2032 2680 2089 et
2710 2029 2911 2089 oculos

651 2132 835 2193 cordis
879 2133 940 2191 in
983 2132 1286 2192 Dominum
1337 2149 1516 2207 prona
1560 2135 1620 2191 et
1650 2132 1954 2193 immutata
2004 2133 2251 2208 pectoris
2280 2132 2393 2191 fide
2424 2133 2661 2193 deuotae
2692 2132 2907 2193 mentis
2926 2151 2973 2190 ιε

629 2236 888 2309 aperire.
935 2235 1065 2294 iude
1096 2236 1210 2294 iam
1241 2235 1309 2293 fit
1337 2240 1404 2294 ut
1431 2235 1707 2295 credendo
1738 2236 2061 2310 intellegas,
2114 2235 2497 2311 intellegendo
2522 2236 2681 2309 quod
2720 2234 2909 2294 credis

648 2339 708 2397 in
739 2355 908 2398 sensu
939 2339 1119 2397 Deum
1161 2338 1486 2398 illuminato
1527 2339 1695 2398 corde
1727 2339 2063 2413 conspicias,
2112 2340 2261 2399 sicut
2292 2340 2443 2399 idem
2472 2338 2596 2412 ipse
2626 2338 2907 2399 Dominus

647 2446 708 2502 et
765 2459 868 2517 per
925 2442 1156 2502 Esaiam
1215 2447 1348 2503 ante
1410 2446 1599 2503 monet
1659 2443 1883 2503 dicens:
1943 2442 2005 2503 si
2046 2461 2182 2503 non
2226 2443 2732 2515 credideritis,
2778 2460 2909 2503 nec

647 2546 1142 2621 intellegetis.
1189 2548 1308 2606 tam
1357 2547 1542 2608 facilis
1573 2550 1635 2606 et
1663 2549 1963 2622 praestans
2004 2550 2063 2606 et
2093 2547 2257 2621 larga
2286 2550 2375 2606 est
2405 2548 2575 2621 atque
2604 2545 2905 2605 abundans

685 2807 690 2810 -
789 2774 856 2826 12
894 2773 969 2826 Io.
1010 2775 1092 2838 17,
1127 2775 1176 2826 3.
1387 2774 1454 2827 18
1491 2774 1574 2826 Es.
1616 2776 1666 2838 6,
1704 2773 1751 2825 7.
1790 2773 1841 2826 9.

788 2990 819 3040 1
855 2989 1094 3042 conuersi
1130 2989 1193 3056 Z,
1235 2993 1297 3042 ut
1331 3004 1580 3042 conuerso
1617 2987 1743 3042 Bal.
1782 3003 1851 3042 ex
1884 3003 1917 3041 r
2150 2988 2208 3041 in
2244 2987 2439 3041 timore
2476 2987 2528 3040 Z
2746 2989 2803 3040 et
2836 2986 2905 3040 ad

643 3091 744 3129 mn.
783 3075 836 3128 Z
869 3081 922 3128 et
959 3076 1080 3128 Baz.
1360 3075 1681 3128 aeternitate
1718 3075 1772 3129 Z
2057 3075 2091 3128 2
2126 3074 2242 3144 spei
2282 3075 2447 3138 Tt’Z,
2486 3077 2540 3127 et
2576 3089 2668 3142 spe
2710 3073 2834 3127 Bal.

643 3175 884 3214 amemur
920 3162 1018 3214 Zt¹
1277 3177 1403 3231 ergo
1440 3177 1540 3214 om.
1579 3161 1645 3224 Z,
1684 3159 1827 3214 enim
1866 3177 1897 3214 v
2149 3159 2184 3212 3
2218 3159 2295 3214 sic
2330 3176 2430 3214 om.
2472 3160 2525 3213 Z
2786 3159 2901 3228 qui]

645 3247 766 3314 quis
803 3247 876 3300 Zt
1169 3247 1225 3300 iu
1261 3261 1362 3301 om.
1399 3249 1482 3302 t²v
1780 3250 1838 3300 et
1872 3247 2062 3315 tantis]
2099 3246 2273 3300 tantis
2318 3248 2389 3301 Tt
2402 3248 2431 3316 ⁸,
2470 3245 2751 3314 tantisque
2786 3245 2836 3300 t²

642 3331 678 3386 4
713 3332 961 3386 ueritatis
997 3333 1324 3387 testimoniis
1361 3349 1393 3386 v
1607 3334 1869 3387 sinceram
1906 3334 1971 3396 Z,
2004 3335 2063 3386 in
2098 3347 2281 3386 ueram
2320 3333 2408 3395 T·‚
2442 3347 2645 3385 meram
2684 3331 2834 3400 Ρμυ

647 3419 683 3470 5
718 3416 785 3470 ab
819 3419 1102 3472 intellectu
1137 3419 1191 3473 Z
1335 3419 1580 3474 emolliat
1615 3421 1688 3489 et]
1726 3423 1781 3473 et
1816 3420 2053 3474 mollicie
2086 3421 2151 3484 Z,
2188 3419 2459 3474 emolliate
2500 3421 2595 3473 Τι’
2734 3433 2764 3472 e
2800 3433 2901 3472 om.

645 3502 801 3559 1¹th
971 3503 1202 3573 quodam
1237 3505 1458 3559 mortali
1492 3505 1548 3559 Z
1714 3507 1749 3560 6
1784 3508 1958 3560 exitus
1999 3507 2113 3570 Τι’,
2148 3505 2297 3559 exitu
2330 3505 2384 3558 Z
2550 3506 2611 3558 in
2644 3521 2748 3560 om.
2784 3504 2841 3558 Z

642 3591 673 3643 7
710 3591 1058 3645 inluminatio
1097 3592 1148 3645 Τ
1382 3593 1418 3646 8
1453 3593 1669 3664 mentis]
1709 3593 1837 3646 add.
1874 3591 2003 3647 fidei
2046 3594 2141 3647 Tt¹
2180 3595 2324 3660 (exp.
2363 3593 2451 3660 ι’),
2490 3607 2551 3645 ac
2586 3591 2715 3644 fidei
2750 3611 2808 3660 μ,
2842 3593 2899 3644 et

639 3675 764 3730 fidei
800 3677 854 3729 Z
1095 3675 1412 3732 crudelitate
1453 3679 1522 3733 Tt
1760 3681 2103 3733 conuertatur
2136 3679 2189 3732 Z
2426 3677 2745 3732 dicauerunt
2782 3677 2833 3731 T

641 3763 676 3816 9
711 3762 868 3816 deum
903 3782 976 3833 μυ
1160 3764 1338 3832 palam
1373 3763 1572 3818 mundo
1609 3782 1643 3820 v
1828 3765 2167 3819 monstrabat
2202 3785 2241 3834 μ,
2443 3764 2511 3817 10
2544 3763 2746 3818 diuinis
2782 3764 2837 3817 Z

643 3849 709 3902 11
746 3865 880 3917 qnae
913 3850 1005 3920 sit]
1041 3850 1135 3919 qui
1171 3854 1254 3904 est
1288 3853 1342 3904 Z
1560 3851 1710 3905 uitae
1746 3851 1848 3905 Tt¹
2077 3851 2145 3906 12
2179 3852 2361 3904 autem
2398 3850 2478 3904 ait
2513 3869 2587 3918 μυ
2814 3865 2898 3903 co-

637 3939 865 4004 gnoscat
906 3937 957 3990 T
1114 3935 1179 3989 13
1215 3940 1270 3990 et
1307 3939 1510 4008 uerum]
1549 3954 1733 3992 uerum
1772 3938 1870 3992 ΖΡ
1883 3958 1903 4006 ‚·
1941 3937 2016 4004 cf.
2058 3938 2225 4007 Gypr.
2262 3941 2347 4000 63,
2384 3941 2453 3991 10
2612 3937 2897 4005 christum]

639 4021 902 4074 christum
937 4022 1079 4076 hunc
1115 4029 1211 4079 etc.
1249 4025 1303 4078 Z
1305 4048 1323 4090 ;
1357 4025 1429 4092 cf.
1467 4029 1591 4092 123,
1639 4031 1737 4093 133
1794 4026 1985 4080 docens
2021 4028 2182 4095 atque
2218 4033 2319 4081 etc.
2356 4027 2477 4080 exh.
2524 4031 2654 4094 post
2686 4024 2899 4080 creden-

637 4109 786 4162 tibus
824 4111 948 4174 125,
981 4115 1017 4164 4
1233 4114 1302 4166 14
1335 4113 1504 4167 oculis
1539 4113 1594 4166 Z
1813 4113 1881 4166 15
1916 4111 2074 4168 deum
2108 4115 2199 4182 Ζμ
2426 4114 2481 4166 ct
2516 4129 2617 4167 om.
2664 4112 2833 4182 T²tfw

637 4197 920 4250 immutata
957 4197 1019 4262 T,
1059 4197 1321 4252 inmotota
1357 4205 1393 4264 t,
1433 4199 1597 4253 immo
1620 4200 1743 4253 tota
1778 4215 1853 4268 μυ
1993 4199 2061 4253 15
2094 4199 2253 4253 fidem
2288 4199 2342 4253 Z
2492 4224 2547 4251 a·
2570 4197 2797 4254 deuotae
2833 4198 2898 4261 T,

633 4283 692 4335 et
739 4282 1022 4338 deuotione
1070 4285 1197 4339 Bal.
1249 4301 1318 4339 ex
1363 4303 1426 4352 r,·
1476 4285 1707 4340 uidetur
1742 4301 1853 4340 esse
1903 4288 2236 4356 qraecismus
2274 4302 2383 4354 pro
2420 4285 2615 4339 deuota
2650 4287 2829 4338 mente

643 4369 707 4422 17
743 4370 802 4422 in
838 4385 1051 4424 sensum
1085 4357 1176 4425 din
1214 4359 1330 4441 (dii
1364 4371 1438 4441 Z)
1477 4373 1564 4436 Zt,
1603 4387 1705 4427 om.
1744 4371 1871 4426 Bal.
2036 4372 2265 4441 aspiciat
2302 4371 2356 4426 Z
2490 4371 2605 4440 ipse
2642 4385 2743 4424 om.
2780 4371 2833 4424 Ζ

640 4454 708 4508 18
744 4457 800 4508 et
835 4471 934 4510 om.
974 4457 1025 4510 Z
1225 4459 1352 4511 ante
1386 4457 1587 4525 monet]
1625 4460 1895 4512 ammonet
1928 4458 1983 4511 Z
2184 4458 2251 4512 19
2288 4458 2471 4527 elarga
2508 4456 2605 4510 Τι’
