3217 5150
677 536 796 597 112
1604 527 1967 597 Appendix.

671 688 818 749 alius
851 706 983 749 uero
1013 689 1302 749 confessus
1331 691 1440 761 est,
1485 687 1621 761 quia
1648 688 1914 748 innocens
1960 686 2225 746 iniuriam
2254 686 2489 759 patitur.
2534 686 2697 745 Iesus
2726 689 2925 745 autem

671 790 863 851 ambos
893 791 1290 864 speculabatur
1317 793 1387 849 de
1415 791 1577 865 ligno
1607 790 1985 864 speculatorio
2014 789 2411 862 blasphemum
2440 792 2499 848 et
2518 788 2924 858 confessorem,

671 893 1048 953 confessorem
1107 894 1355 953 saluauit
1403 896 1464 953 et
1513 892 1909 967 blasphemum
1958 890 2235 975 perdidit,
2282 892 2453 951 sicuti
2502 891 2571 951 de
2628 891 2772 951 duos
2815 908 2923 965 po-

670 995 835 1069 pulos
865 995 1020 1055 fecit.

613 1096 653 1154 8
758 1099 1152 1158 Persecutores
1203 1097 1480 1169 derelicti,
1531 1098 1633 1171 qui
1676 1096 1736 1155 in
1776 1100 2035 1157 aeternae
2084 1097 2283 1156 mortis
2326 1094 2611 1155 sententia
2653 1094 2765 1155 sibi
2806 1112 2924 1155 non
2943 1116 2971 1153 ⁵

671 1200 1028 1273 crediderint,
1059 1201 1110 1261 si
1141 1200 1224 1259 sic
1250 1200 1320 1259 de
1349 1198 1572 1259 saecule
1603 1198 1862 1270 exierint,
1892 1200 2141 1273 perient:
2166 1202 2364 1272 gentes
2386 1201 2577 1259 autem
2600 1197 2675 1255 ad
2696 1214 2757 1257 se
2782 1214 2924 1257 con-

673 1320 868 1363 uersae
893 1304 1057 1364 fidem
1080 1304 1192 1362 sibi
1213 1302 1508 1374 habentes,
1535 1302 1671 1375 quia
1692 1301 1845 1360 filius
1868 1301 1973 1361 Dei
1996 1305 2103 1373 est,
2128 1302 2339 1363 saluati
2362 1301 2635 1361 uiuebunt
2656 1301 2715 1359 in
2732 1304 2927 1361 aeter-

671 1424 746 1465 na
774 1406 1001 1466 saecula
1029 1405 1378 1465 saeculorum
1408 1422 1534 1463 cum
1576 1404 1973 1477 imperatorem
2000 1408 2061 1465 et
2088 1422 2279 1478 regem
2309 1421 2493 1463 suum.
2544 1420 2675 1465 uero
2704 1404 2767 1461 in
2796 1404 2929 1477 ipsa

670 1508 930 1582 passione
943 1509 1195 1583 pendens
1215 1508 1276 1577 in
1293 1506 1450 1581 ligno
1470 1508 1611 1565 duas
1632 1509 1826 1579 partes
1845 1506 2041 1581 populi
2060 1506 2411 1581 prospiciens
2432 1506 2836 1581 speculabatur
2854 1506 2925 1564 de

671 1611 788 1669 alto
811 1611 985 1684 ligno,
1020 1612 1237 1684 partem
1261 1609 1456 1683 populi
1471 1608 1569 1682 qui
1579 1610 1843 1668 uiderant
1862 1610 2106 1669 uirtutes
2130 1610 2253 1669 eius
2274 1609 2567 1669 mirabiles
2584 1611 2645 1667 et
2665 1608 2919 1681 deificas,
2944 1632 3001 1669 10

670 1714 980 1788 patientem
1033 1713 1197 1771 illum
1251 1711 1518 1771 iniuriam
1569 1713 1825 1773 dolentes
1874 1713 2209 1787 plorabant:
2255 1713 2359 1773 alii
2388 1729 2521 1773 uero
2549 1712 2747 1772 Iudaei
2774 1712 2920 1771 inri-

671 1816 869 1875 dentes
901 1816 968 1875 de
1009 1814 1324 1875 harundine
1353 1819 1521 1889 caput
1549 1816 1602 1875 ei
1633 1816 1999 1889 quassabant,
2042 1815 2503 1891 blasphemantes
2532 1818 2593 1875 et
2633 1815 2919 1875 dieentes:

671 1936 798 1977 aue
861 1935 986 1977 rex
1029 1918 1486 1990 Iudaeorum,
1532 1918 1656 1977 ubi
1711 1920 1825 1977 est
1867 1921 2077 1992 pater
2119 1920 2331 1977 tuus?
2374 1918 2627 1978 ueniat
2670 1921 2745 1975 et
2786 1917 2921 1976 eli-

671 2023 879 2080 beret
921 2024 992 2080 te
1036 2021 1116 2081 de
1161 2037 1393 2081 cruce.
1437 2022 1639 2081 exinde
1691 2022 2057 2081 exacerbatus
2106 2024 2269 2094 pater
2319 2021 2457 2081 fecit
2506 2021 2725 2081 caelum
2754 2024 2921 2095 pate-

671 2124 902 2195 factum,
933 2126 991 2184 et
1041 2124 1293 2184 tonitrua
1323 2124 1476 2184 facta
1505 2128 1639 2183 sunt
1672 2124 1747 2199 [et
1774 2125 2059 2199 tenebrae]
2092 2124 2525 2195 insustinibiles,
2578 2126 2734 2183 terra
2762 2140 2919 2182 oom-
2944 2150 2999 2188 ι»

671 2228 824 2285 mota
873 2230 982 2299 est,
1034 2225 1318 2301 patefacta
1351 2231 1486 2286 sunt
1515 2228 1777 2301 sepulcra
1806 2231 1867 2287 et
1896 2244 2133 2300 corpora
2160 2228 2313 2287 foras
2343 2244 2380 2285 a
2406 2244 2467 2287 se
2498 2226 2675 2299 misit,
2728 2225 2923 2285 uelum

671 2330 872 2403 templi
914 2330 1156 2389 scissum
1195 2333 1286 2390 est
1323 2333 1382 2389 et
1413 2348 1448 2389 a
1477 2332 1639 2389 tanto
1680 2330 1906 2403 fragore
1936 2331 2079 2390 caeli
2107 2332 2167 2389 et
2196 2333 2381 2389 terrae
2410 2332 2567 2390 motu
2596 2346 2791 2389 omnes
2820 2328 2925 2401 qui

673 2432 902 2491 stabant
937 2437 1069 2492 ante
1111 2432 1332 2506 lignum
1369 2432 1473 2493 alii
1503 2433 1761 2493 dolentes
1790 2434 1889 2491 alii
1918 2450 2051 2493 uero
2080 2432 2541 2506 blasphemantes
2596 2430 2923 2491 inludentes

670 2534 942 2609 prostrati
971 2536 1030 2596 in
1060 2534 1262 2595 faciem
1292 2534 1584 2596 iacuerunt
1626 2538 1931 2596 trementes
1967 2538 2255 2609 tamquam
2284 2533 2509 2596 mortui.
2556 2536 2691 2594 tunc
2719 2528 2921 2594 Iudaei

671 2639 1076 2700 intellexerunt
1117 2657 1178 2698 se
1217 2639 1518 2699 offendisse
1561 2638 1743 2698 Deum
1782 2641 1842 2699 et
1884 2639 1945 2699 in
1972 2638 2189 2698 luctum
2220 2639 2479 2699 conuersi
2506 2641 2660 2709 sunt,
2714 2641 2775 2696 et
2802 2635 2917 2696 fuit
2942 2659 3001 2698 πο

671 2743 1046 2802 exacerbatio.
1092 2759 1155 2801 eo
1208 2743 1358 2801 enim
1407 2744 1658 2816 tempore
1712 2759 1822 2816 quo
1872 2743 1934 2801 in
1984 2742 2139 2816 ligno
2192 2741 2443 2800 confixus
2470 2741 2743 2815 pependit
2794 2741 2919 2800 dies

672 2843 900 2903 fuerunt
941 2845 1262 2917 azimorum,
1305 2844 1404 2918 qui
1447 2847 1582 2904 sunt
1624 2845 1745 2904 dies
1784 2841 1923 2904 festi
1963 2846 2317 2904 Iudaeorum.
2364 2861 2431 2904 eo
2461 2844 2553 2904 die
2596 2845 2919 2904 metuentes

799 3077 872 3162 '13
905 3077 1108 3136 Matth.
1145 3079 1231 3144 27,
1265 3079 1350 3132 40.
1387 3079 1470 3134 49.

810 3318 839 3370 1
875 3316 1186 3386 patiebatur
1219 3333 1252 3371 v
1513 3317 1547 3371 3
1581 3317 1937 3373 confessorem
1972 3339 2011 3387 μ
2046 3336 2089 3372 s.
2124 3319 2158 3373 Ζ.
2194 3335 2262 3372 m.
2300 3321 2340 3372 2
2590 3318 2831 3373 saluabit
2865 3321 2923 3371 et

665 3403 1017 3457 confessorem
1059 3404 1110 3457 T
1387 3403 1592 3458 duobus
1628 3405 1835 3473 populis
1873 3405 1946 3458 M
1948 3411 2039 3474 2μυ
2310 3405 2345 3458 5
2379 3403 2633 3459 derelicto
2671 3405 2731 3470 Τ,
2768 3404 2917 3458 dere-

671 3490 790 3543 licti
825 3491 952 3543 sunt
987 3509 1026 3557 μ
1210 3489 1267 3542 in
1301 3505 1402 3545 om.
1436 3509 1476 3559 μ
1662 3491 1945 3544 sententiis
1983 3490 2055 3555 T,
2092 3491 2415 3544 sententiam
2450 3511 2490 3559 μ,
2676 3491 2783 3546 sibi
2816 3507 2919 3546 on.

669 3596 722 3643 μ,
749 3575 796 3628 si
825 3577 875 3628 T
1030 3575 1067 3628 6
1087 3576 1135 3628 si
1159 3594 1198 3643 μ
1220 3591 1264 3629 s.
1290 3577 1324 3629 l.
1349 3592 1417 3628 m.
1443 3578 1500 3640 2,
1523 3578 1580 3629 et
1603 3577 1739 3645 Μμι
1883 3578 2063 3646 perint
2086 3577 2159 3630 M
2168 3577 2241 3641 ¹1⁷,
2270 3579 2507 3647 perirent
2530 3597 2569 3646 μ
2590 3593 2633 3632 8.
2656 3577 2694 3632 Ζ.
2717 3593 2787 3630 m.
2810 3579 2854 3630 2

666 3663 844 3715 autem
887 3663 947 3724 T,
981 3676 1107 3714 uero
1143 3661 1288 3730 Μμο
1441 3677 1723 3716 conuersas
1758 3663 1831 3718 M
1836 3664 1923 3732 Τμ
2083 3663 2114 3716 7
2150 3663 2391 3718 saluatae
2428 3681 2502 3732 μυ
2658 3662 2925 3718 uidebant

664 3749 739 3803 Μ
739 3748 834 3812 Tv,
871 3746 1194 3800 uidebuntur
1227 3766 1268 3815 μ
1508 3748 1544 3802 8
1578 3764 1699 3802 cum
1733 3764 1833 3803 om.
1868 3765 1903 3804 v
2156 3750 2475 3817 imperatore
2510 3769 2551 3819 μ
2793 3765 2921 3818 rege

665 3850 759 3888 suo
795 3853 835 3903 μ
1175 3849 1360 3886 uerum
1396 3849 1470 3903 μυ
1810 3835 1869 3888 in
1904 3834 2022 3903 ipsa
2053 3835 2131 3904 p.]
2177 3836 2348 3904 ipsam
2395 3836 2695 3905 passionem
2730 3835 2859 3888 ΜΤ

668 3919 736 3973 10
767 3935 891 3988 pars
926 3936 979 3974 v.
1187 3918 1425 3973 uiderint
1461 3918 1512 3972 T
1753 3921 1818 3974 11
1856 3918 2081 3973 iniurias
2116 3938 2164 3985 v,
2203 3921 2260 3973 in
2296 3920 2438 3974 furia
2466 3921 2528 3976 -T
2753 3921 2820 3974 12
2854 3919 2921 3973 de

667 4025 788 4076 exp.
826 4027 866 4077 μ
1083 4007 1150 4076 ei]
1189 4008 1302 4061 eius
1339 4025 1412 4077 μυ
1632 4009 1701 4063 13
1734 4009 1873 4063 haue
1908 4009 1981 4062 M
1986 4009 2057 4062 *Τ
2261 4008 2444 4062 ueniet
2478 4028 2519 4077 μ
2723 4007 2925 4062 liberet

666 4094 810 4163 Μμυ
1014 4094 1083 4147 14
1116 4095 1172 4148 te
1207 4109 1306 4148 ont.
1341 4111 1375 4148 v
1579 4094 1823 4164 patefieri
1856 4110 1889 4148 v
2094 4096 2162 4148 15
2196 4097 2253 4148 et
2286 4094 2537 4148 tenebrae
2563 4109 2663 4148 om.
2690 4093 2859 4162 ΜΤμ,

666 4178 1061 4234 insustinibilia
1095 4200 1135 4248 μ,
1389 4181 1455 4234 16
1489 4182 1572 4234 est
1605 4196 1706 4235 om.
1742 4181 1845 4234 Μυ
2096 4180 2329 4249 corpora]
2366 4180 2493 4234 add.
2529 4197 2587 4236 v:
2624 4196 2721 4234 sua
2758 4180 2925 4236 εἰωθ-

665 4267 792 4318 runt
829 4267 884 4319 et
1121 4266 1382 4320 miserunt
1416 4283 1450 4320 v
1682 4267 1747 4320 17
1784 4266 2011 4322 scissum
2045 4270 2130 4320 est
2165 4267 2223 4320 in
2257 4266 2464 4321 duabus
2498 4266 2747 4335 partibus
2782 4267 2861 4322 M

666 4353 843 4405 motus
877 4351 952 4404 M
956 4352 1038 4416 ¹1⁷,
1073 4353 1252 4405 motus
1289 4353 1413 4404 sunt
1447 4351 1556 4416 M2,
1591 4367 1692 4406 om.
1730 4371 1770 4422 μ
1910 4352 1977 4406 18
2010 4354 2066 4408 ct
2090 4351 2377 4408 illudentes
2399 4371 2434 4409 υ
2569 4353 2639 4406 20
2662 4335 2791 4407 dffi'fi
2814 4373 2855 4422 μ

665 4437 732 4490 21
767 4436 958 4490 infixus
993 4437 1068 4492 M
1266 4435 1336 4490 22
1370 4451 1673 4505 azymorum
1709 4454 1743 4492 v
