3217 5150
2352 539 2481 588 xlx

313 672 562 757 Codices
603 691 755 757 quos
795 674 1039 759 praeter
1079 674 1413 758 descriptos
1455 675 1803 742 uestustate
1840 675 2113 761 insignes
2153 674 2387 742 contuli
2416 677 2481 742 et

224 786 293 850 in
335 784 638 865 auxilium
685 786 910 851 uocaui
949 786 1042 851 ita
1085 786 1230 851 sunt
1279 786 1637 871 comparati,
1684 787 1758 852 ut
1800 787 2085 870 quamuis
2136 786 2373 885 uirtute
2418 788 2483 854 et

227 896 426 979 pretio
470 896 598 961 sint
634 895 976 963 dissimiles
1019 898 1232 963 nullus
1273 898 1482 963 tamen
1523 898 1672 963 adeo
1700 916 1845 980 prae
1874 898 2093 965 ceteris
2123 898 2481 983 integritate

228 1006 488 1073 excellat
517 1025 703 1090 quem
729 1006 829 1072 his
857 1008 1158 1093 neglectis
1188 1027 1381 1073 unum
1411 1026 1662 1075 securus
1683 1008 1750 1074 in
1770 1008 1923 1075 locis
1951 1009 2159 1075 dubiis
2186 1011 2479 1093 sequaris.

221 1136 370 1183 nam
411 1137 482 1185 ea
523 1120 618 1185 est
660 1120 823 1185 inter
863 1119 974 1183 hos
1018 1138 1173 1185 saec.
1217 1118 1490 1184 lX-XI
1531 1118 1724 1186 libros
1764 1118 2197 1203 discrepantia,
2238 1120 2313 1185 ut
2340 1122 2485 1187 ante

229 1230 546 1295 saeculum
598 1246 830 1295 nonum
871 1230 1180 1315 insignem
1223 1230 1632 1295 mutationem
1678 1248 1798 1295 non
1839 1248 1910 1295 ex
1950 1229 2346 1297 librariorum
2384 1230 2483 1297 in-

233 1340 406 1406 curia
433 1340 827 1423 repetendam
857 1341 965 1407 sed
995 1358 1068 1405 ex
1096 1340 1643 1425 grammaticorum
1673 1341 2093 1407 emendatione
2122 1341 2483 1424 profectam,

231 1452 412 1517 cuius
443 1453 672 1517 testem
702 1451 1111 1518 Veronensem
1142 1450 1669 1536 deprehendimus,
1702 1451 1769 1517 in
1796 1450 2084 1537 Cypriani
2114 1454 2487 1549 exemplaria

231 1562 468 1645 passim
504 1562 834 1645 inrepsisse
862 1562 1265 1630 statuendum
1295 1564 1400 1630 sit.
1434 1563 1510 1628 de
1536 1563 1636 1631 his
1665 1563 1848 1631 rebus
1878 1565 2227 1631 accuratius
2256 1564 2485 1648 poterit

232 1676 383 1741 tunc
423 1675 676 1741 demum
718 1674 1000 1755 iudicari,
1047 1695 1188 1741 cum
1217 1675 1582 1759 Hieronymi
1624 1677 1689 1742 et
1717 1675 2059 1762 Augustini
2096 1694 2279 1761 opera
2317 1677 2485 1743 iusta

227 1786 628 1853 annotatione
671 1786 889 1854 critica
926 1788 1232 1855 instructa
1259 1787 1618 1870 prodierint.
1667 1788 1733 1853 id
1763 1789 1929 1855 certo
1960 1789 2199 1855 constat
2228 1790 2291 1855 et
2321 1789 2485 1872 ipsos

227 1898 512 1965 diuersae
552 1899 917 1966 recensionis
961 1894 1332 1985 exemplaria
1361 1897 1653 1985 Cypriani
1682 1918 1875 1983 eaque
1902 1896 2273 1985 interpolata
2302 1918 2484 1966 usur-

226 2028 427 2092 passe.
489 2011 596 2077 sed
647 2030 790 2078 cum
847 2013 1192 2079 secundarii
1248 2014 1486 2079 codices
1536 2028 1687 2092 non,
1711 2032 1783 2079 ex
1832 2012 1943 2078 illo
1995 2030 2115 2097 quo
2161 2010 2203 2077 S
2254 2013 2363 2079 sed
2413 2031 2487 2079 ex

231 2120 514 2191 diuersae
554 2141 804 2205 prorsus
844 2123 1214 2191 recensionis
1253 2126 1581 2210 archetypo
1610 2143 1725 2192 nec
1752 2125 1966 2191 eodem
1994 2123 2245 2207 quidem
2274 2142 2484 2191 omnes

229 2233 558 2319 propagati
617 2236 762 2316 sint,
829 2236 908 2301 ad
966 2234 1348 2322 Seguieriani
1398 2235 1547 2302 libri
1591 2234 1709 2302 1101
1765 2222 1989 2303 menda
2045 2236 2323 2301 tollenda
2380 2236 2484 2301 uel

233 2344 667 2412 insolentiores
718 2347 1058 2431 scripturas
1108 2348 1309 2431 magis
1361 2346 1809 2414 confirmandas
1860 2366 1984 2413 non
2031 2346 2192 2412 nihil
2242 2347 2483 2424 ualent;

235 2456 346 2521 ubi
368 2475 512 2522 uero
537 2456 579 2523 S
602 2458 830 2524 codicis
853 2458 1024 2525 foliis
1054 2458 1389 2542 deperditis
1418 2459 1517 2524 his
1547 2458 1677 2524 iam
1708 2457 1855 2524 solis
1886 2458 2078 2524 uerba
2096 2458 2487 2525 emendanda

233 2568 434 2648 erant,
478 2588 598 2635 non
639 2572 772 2636 tam
801 2590 1014 2638 eorum
1041 2570 1288 2638 diuersa
1317 2570 1588 2655 dignitas
1614 2556 1685 2636 'et
1714 2569 2067 2650 auctoritas,
2111 2589 2299 2652 quam
2326 2570 2486 2637 aliae

236 2680 504 2746 rationes
556 2680 890 2767 diligenter
943 2684 1422 2767 circumspectae
1451 2685 1516 2749 et
1542 2683 1913 2782 ponderatae
1942 2681 2247 2748 iudicium
2274 2701 2486 2749 meum

238 2792 554 2877 regebant.
586 2793 758 2858 nolui
787 2793 992 2878 igitur
1013 2794 1298 2877 pluribus
1329 2795 1645 2862 codicibus
1675 2796 1998 2877 exscriptis
2028 2794 2485 2860 adnotationem

2547 690 2723 736 codiee·

2498 759 2773 805 recentiores.

233 2904 522 2971 criticam
564 2905 756 2971 nimis
801 2924 1044 2992 augere,
1089 2907 1196 2971 sed
1240 2904 1454 2989 paucis
1485 2906 1695 2990 eisque
1722 2907 1797 2972 ut
1822 2907 1887 2972 in
1916 2907 2032 2974 hac
2060 2905 2486 2973 mediocritate
2526 2981 2531 2984 ¹

233 3017 600 3083 melioribus
659 3019 980 3084 contentus
1021 3007 1133 3082 fui.
1191 3017 1354 3083 inter
1402 3036 1554 3102 quos
1596 3019 1939 3103 principem
1987 3019 2195 3084 locum
2245 3016 2487 3083 obtinet

236 3128 773 3214 Wirceburgensis
802 3129 988 3196 theol.
1024 3130 1149 3196 145
1175 3128 1314 3218 (W)
1339 3131 1619 3197 omnium
1642 3129 1931 3216 Cypriani
1962 3130 2261 3210 codicum,
2292 3130 2400 3214 qui
2421 3130 2489 3196 in

237 3239 606 3307 Germaniae
625 3241 1020 3308 bibliothecis
1042 3245 1456 3329 asseruntur,
1487 3243 1955 3310 uetustissimus
1976 3262 2131 3310 saec.
2148 3240 2490 3308 VIII—IX

230 3353 585 3418 charactere
615 3351 1072 3437 longobardico
1117 3348 1402 3420 exaratus
1455 3353 1719 3420 diuersis
1764 3353 2069 3421 manibus.
2128 3353 2311 3419 initio
2355 3351 2489 3417 eius

235 3464 524 3529 truncato
552 3462 774 3546 incipit
801 3463 909 3529 fol.
945 3465 1043 3530 1⁸:
1076 3469 1214 3530 etur
1240 3468 1297 3529 et
1324 3465 1400 3529 in
1429 3484 1667 3531 nouwm
1698 3463 1808 3552 (=
1838 3487 1899 3551 p.
1928 3463 2171 3552 49‚18)‚
2203 3464 2248 3529 f.
2284 3464 2351 3528 7⁸
2377 3462 2420 3527 l.
2446 3462 2489 3529 2

235 3574 314 3640 ab
359 3576 543 3641 extr.:
589 3573 664 3640 de
703 3574 812 3640 deo
852 3579 958 3642 est.
988 3576 1100 3658 qui
1137 3576 1339 3642 medio
1368 3580 1649 3642 uestrum
1676 3580 1801 3641 stat
1843 3575 2113 3660 (omittit
2141 3574 2255 3656 qui
2281 3577 2489 3640 autem

235 3706 295 3769 p.
337 3686 526 3766 73‚16
553 3723 641 3737 --
669 3686 746 3752 in
785 3707 958 3769 aqua
997 3707 1055 3771 p.
1090 3688 1286 3772 87‚4)‚
1329 3686 1373 3753 f.
1416 3688 1527 3754 38b
1557 3686 1691 3752 AD
1727 3683 2495 3762 QVIRINVMLLBER

235 3799 357 3862 III
400 3777 832 3865 EXPLICIT
892 3797 1254 3865 INCIPIT
1300 3797 1433 3863 AD
1489 3797 1901 3864 FELIOEM
1971 3795 2195 3863 VERs
2204 3795 2313 3863 Vs
2361 3796 2497 3860 DE

236 3909 412 3977 RES
421 3909 999 3977 VRREC'TIONE
1032 3912 1116 3976 M
1114 3910 1625 3977 ORTVORVM
1664 3907 1794 3985 Qui
1832 3908 1994 3973 mihi
2041 3905 2356 3974 ruricolas
2394 3907 2491 3973 ob-

232 4024 405 4087 toeuit
445 4025 559 4088 etc.
565 4072 582 4107 ‚
624 4021 668 4088 f.
711 4022 827 4088 43·
865 4012 1148 4088 EXPLI
1143 4021 1241 4088 C'I
1238 4023 1298 4088 Τ
1325 4022 1462 4088 DE
1483 4018 2247 4088 RESVRREC'TIONE
2268 4021 2348 4084 M
2350 4019 2490 4085 OR-

245 4132 631 4200 TVORVM
693 4132 999 4200 CEC'ILI
1063 4133 1506 4200 CYPRIANI
1549 4131 1685 4198 AD
1738 4130 2155 4198 FELICEM.
2224 4131 2303 4197 ab
2368 4130 2492 4196 alio
2562 4161 2575 4169 -

229 4243 457 4311 deinde
496 4244 752 4312 librario
784 4244 1082 4328 descripti
1111 4246 1454 4328 sequuntur
1481 4243 1687 4310 libelli
1716 4241 1827 4308 Ad
1856 4241 2185 4309 Donatwm
2213 4241 2257 4307 f.
2290 4240 2493 4306 48¹³—

230 4353 368 4432 55b,
400 4352 500 4421 De
530 4354 723 4421 labsis
743 4355 786 4422 f.
814 4355 1142 4438 55⁵—672
1172 4354 1276 4422 De
1302 4355 1594 4423 catholice
1621 4354 1917 4422 aeclesiae
1942 4353 2231 4421 unitatae
2253 4351 2298 4420 f.
2324 4353 2497 4418 67—

235 4465 366 4546 76⁸,
413 4463 514 4531 De
552 4465 872 4535 dominica
909 4468 1188 4536 oratione
1227 4467 1272 4534 f.
1308 4469 1633 4554 76⁶-87⁸‚
1679 4466 1781 4534 Dc
1806 4465 2191 4636 mortagitatc
2217 4464 2263 4530 f.
2293 4464 2493 4532 87¹³-

2046 4571 2081 4611 8
