<?xml version="1.0" encoding="UTF-8"?>
<!DOCTYPE html PUBLIC "-//W3C//DTD XHTML 1.0 Transitional//EN"
    "http://www.w3.org/TR/xhtml1/DTD/xhtml1-transitional.dtd">
<html xmlns="http://www.w3.org/1999/xhtml" xml:lang="en" lang="en">
 <head>
  <title>
</title>
<meta http-equiv="Content-Type" content="text/html;charset=utf-8" />
  <meta name='ocr-system' content='tesseract 3.04.00' />
  <meta name='ocr-capabilities' content='ocr_page ocr_carea ocr_par ocr_line ocrx_word'/>
</head>
<body>
  <div class='ocr_page' id='page_1' title='image "./corpusscriptoru29wissgoog_0185.png"; bbox 0 0 3217 5150; ppageno 0'>
   <div class='ocr_carea' id='block_1_1' title="bbox 681 554 2486 630">
    <p class='ocr_par' dir='ltr' id='par_1_1' title="bbox 681 554 2486 630">
     <span class='ocr_line' id='line_1_1' title="bbox 681 554 2486 630; baseline 0.006 -23"><span class='ocrx_word' id='word_1_1' title='bbox 681 554 772 608; x_wconf 91' lang='lat' dir='ltr'>De</span> <span class='ocrx_word' id='word_1_2' title='bbox 809 555 1316 625; x_wconf 75' lang='lat' dir='ltr'><strong>singularitate</strong></span> <span class='ocrx_word' id='word_1_3' title='bbox 1350 554 1753 610; x_wconf 86' lang='lat' dir='ltr'>clericorum</span> <span class='ocrx_word' id='word_1_4' title='bbox 1792 572 1833 611; x_wconf 87' lang='lat' dir='ltr'>c.</span> <span class='ocrx_word' id='word_1_5' title='bbox 1868 558 2021 612; x_wconf 81' lang='lat'>4—7.</span> <span class='ocrx_word' id='word_1_6' title='bbox 2358 560 2486 630; x_wconf 78' lang='grc'>179</span> 
     </span>
    </p>
   </div>
   <div class='ocr_carea' id='block_1_2' title="bbox 139 688 2547 3572">
    <p class='ocr_par' dir='ltr' id='par_1_2' title="bbox 139 688 2547 3572">
     <span class='ocr_line' id='line_1_2' title="bbox 219 688 2479 788; baseline 0.003 -15"><span class='ocrx_word' id='word_1_7' title='bbox 219 713 393 773; x_wconf 77' lang='lat' dir='ltr'>ritate</span> <span class='ocrx_word' id='word_1_8' title='bbox 417 730 533 773; x_wconf 93' lang='lat' dir='ltr'>non</span> <span class='ocrx_word' id='word_1_9' title='bbox 557 688 786 773; x_wconf 76' lang='lat' dir='ltr'>habitat</span> <span class='ocrx_word' id='word_1_10' title='bbox 817 712 1000 774; x_wconf 89' lang='lat' dir='ltr'>amica</span> <span class='ocrx_word' id='word_1_11' title='bbox 1030 714 1345 788; x_wconf 87' lang='lat' dir='ltr'>concordia,</span> <span class='ocrx_word' id='word_1_12' title='bbox 1377 714 1643 788; x_wconf 87' lang='lat' dir='ltr'>quoniam</span> <span class='ocrx_word' id='word_1_13' title='bbox 1670 731 1784 775; x_wconf 90' lang='lat' dir='ltr'>non</span> <span class='ocrx_word' id='word_1_14' title='bbox 1812 716 1927 775; x_wconf 91' lang='lat' dir='ltr'>nisi</span> <span class='ocrx_word' id='word_1_15' title='bbox 1954 716 2343 779; x_wconf 73' lang='lat' dir='ltr'>discordantes</span> <span class='ocrx_word' id='word_1_16' title='bbox 2364 718 2479 778; x_wconf 88' lang='lat' dir='ltr'>ini·</span> 
     </span>
     <span class='ocr_line' id='line_1_3' title="bbox 220 800 2546 895; baseline 0.002 -17"><span class='ocrx_word' id='word_1_17' title='bbox 220 817 472 878; x_wconf 87' lang='lat' dir='ltr'>micitias</span> <span class='ocrx_word' id='word_1_18' title='bbox 501 819 677 877; x_wconf 87' lang='lat' dir='ltr'>creat.</span> <span class='ocrx_word' id='word_1_19' title='bbox 707 816 849 878; x_wconf 88' lang='lat' dir='ltr'>fecit</span> <span class='ocrx_word' id='word_1_20' title='bbox 878 818 1141 891; x_wconf 80' lang='lat' dir='ltr'>equidem</span> <span class='ocrx_word' id='word_1_21' title='bbox 1165 817 1462 879; x_wconf 89' lang='lat' dir='ltr'>mulierem</span> <span class='ocrx_word' id='word_1_22' title='bbox 1490 818 1615 878; x_wconf 88' lang='lat' dir='ltr'>uiro</span> <span class='ocrx_word' id='word_1_23' title='bbox 1645 819 1918 880; x_wconf 82' lang='lat' dir='ltr'>Dominus</span> <span class='ocrx_word' id='word_1_24' title='bbox 1962 821 2299 881; x_wconf 86' lang='lat' dir='ltr'>adiutricem</span> <span class='ocrx_word' id='word_1_25' title='bbox 2315 867 2329 895; x_wconf 90' lang='lat'>‚</span> <span class='ocrx_word' id='word_1_26' title='bbox 2376 822 2481 882; x_wconf 84' lang='lat' dir='ltr'>sed</span> <span class='ocrx_word' id='word_1_27' title='bbox 2533 800 2546 813; x_wconf 57' lang='lat'>⁸</span> 
     </span>
     <span class='ocr_line' id='line_1_4' title="bbox 221 920 2481 997; baseline 0.002 -17"><span class='ocrx_word' id='word_1_28' title='bbox 221 920 509 996; x_wconf 89' lang='lat' dir='ltr'>serpentis</span> <span class='ocrx_word' id='word_1_29' title='bbox 538 920 754 981; x_wconf 87' lang='lat' dir='ltr'>inuidia</span> <span class='ocrx_word' id='word_1_30' title='bbox 783 938 1082 996; x_wconf 85' lang='lat' dir='ltr'>personam</span> <span class='ocrx_word' id='word_1_31' title='bbox 1113 921 1359 997; x_wconf 79' lang='lat' dir='ltr'>sumpsit</span> <span class='ocrx_word' id='word_1_32' title='bbox 1399 922 1685 982; x_wconf 80' lang='lat' dir='ltr'>hostilem.</span> <span class='ocrx_word' id='word_1_33' title='bbox 1732 924 1878 997; x_wconf 88' lang='lat' dir='ltr'>quod</span> <span class='ocrx_word' id='word_1_34' title='bbox 1911 923 1963 982; x_wconf 89' lang='lat' dir='ltr'>si</span> <span class='ocrx_word' id='word_1_35' title='bbox 1992 923 2095 984; x_wconf 89' lang='lat' dir='ltr'>illa</span> <span class='ocrx_word' id='word_1_36' title='bbox 2122 925 2193 985; x_wconf 90' lang='lat' dir='ltr'>de</span> <span class='ocrx_word' id='word_1_37' title='bbox 2224 924 2348 984; x_wconf 91' lang='lat' dir='ltr'>uiro</span> <span class='ocrx_word' id='word_1_38' title='bbox 2378 942 2481 985; x_wconf 85' lang='lat' dir='ltr'>suo</span> 
     </span>
     <span class='ocr_line' id='line_1_5' title="bbox 216 1024 2483 1103; baseline 0.003 -20"><span class='ocrx_word' id='word_1_39' title='bbox 216 1026 360 1083; x_wconf 84' lang='lat' dir='ltr'>nata</span> <span class='ocrx_word' id='word_1_40' title='bbox 389 1040 570 1099; x_wconf 86' lang='lat' dir='ltr'>usque</span> <span class='ocrx_word' id='word_1_41' title='bbox 599 1024 768 1084; x_wconf 89' lang='lat' dir='ltr'>hodie</span> <span class='ocrx_word' id='word_1_42' title='bbox 799 1024 990 1099; x_wconf 89' lang='lat' dir='ltr'>ipsum</span> <span class='ocrx_word' id='word_1_43' title='bbox 1020 1024 1113 1085; x_wconf 89' lang='lat' dir='ltr'>cui</span> <span class='ocrx_word' id='word_1_44' title='bbox 1140 1024 1398 1099; x_wconf 84' lang='lat' dir='ltr'>iungitur</span> <span class='ocrx_word' id='word_1_45' title='bbox 1425 1027 1672 1099; x_wconf 89' lang='lat' dir='ltr'>temptat</span> <span class='ocrx_word' id='word_1_46' title='bbox 1687 1070 1701 1099; x_wconf 91' lang='lat'><strong><em>,</em></strong></span> <span class='ocrx_word' id='word_1_47' title='bbox 1735 1027 1944 1099; x_wconf 88' lang='lat' dir='ltr'>quanto</span> <span class='ocrx_word' id='word_1_48' title='bbox 1974 1028 2160 1101; x_wconf 84' lang='lat' dir='ltr'>magis</span> <span class='ocrx_word' id='word_1_49' title='bbox 2202 1026 2309 1087; x_wconf 88' lang='lat' dir='ltr'>illa</span> <span class='ocrx_word' id='word_1_50' title='bbox 2336 1044 2483 1103; x_wconf 87' lang='lat' dir='ltr'>quae</span> 
     </span>
     <span class='ocr_line' id='line_1_6' title="bbox 175 1125 2483 1203; baseline 0.001 -16"><span class='ocrx_word' id='word_1_51' title='bbox 175 1150 200 1187; x_wconf 73' lang='lat'>⁵</span> <span class='ocrx_word' id='word_1_52' title='bbox 223 1126 530 1201; x_wconf 88' lang='lat' dir='ltr'>copulatur</span> <span class='ocrx_word' id='word_1_53' title='bbox 557 1128 721 1188; x_wconf 88' lang='lat' dir='ltr'>nulla</span> <span class='ocrx_word' id='word_1_54' title='bbox 748 1127 879 1202; x_wconf 84' lang='lat' dir='ltr'>lege</span> <span class='ocrx_word' id='word_1_55' title='bbox 909 1128 1252 1188; x_wconf 73' lang='lat' dir='ltr'>coniuncta?</span> <span class='ocrx_word' id='word_1_56' title='bbox 1295 1131 1354 1189; x_wconf 93' lang='lat' dir='ltr'>et</span> <span class='ocrx_word' id='word_1_57' title='bbox 1394 1128 1446 1187; x_wconf 90' lang='lat' dir='ltr'>si</span> <span class='ocrx_word' id='word_1_58' title='bbox 1488 1127 1579 1188; x_wconf 91' lang='lat' dir='ltr'>illi</span> <span class='ocrx_word' id='word_1_59' title='bbox 1626 1127 1727 1203; x_wconf 89' lang='lat' dir='ltr'>qui</span> <span class='ocrx_word' id='word_1_60' title='bbox 1766 1125 1881 1190; x_wconf 87' lang='lat' dir='ltr'>duo</span> <span class='ocrx_word' id='word_1_61' title='bbox 1920 1132 2054 1189; x_wconf 90' lang='lat' dir='ltr'>sunt</span> <span class='ocrx_word' id='word_1_62' title='bbox 2082 1129 2143 1189; x_wconf 91' lang='lat' dir='ltr'>in</span> <span class='ocrx_word' id='word_1_63' title='bbox 2172 1146 2339 1191; x_wconf 85' lang='lat' dir='ltr'>carne</span> <span class='ocrx_word' id='word_1_64' title='bbox 2368 1148 2483 1190; x_wconf 91' lang='lat' dir='ltr'>una</span> 
     </span>
     <span class='ocr_line' id='line_1_7' title="bbox 220 1228 2483 1307; baseline 0 -16"><span class='ocrx_word' id='word_1_65' title='bbox 220 1228 474 1291; x_wconf 74' lang='lat' dir='ltr'>concreti</span> <span class='ocrx_word' id='word_1_66' title='bbox 519 1231 994 1305; x_wconf 81' lang='lat' dir='ltr'>temptationibus</span> <span class='ocrx_word' id='word_1_67' title='bbox 1023 1232 1239 1291; x_wconf 91' lang='lat' dir='ltr'>mutuis</span> <span class='ocrx_word' id='word_1_68' title='bbox 1271 1231 1517 1291; x_wconf 88' lang='lat' dir='ltr'>inuicem</span> <span class='ocrx_word' id='word_1_69' title='bbox 1547 1235 1839 1307; x_wconf 79' lang='lat' dir='ltr'>pungunt,</span> <span class='ocrx_word' id='word_1_70' title='bbox 1872 1231 2011 1307; x_wconf 92' lang='lat' dir='ltr'>quid</span> <span class='ocrx_word' id='word_1_71' title='bbox 2040 1232 2263 1292; x_wconf 77' lang='lat' dir='ltr'>faciunt</span> <span class='ocrx_word' id='word_1_72' title='bbox 2291 1233 2354 1292; x_wconf 93' lang='lat' dir='ltr'>hi</span> <span class='ocrx_word' id='word_1_73' title='bbox 2383 1232 2483 1307; x_wconf 88' lang='lat' dir='ltr'>qui</span> 
     </span>
     <span class='ocr_line' id='line_1_8' title="bbox 217 1334 2483 1410; baseline 0.001 -18"><span class='ocrx_word' id='word_1_74' title='bbox 217 1334 282 1392; x_wconf 93' lang='lat' dir='ltr'>in</span> <span class='ocrx_word' id='word_1_75' title='bbox 341 1350 458 1392; x_wconf 85' lang='lat' dir='ltr'>una</span> <span class='ocrx_word' id='word_1_76' title='bbox 513 1350 681 1393; x_wconf 90' lang='lat' dir='ltr'>carne</span> <span class='ocrx_word' id='word_1_77' title='bbox 739 1352 842 1395; x_wconf 90' lang='lat' dir='ltr'>nec</span> <span class='ocrx_word' id='word_1_78' title='bbox 882 1334 1006 1394; x_wconf 90' lang='lat' dir='ltr'>nati</span> <span class='ocrx_word' id='word_1_79' title='bbox 1033 1351 1139 1394; x_wconf 91' lang='lat' dir='ltr'>nec</span> <span class='ocrx_word' id='word_1_80' title='bbox 1180 1334 1360 1395; x_wconf 87' lang='lat' dir='ltr'>iuncti</span> <span class='ocrx_word' id='word_1_81' title='bbox 1388 1336 1565 1394; x_wconf 81' lang='lat' dir='ltr'>sunt?</span> <span class='ocrx_word' id='word_1_82' title='bbox 1611 1334 1948 1409; x_wconf 86' lang='lat' dir='ltr'>praesertim</span> <span class='ocrx_word' id='word_1_83' title='bbox 1992 1336 2127 1410; x_wconf 88' lang='lat' dir='ltr'>quia</span> <span class='ocrx_word' id='word_1_84' title='bbox 2167 1350 2272 1395; x_wconf 91' lang='lat' dir='ltr'>nec</span> <span class='ocrx_word' id='word_1_85' title='bbox 2300 1334 2483 1395; x_wconf 88' lang='lat' dir='ltr'>Deum</span> 
     </span>
     <span class='ocr_line' id='line_1_9' title="bbox 217 1436 2483 1512; baseline 0 -16"><span class='ocrx_word' id='word_1_86' title='bbox 217 1437 336 1496; x_wconf 88' lang='lat' dir='ltr'>iam</span> <span class='ocrx_word' id='word_1_87' title='bbox 397 1436 661 1497; x_wconf 88' lang='lat' dir='ltr'>inuocare</span> <span class='ocrx_word' id='word_1_88' title='bbox 719 1438 1072 1512; x_wconf 86' lang='lat' dir='ltr'>permittitur</span> <span class='ocrx_word' id='word_1_89' title='bbox 1129 1438 1228 1512; x_wconf 90' lang='lat' dir='ltr'>qui</span> <span class='ocrx_word' id='word_1_90' title='bbox 1259 1436 1502 1497; x_wconf 87' lang='lat' dir='ltr'>caritate·</span> <span class='ocrx_word' id='word_1_91' title='bbox 1532 1437 1769 1497; x_wconf 86' lang='lat' dir='ltr'>alterius</span> <span class='ocrx_word' id='word_1_92' title='bbox 1830 1440 2101 1497; x_wconf 88' lang='lat' dir='ltr'>auocatur</span> <span class='ocrx_word' id='word_1_93' title='bbox 2114 1484 2129 1511; x_wconf 89' lang='lat'><strong>,</strong></span> <span class='ocrx_word' id='word_1_94' title='bbox 2188 1453 2297 1498; x_wconf 90' lang='lat' dir='ltr'>nec</span> <span class='ocrx_word' id='word_1_95' title='bbox 2338 1438 2483 1497; x_wconf 89' lang='lat' dir='ltr'>sini-</span> 
     </span>
     <span class='ocr_line' id='line_1_10' title="bbox 221 1538 2485 1615; baseline 0.001 -16"><span class='ocrx_word' id='word_1_96' title='bbox 221 1544 320 1599; x_wconf 87' lang='lat' dir='ltr'>tur</span> <span class='ocrx_word' id='word_1_97' title='bbox 399 1541 648 1615; x_wconf 76' lang='lat' dir='ltr'>cogitare</span> <span class='ocrx_word' id='word_1_98' title='bbox 708 1540 906 1600; x_wconf 91' lang='lat' dir='ltr'>diuina</span> <span class='ocrx_word' id='word_1_99' title='bbox 961 1540 1060 1615; x_wconf 89' lang='lat' dir='ltr'>qui</span> <span class='ocrx_word' id='word_1_100' title='bbox 1139 1540 1251 1599; x_wconf 89' lang='lat' dir='ltr'>sibi</span> <span class='ocrx_word' id='word_1_101' title='bbox 1309 1538 1556 1614; x_wconf 89' lang='lat' dir='ltr'>quaesiit</span> <span class='ocrx_word' id='word_1_102' title='bbox 1614 1541 1707 1599; x_wconf 88' lang='lat' dir='ltr'>cui</span> <span class='ocrx_word' id='word_1_103' title='bbox 1765 1539 2061 1601; x_wconf 84' lang='lat' dir='ltr'>exhiberet</span> <span class='ocrx_word' id='word_1_104' title='bbox 2118 1541 2485 1601; x_wconf 79' lang='lat' dir='ltr'>domesticam</span> 
     </span>
     <span class='ocr_line' id='line_1_11' title="bbox 146 1643 2487 1723; baseline 0.003 -26"><span class='ocrx_word' id='word_1_105' title='bbox 146 1660 196 1697; x_wconf 85' lang='lat'>10</span> <span class='ocrx_word' id='word_1_106' title='bbox 215 1660 446 1703; x_wconf 87' lang='lat' dir='ltr'>curam.</span> <span class='ocrx_word' id='word_1_107' title='bbox 501 1644 764 1723; x_wconf 69' lang='lat' dir='ltr'>⁸propter</span> <span class='ocrx_word' id='word_1_108' title='bbox 823 1645 972 1718; x_wconf 90' lang='lat' dir='ltr'>quod</span> <span class='ocrx_word' id='word_1_109' title='bbox 1030 1643 1112 1703; x_wconf 90' lang='lat' dir='ltr'>sic</span> <span class='ocrx_word' id='word_1_110' title='bbox 1168 1643 1459 1718; x_wconf 86' lang='lat' dir='ltr'>apostolus</span> <span class='ocrx_word' id='word_1_111' title='bbox 1525 1643 1772 1704; x_wconf 85' lang='lat' dir='ltr'>consulit</span> <span class='ocrx_word' id='word_1_112' title='bbox 1820 1643 2047 1702; x_wconf 85' lang='lat' dir='ltr'>dicens:</span> <span class='ocrx_word' id='word_1_113' title='bbox 2130 1645 2294 1705; x_wconf 89' lang='lat' dir='ltr'>uolo</span> <span class='ocrx_word' id='word_1_114' title='bbox 2359 1660 2487 1705; x_wconf 88' lang='lat' dir='ltr'>uos</span> 
     </span>
     <span class='ocr_line' id='line_1_12' title="bbox 213 1745 2485 1822; baseline 0.001 -17"><span class='ocrx_word' id='word_1_115' title='bbox 213 1746 380 1806; x_wconf 91' lang='lat' dir='ltr'>sine</span> <span class='ocrx_word' id='word_1_116' title='bbox 423 1745 958 1806; x_wconf 88' lang='lat' dir='ltr'>sollicitudine</span> <span class='ocrx_word' id='word_1_117' title='bbox 1019 1762 1202 1807; x_wconf 89' lang='lat' dir='ltr'>esse.</span> <span class='ocrx_word' id='word_1_118' title='bbox 1249 1747 1372 1822; x_wconf 90' lang='lat' dir='ltr'>qui</span> <span class='ocrx_word' id='word_1_119' title='bbox 1429 1746 1587 1807; x_wconf 89' lang='lat' dir='ltr'>sine</span> <span class='ocrx_word' id='word_1_120' title='bbox 1630 1761 1853 1805; x_wconf 84' lang='lat' dir='ltr'>uxore</span> <span class='ocrx_word' id='word_1_121' title='bbox 1898 1748 2030 1818; x_wconf 89' lang='lat' dir='ltr'>est,</span> <span class='ocrx_word' id='word_1_122' title='bbox 2089 1746 2485 1807; x_wconf 89' lang='lat' dir='ltr'>sollicitus</span> 
     </span>
     <span class='ocr_line' id='line_1_13' title="bbox 213 1846 2486 1924; baseline 0.001 -16"><span class='ocrx_word' id='word_1_123' title='bbox 213 1851 334 1909; x_wconf 90' lang='lat' dir='ltr'>est</span> <span class='ocrx_word' id='word_1_124' title='bbox 389 1850 739 1924; x_wconf 89' lang='lat' dir='ltr'>quomodo</span> <span class='ocrx_word' id='word_1_125' title='bbox 805 1850 1100 1924; x_wconf 83' lang='lat' dir='ltr'>placeat</span> <span class='ocrx_word' id='word_1_126' title='bbox 1166 1850 1343 1909; x_wconf 85' lang='lat' dir='ltr'>Deo:</span> <span class='ocrx_word' id='word_1_127' title='bbox 1407 1849 1532 1924; x_wconf 88' lang='lat' dir='ltr'>qui</span> <span class='ocrx_word' id='word_1_128' title='bbox 1588 1850 1829 1909; x_wconf 89' lang='lat' dir='ltr'>autem</span> <span class='ocrx_word' id='word_1_129' title='bbox 1892 1850 2118 1910; x_wconf 86' lang='lat' dir='ltr'>habet</span> <span class='ocrx_word' id='word_1_130' title='bbox 2161 1846 2486 1913; x_wconf 69' lang='lat' dir='ltr'>uxorem,</span> 
     </span>
     <span class='ocr_line' id='line_1_14' title="bbox 212 1951 2490 2027; baseline 0 -16"><span class='ocrx_word' id='word_1_131' title='bbox 212 1951 513 2025; x_wconf 81' lang='lat' dir='ltr'>cogitat</span> <span class='ocrx_word' id='word_1_132' title='bbox 598 1968 778 2026; x_wconf 90' lang='lat' dir='ltr'>quae</span> <span class='ocrx_word' id='word_1_133' title='bbox 865 1955 1036 2012; x_wconf 90' lang='lat' dir='ltr'>sunt</span> <span class='ocrx_word' id='word_1_134' title='bbox 1120 1952 1340 2012; x_wconf 90' lang='lat' dir='ltr'>huius</span> <span class='ocrx_word' id='word_1_135' title='bbox 1419 1952 1699 2026; x_wconf 87' lang='lat' dir='ltr'>mundi,</span> <span class='ocrx_word' id='word_1_136' title='bbox 1773 1954 2122 2027; x_wconf 88' lang='lat' dir='ltr'>quomodo</span> <span class='ocrx_word' id='word_1_137' title='bbox 2192 1953 2490 2027; x_wconf 87' lang='lat' dir='ltr'>placeat</span> 
     </span>
     <span class='ocr_line' id='line_1_15' title="bbox 212 2054 2489 2129; baseline 0 -16"><span class='ocrx_word' id='word_1_138' title='bbox 212 2072 254 2113; x_wconf 92' lang='lat' dir='ltr'>u</span> <span class='ocrx_word' id='word_1_139' title='bbox 267 2073 305 2113; x_wconf 87' lang='lat'>1</span> <span class='ocrx_word' id='word_1_140' title='bbox 320 2070 354 2113; x_wconf 94' lang='lat' dir='ltr'>o</span> <span class='ocrx_word' id='word_1_141' title='bbox 368 2054 451 2113; x_wconf 92' lang='lat' dir='ltr'>ri.</span> <span class='ocrx_word' id='word_1_142' title='bbox 520 2055 658 2129; x_wconf 88' lang='lat' dir='ltr'>quid</span> <span class='ocrx_word' id='word_1_143' title='bbox 715 2056 808 2114; x_wconf 90' lang='lat' dir='ltr'>est</span> <span class='ocrx_word' id='word_1_144' title='bbox 889 2072 1039 2114; x_wconf 87' lang='lat' dir='ltr'>nunc</span> <span class='ocrx_word' id='word_1_145' title='bbox 1097 2056 1249 2129; x_wconf 90' lang='lat' dir='ltr'>quod</span> <span class='ocrx_word' id='word_1_146' title='bbox 1320 2055 1380 2114; x_wconf 88' lang='lat' dir='ltr'>in</span> <span class='ocrx_word' id='word_1_147' title='bbox 1451 2056 1560 2115; x_wconf 86' lang='lat' dir='ltr'>hac</span> <span class='ocrx_word' id='word_1_148' title='bbox 1630 2055 2020 2115; x_wconf 85' lang='lat' dir='ltr'>coniunctione</span> <span class='ocrx_word' id='word_1_149' title='bbox 2078 2056 2323 2116; x_wconf 88' lang='lat' dir='ltr'>delectet</span> <span class='ocrx_word' id='word_1_150' title='bbox 2338 2100 2354 2129; x_wconf 91' lang='lat'>,</span> <span class='ocrx_word' id='word_1_151' title='bbox 2426 2056 2489 2114; x_wconf 89' lang='lat' dir='ltr'>in</span> 
     </span>
     <span class='ocr_line' id='line_1_16' title="bbox 145 2157 2490 2232; baseline 0 -15"><span class='ocrx_word' id='word_1_152' title='bbox 145 2180 195 2218; x_wconf 83' lang='lat'>15</span> <span class='ocrx_word' id='word_1_153' title='bbox 218 2174 338 2231; x_wconf 87' lang='lat' dir='ltr'>qua</span> <span class='ocrx_word' id='word_1_154' title='bbox 373 2157 530 2217; x_wconf 83' lang='lat' dir='ltr'>solae</span> <span class='ocrx_word' id='word_1_155' title='bbox 558 2174 784 2232; x_wconf 79' lang='lat' dir='ltr'>pugnae</span> <span class='ocrx_word' id='word_1_156' title='bbox 816 2159 952 2217; x_wconf 87' lang='lat' dir='ltr'>sunt</span> <span class='ocrx_word' id='word_1_157' title='bbox 965 2160 994 2216; x_wconf 84' lang='lat'>‘?</span> <span class='ocrx_word' id='word_1_158' title='bbox 1051 2160 1148 2217; x_wconf 89' lang='lat' dir='ltr'>aut</span> <span class='ocrx_word' id='word_1_159' title='bbox 1195 2174 1340 2232; x_wconf 86' lang='lat' dir='ltr'>quae</span> <span class='ocrx_word' id='word_1_160' title='bbox 1368 2157 1592 2217; x_wconf 88' lang='lat' dir='ltr'>utilitas</span> <span class='ocrx_word' id='word_1_161' title='bbox 1622 2157 1811 2232; x_wconf 87' lang='lat' dir='ltr'>fauet,</span> <span class='ocrx_word' id='word_1_162' title='bbox 1864 2159 1965 2217; x_wconf 90' lang='lat' dir='ltr'>ubi</span> <span class='ocrx_word' id='word_1_163' title='bbox 1992 2175 2110 2218; x_wconf 88' lang='lat' dir='ltr'>non</span> <span class='ocrx_word' id='word_1_164' title='bbox 2137 2161 2271 2218; x_wconf 92' lang='lat' dir='ltr'>sunt</span> <span class='ocrx_word' id='word_1_165' title='bbox 2299 2158 2490 2219; x_wconf 84' lang='lat' dir='ltr'>officia</span> 
     </span>
     <span class='ocr_line' id='line_1_17' title="bbox 217 2260 2485 2335; baseline 0.001 -16"><span class='ocrx_word' id='word_1_166' title='bbox 217 2260 552 2333; x_wconf 85' lang='lat' dir='ltr'>coniugalia</span> <span class='ocrx_word' id='word_1_167' title='bbox 569 2305 584 2333; x_wconf 94' lang='lat'><strong><em>,</em></strong></span> <span class='ocrx_word' id='word_1_168' title='bbox 639 2262 862 2333; x_wconf 86' lang='lat' dir='ltr'>quando</span> <span class='ocrx_word' id='word_1_169' title='bbox 905 2277 1011 2320; x_wconf 89' lang='lat' dir='ltr'>nec</span> <span class='ocrx_word' id='word_1_170' title='bbox 1055 2261 1181 2335; x_wconf 82' lang='lat' dir='ltr'>ipsa</span> <span class='ocrx_word' id='word_1_171' title='bbox 1212 2262 1456 2334; x_wconf 89' lang='lat' dir='ltr'>possunt</span> <span class='ocrx_word' id='word_1_172' title='bbox 1497 2277 1625 2321; x_wconf 89' lang='lat' dir='ltr'>esse</span> <span class='ocrx_word' id='word_1_173' title='bbox 1657 2264 1900 2321; x_wconf 75' lang='lat' dir='ltr'>secura?</span> <span class='ocrx_word' id='word_1_174' title='bbox 1946 2261 2174 2321; x_wconf 87' lang='lat' dir='ltr'>causale</span> <span class='ocrx_word' id='word_1_175' title='bbox 2204 2264 2292 2321; x_wconf 90' lang='lat' dir='ltr'>est</span> <span class='ocrx_word' id='word_1_176' title='bbox 2321 2278 2485 2322; x_wconf 86' lang='lat' dir='ltr'>omne</span> 
     </span>
     <span class='ocr_line' id='line_1_18' title="bbox 215 2361 2487 2438; baseline 0 -16"><span class='ocrx_word' id='word_1_177' title='bbox 215 2363 376 2438; x_wconf 87' lang='lat' dir='ltr'>quod</span> <span class='ocrx_word' id='word_1_178' title='bbox 403 2362 646 2422; x_wconf 88' lang='lat' dir='ltr'>feminae</span> <span class='ocrx_word' id='word_1_179' title='bbox 671 2365 760 2425; x_wconf 91' lang='lat' dir='ltr'>est</span> <span class='ocrx_word' id='word_1_180' title='bbox 781 2366 841 2423; x_wconf 88' lang='lat' dir='ltr'>et</span> <span class='ocrx_word' id='word_1_181' title='bbox 870 2362 1156 2437; x_wconf 82' lang='lat' dir='ltr'>copulatio</span> <span class='ocrx_word' id='word_1_182' title='bbox 1180 2361 1304 2422; x_wconf 88' lang='lat' dir='ltr'>eins</span> <span class='ocrx_word' id='word_1_183' title='bbox 1335 2378 1560 2438; x_wconf 89' lang='lat' dir='ltr'>semper</span> <span class='ocrx_word' id='word_1_184' title='bbox 1587 2363 1801 2423; x_wconf 87' lang='lat' dir='ltr'>infesta</span> <span class='ocrx_word' id='word_1_185' title='bbox 1830 2366 1939 2423; x_wconf 90' lang='lat' dir='ltr'>est.</span> <span class='ocrx_word' id='word_1_186' title='bbox 1971 2364 2197 2423; x_wconf 88' lang='lat' dir='ltr'>foedere</span> <span class='ocrx_word' id='word_1_187' title='bbox 2227 2381 2331 2423; x_wconf 91' lang='lat' dir='ltr'>suo</span> <span class='ocrx_word' id='word_1_188' title='bbox 2360 2380 2487 2422; x_wconf 87' lang='lat' dir='ltr'>ma·-</span> 
     </span>
     <span class='ocr_line' id='line_1_19' title="bbox 213 2464 2486 2541; baseline 0 -15"><span class='ocrx_word' id='word_1_189' title='bbox 213 2483 368 2541; x_wconf 86' lang='lat' dir='ltr'>gnas</span> <span class='ocrx_word' id='word_1_190' title='bbox 419 2466 712 2526; x_wconf 82' lang='lat' dir='ltr'>molestias</span> <span class='ocrx_word' id='word_1_191' title='bbox 766 2469 1025 2541; x_wconf 79' lang='lat' dir='ltr'>praestat</span> <span class='ocrx_word' id='word_1_192' title='bbox 1076 2469 1134 2525; x_wconf 94' lang='lat' dir='ltr'>et</span> <span class='ocrx_word' id='word_1_193' title='bbox 1185 2466 1276 2524; x_wconf 88' lang='lat' dir='ltr'>cui</span> <span class='ocrx_word' id='word_1_194' title='bbox 1306 2464 1636 2525; x_wconf 81' lang='lat' dir='ltr'>adhaeserit</span> <span class='ocrx_word' id='word_1_195' title='bbox 1664 2469 1865 2526; x_wconf 87' lang='lat' dir='ltr'>contra</span> <span class='ocrx_word' id='word_1_196' title='bbox 1910 2465 2003 2525; x_wconf 86' lang='lat' dir='ltr'>fas</span> <span class='ocrx_word' id='word_1_197' title='bbox 2023 2510 2038 2539; x_wconf 92' lang='lat'><strong>,</strong></span> <span class='ocrx_word' id='word_1_198' title='bbox 2108 2465 2486 2526; x_wconf 86' lang='lat' dir='ltr'>insanabilem</span> 
     </span>
     <span class='ocr_line' id='line_1_20' title="bbox 213 2567 2484 2646; baseline -0.001 -16"><span class='ocrx_word' id='word_1_199' title='bbox 213 2570 436 2645; x_wconf 86' lang='lat' dir='ltr'>ingerit</span> <span class='ocrx_word' id='word_1_200' title='bbox 491 2570 736 2644; x_wconf 84' lang='lat' dir='ltr'>plagam.</span> <span class='ocrx_word' id='word_1_201' title='bbox 795 2569 866 2628; x_wconf 86' lang='lat' dir='ltr'>de</span> <span class='ocrx_word' id='word_1_202' title='bbox 927 2568 1266 2632; x_wconf 90' lang='lat' dir='ltr'>carbonibus</span> <span class='ocrx_word' id='word_1_203' title='bbox 1323 2568 1608 2630; x_wconf 87' lang='lat' dir='ltr'>scintillae</span> <span class='ocrx_word' id='word_1_204' title='bbox 1668 2567 1979 2642; x_wconf 88' lang='lat' dir='ltr'>dissiliunt,</span> <span class='ocrx_word' id='word_1_205' title='bbox 2041 2569 2111 2646; x_wconf 83' lang='lat' dir='ltr'>de</span> <span class='ocrx_word' id='word_1_206' title='bbox 2170 2568 2321 2629; x_wconf 87' lang='lat' dir='ltr'>ferro</span> <span class='ocrx_word' id='word_1_207' title='bbox 2385 2585 2484 2628; x_wconf 90' lang='lat' dir='ltr'>ru-</span> 
     </span>
     <span class='ocr_line' id='line_1_21' title="bbox 143 2671 2483 2749; baseline -0.002 -13"><span class='ocrx_word' id='word_1_208' title='bbox 143 2698 195 2736; x_wconf 65' lang='grc'>20</span> <span class='ocrx_word' id='word_1_209' title='bbox 216 2675 358 2749; x_wconf 79' lang='lat' dir='ltr'>bigo</span> <span class='ocrx_word' id='word_1_210' title='bbox 386 2674 640 2734; x_wconf 87' lang='lat' dir='ltr'>nutritur</span> <span class='ocrx_word' id='word_1_211' title='bbox 656 2720 669 2747; x_wconf 89' lang='lat'>‚</span> <span class='ocrx_word' id='word_1_212' title='bbox 721 2675 945 2734; x_wconf 89' lang='lat' dir='ltr'>morbos</span> <span class='ocrx_word' id='word_1_213' title='bbox 989 2674 1215 2748; x_wconf 89' lang='lat' dir='ltr'>aspides</span> <span class='ocrx_word' id='word_1_214' title='bbox 1259 2673 1515 2746; x_wconf 87' lang='lat' dir='ltr'>sibilant,</span> <span class='ocrx_word' id='word_1_215' title='bbox 1546 2675 1605 2733; x_wconf 91' lang='lat' dir='ltr'>et</span> <span class='ocrx_word' id='word_1_216' title='bbox 1630 2673 1835 2733; x_wconf 88' lang='lat' dir='ltr'>mulier</span> <span class='ocrx_word' id='word_1_217' title='bbox 1863 2672 2057 2732; x_wconf 87' lang='lat' dir='ltr'>fundit</span> <span class='ocrx_word' id='word_1_218' title='bbox 2084 2671 2483 2747; x_wconf 85' lang='lat' dir='ltr'>concupiscen-</span> 
     </span>
     <span class='ocr_line' id='line_1_22' title="bbox 217 2774 2483 2851; baseline -0.001 -15"><span class='ocrx_word' id='word_1_219' title='bbox 217 2776 344 2836; x_wconf 87' lang='lat' dir='ltr'>tiae</span> <span class='ocrx_word' id='word_1_220' title='bbox 400 2776 792 2851; x_wconf 87' lang='lat' dir='ltr'>pestilentiam</span> <span class='ocrx_word' id='word_1_221' title='bbox 847 2793 1016 2851; x_wconf 89' lang='lat' dir='ltr'>quam</span> <span class='ocrx_word' id='word_1_222' title='bbox 1068 2777 1334 2836; x_wconf 89' lang='lat' dir='ltr'>Salomon</span> <span class='ocrx_word' id='word_1_223' title='bbox 1384 2775 1468 2835; x_wconf 91' lang='lat' dir='ltr'>sic</span> <span class='ocrx_word' id='word_1_224' title='bbox 1519 2779 1795 2850; x_wconf 88' lang='lat' dir='ltr'>conparat</span> <span class='ocrx_word' id='word_1_225' title='bbox 1844 2775 2070 2837; x_wconf 83' lang='lat' dir='ltr'>dicens:</span> <span class='ocrx_word' id='word_1_226' title='bbox 2130 2776 2210 2836; x_wconf 91' lang='lat' dir='ltr'>de</span> <span class='ocrx_word' id='word_1_227' title='bbox 2255 2774 2483 2835; x_wconf 84' lang='lat' dir='ltr'>uesti-</span> 
     </span>
     <span class='ocr_line' id='line_1_23' title="bbox 215 2877 2365 2954; baseline -0.001 -14"><span class='ocrx_word' id='word_1_228' title='bbox 215 2879 500 2940; x_wconf 89' lang='lat' dir='ltr'>mentis</span> <span class='ocrx_word' id='word_1_229' title='bbox 543 2879 895 2954; x_wconf 88' lang='lat' dir='ltr'>procedet</span> <span class='ocrx_word' id='word_1_230' title='bbox 938 2879 1176 2952; x_wconf 86' lang='lat' dir='ltr'>tinea,</span> <span class='ocrx_word' id='word_1_231' title='bbox 1233 2881 1305 2938; x_wconf 89' lang='lat' dir='ltr'>et</span> <span class='ocrx_word' id='word_1_232' title='bbox 1348 2897 1383 2938; x_wconf 98' lang='lat' dir='ltr'>a</span> <span class='ocrx_word' id='word_1_233' title='bbox 1424 2877 1739 2939; x_wconf 88' lang='lat' dir='ltr'>muliere</span> <span class='ocrx_word' id='word_1_234' title='bbox 1784 2878 2155 2953; x_wconf 86' lang='lat' dir='ltr'>iniquitas</span> <span class='ocrx_word' id='word_1_235' title='bbox 2198 2878 2365 2939; x_wconf 89' lang='lat' dir='ltr'>uiri.</span> 
     </span>
     <span class='ocr_line' id='line_1_24' title="bbox 309 2981 2547 3056; baseline 0.001 -15"><span class='ocrx_word' id='word_1_236' title='bbox 309 2981 456 3043; x_wconf 88' lang='lat' dir='ltr'>Volo</span> <span class='ocrx_word' id='word_1_237' title='bbox 499 2982 646 3042; x_wconf 85' lang='lat' dir='ltr'>scire</span> <span class='ocrx_word' id='word_1_238' title='bbox 675 2998 820 3056; x_wconf 88' lang='lat' dir='ltr'>quae</span> <span class='ocrx_word' id='word_1_239' title='bbox 859 2981 938 3041; x_wconf 91' lang='lat' dir='ltr'>sit</span> <span class='ocrx_word' id='word_1_240' title='bbox 989 2981 1210 3042; x_wconf 82' lang='lat' dir='ltr'>affectio</span> <span class='ocrx_word' id='word_1_241' title='bbox 1245 2981 1362 3041; x_wconf 91' lang='lat' dir='ltr'>ista</span> <span class='ocrx_word' id='word_1_242' title='bbox 1395 2981 1711 3042; x_wconf 85' lang='lat' dir='ltr'>communis</span> <span class='ocrx_word' id='word_1_243' title='bbox 1726 3025 1741 3055; x_wconf 89' lang='lat'><strong>,</strong></span> <span class='ocrx_word' id='word_1_244' title='bbox 1803 2997 1948 3056; x_wconf 85' lang='lat' dir='ltr'>quae</span> <span class='ocrx_word' id='word_1_245' title='bbox 1999 2981 2179 3042; x_wconf 90' lang='lat' dir='ltr'>morbi</span> <span class='ocrx_word' id='word_1_246' title='bbox 2208 2981 2485 3043; x_wconf 84' lang='lat' dir='ltr'>dissensio</span> <span class='ocrx_word' id='word_1_247' title='bbox 2509 2993 2547 3050; x_wconf 84' lang='grc'><strong>7</strong></span> 
     </span>
     <span class='ocr_line' id='line_1_25' title="bbox 216 3083 2485 3160; baseline 0 -15"><span class='ocrx_word' id='word_1_248' title='bbox 216 3102 451 3160; x_wconf 87' lang='lat' dir='ltr'>semper</span> <span class='ocrx_word' id='word_1_249' title='bbox 503 3084 770 3160; x_wconf 85' lang='lat' dir='ltr'>ambigua</span> <span class='ocrx_word' id='word_1_250' title='bbox 818 3085 1174 3158; x_wconf 89' lang='lat' dir='ltr'>propositum</span> <span class='ocrx_word' id='word_1_251' title='bbox 1223 3101 1388 3144; x_wconf 88' lang='lat' dir='ltr'>suum</span> <span class='ocrx_word' id='word_1_252' title='bbox 1440 3084 1779 3144; x_wconf 87' lang='lat' dir='ltr'>nutantibus</span> <span class='ocrx_word' id='word_1_253' title='bbox 1831 3083 2087 3144; x_wconf 88' lang='lat' dir='ltr'>consiliis</span> <span class='ocrx_word' id='word_1_254' title='bbox 2116 3085 2485 3160; x_wconf 84' lang='lat' dir='ltr'>inpugnando</span> 
     </span>
     <span class='ocr_line' id='line_1_26' title="bbox 139 3186 2483 3263; baseline 0 -15"><span class='ocrx_word' id='word_1_255' title='bbox 139 3209 192 3248; x_wconf 64' lang='grc' dir='ltr'>πε»</span> <span class='ocrx_word' id='word_1_256' title='bbox 221 3189 551 3249; x_wconf 86' lang='lat' dir='ltr'>conturbat.</span> <span class='ocrx_word' id='word_1_257' title='bbox 596 3190 662 3247; x_wconf 88' lang='lat' dir='ltr'>ut</span> <span class='ocrx_word' id='word_1_258' title='bbox 693 3189 829 3263; x_wconf 86' lang='lat' dir='ltr'>quid</span> <span class='ocrx_word' id='word_1_259' title='bbox 855 3187 969 3247; x_wconf 89' lang='lat' dir='ltr'>sibi</span> <span class='ocrx_word' id='word_1_260' title='bbox 997 3186 1262 3247; x_wconf 89' lang='lat' dir='ltr'>adhibuit</span> <span class='ocrx_word' id='word_1_261' title='bbox 1289 3187 1584 3248; x_wconf 87' lang='lat' dir='ltr'>mulierem</span> <span class='ocrx_word' id='word_1_262' title='bbox 1611 3186 1712 3261; x_wconf 87' lang='lat' dir='ltr'>qui</span> <span class='ocrx_word' id='word_1_263' title='bbox 1740 3187 1945 3248; x_wconf 84' lang='lat' dir='ltr'>ducere</span> <span class='ocrx_word' id='word_1_264' title='bbox 1974 3189 2313 3262; x_wconf 86' lang='lat' dir='ltr'>contempsit</span> <span class='ocrx_word' id='word_1_265' title='bbox 2338 3205 2483 3248; x_wconf 80' lang='lat' dir='ltr'>uxo-</span> 
     </span>
     <span class='ocr_line' id='line_1_27' title="bbox 213 3290 2487 3366; baseline 0 -15"><span class='ocrx_word' id='word_1_266' title='bbox 213 3307 342 3351; x_wconf 89' lang='lat' dir='ltr'>rem</span> <span class='ocrx_word' id='word_1_267' title='bbox 355 3293 387 3349; x_wconf 74' lang='lat'>⁶?</span> <span class='ocrx_word' id='word_1_268' title='bbox 433 3290 621 3350; x_wconf 91' lang='lat' dir='ltr'>omnis</span> <span class='ocrx_word' id='word_1_269' title='bbox 679 3290 780 3366; x_wconf 86' lang='lat' dir='ltr'>qui</span> <span class='ocrx_word' id='word_1_270' title='bbox 836 3308 950 3350; x_wconf 93' lang='lat' dir='ltr'>non</span> <span class='ocrx_word' id='word_1_271' title='bbox 1008 3290 1438 3351; x_wconf 87' lang='lat' dir='ltr'>manducauerit</span> <span class='ocrx_word' id='word_1_272' title='bbox 1467 3307 1694 3350; x_wconf 86' lang='lat' dir='ltr'>carnem</span> <span class='ocrx_word' id='word_1_273' title='bbox 1709 3335 1724 3364; x_wconf 92' lang='lat'><strong>,</strong></span> <span class='ocrx_word' id='word_1_274' title='bbox 1765 3292 1831 3350; x_wconf 89' lang='lat' dir='ltr'>ut</span> <span class='ocrx_word' id='word_1_275' title='bbox 1888 3290 2026 3365; x_wconf 88' lang='lat' dir='ltr'>quid</span> <span class='ocrx_word' id='word_1_276' title='bbox 2076 3291 2487 3352; x_wconf 86' lang='lat' dir='ltr'>habitationem</span> 
     </span>
     <span class='ocr_line' id='line_1_28' title="bbox 213 3393 2485 3468; baseline -0.001 -14"><span class='ocrx_word' id='word_1_277' title='bbox 213 3411 389 3454; x_wconf 89' lang='lat' dir='ltr'>suam</span> <span class='ocrx_word' id='word_1_278' title='bbox 415 3394 608 3453; x_wconf 88' lang='lat' dir='ltr'>carnis</span> <span class='ocrx_word' id='word_1_279' title='bbox 637 3393 1005 3468; x_wconf 86' lang='lat' dir='ltr'>apparatibus</span> <span class='ocrx_word' id='word_1_280' title='bbox 1027 3393 1256 3467; x_wconf 74' lang='lat' dir='ltr'>replet?</span> <span class='ocrx_word' id='word_1_281' title='bbox 1309 3396 1368 3452; x_wconf 88' lang='lat' dir='ltr'>et</span> <span class='ocrx_word' id='word_1_282' title='bbox 1399 3393 1499 3468; x_wconf 88' lang='lat' dir='ltr'>qui</span> <span class='ocrx_word' id='word_1_283' title='bbox 1527 3409 1643 3453; x_wconf 89' lang='lat' dir='ltr'>non</span> <span class='ocrx_word' id='word_1_284' title='bbox 1674 3393 1885 3452; x_wconf 89' lang='lat' dir='ltr'>biberit</span> <span class='ocrx_word' id='word_1_285' title='bbox 1924 3393 2123 3453; x_wconf 88' lang='lat' dir='ltr'>uinum</span> <span class='ocrx_word' id='word_1_286' title='bbox 2138 3437 2153 3466; x_wconf 89' lang='lat'><strong>,</strong></span> <span class='ocrx_word' id='word_1_287' title='bbox 2195 3393 2335 3468; x_wconf 87' lang='lat' dir='ltr'>quid</span> <span class='ocrx_word' id='word_1_288' title='bbox 2360 3394 2485 3453; x_wconf 88' lang='lat' dir='ltr'>uini</span> 
     </span>
     <span class='ocr_line' id='line_1_29' title="bbox 213 3496 2488 3572; baseline 0 -15"><span class='ocrx_word' id='word_1_289' title='bbox 213 3496 602 3557; x_wconf 88' lang='lat' dir='ltr'>oblectatione</span> <span class='ocrx_word' id='word_1_290' title='bbox 631 3496 991 3570; x_wconf 78' lang='lat' dir='ltr'>perfruitur?</span> <span class='ocrx_word' id='word_1_291' title='bbox 1024 3496 1188 3572; x_wconf 85' lang='lat' dir='ltr'>quasi</span> <span class='ocrx_word' id='word_1_292' title='bbox 1227 3513 1342 3556; x_wconf 91' lang='lat' dir='ltr'>non</span> <span class='ocrx_word' id='word_1_293' title='bbox 1384 3497 1741 3572; x_wconf 86' lang='lat' dir='ltr'>aliquotiens</span> <span class='ocrx_word' id='word_1_294' title='bbox 1769 3496 2031 3557; x_wconf 88' lang='lat' dir='ltr'>habendo</span> <span class='ocrx_word' id='word_1_295' title='bbox 2068 3515 2174 3557; x_wconf 88' lang='lat' dir='ltr'>nec</span> <span class='ocrx_word' id='word_1_296' title='bbox 2200 3497 2488 3571; x_wconf 86' lang='lat' dir='ltr'>gustando</span> 
     </span>
    </p>
   </div>
   <div class='ocr_carea' id='block_1_3' title="bbox 363 3782 1512 3850">
    <p class='ocr_par' dir='ltr' id='par_1_3' title="bbox 363 3782 1512 3850">
     <span class='ocr_line' id='line_1_30' title="bbox 363 3782 1512 3850; baseline 0.003 -14"><span class='ocrx_word' id='word_1_297' title='bbox 363 3782 432 3837; x_wconf 87' lang='grc'>10</span> <span class='ocrx_word' id='word_1_298' title='bbox 463 3783 492 3837; x_wconf 90' lang='lat'><strong>1</strong></span> <span class='ocrx_word' id='word_1_299' title='bbox 527 3783 644 3839; x_wconf 87' lang='lat' dir='ltr'>cor.</span> <span class='ocrx_word' id='word_1_300' title='bbox 680 3782 728 3847; x_wconf 80' lang='lat'>7,</span> <span class='ocrx_word' id='word_1_301' title='bbox 771 3783 852 3838; x_wconf 87' lang='grc'>32.</span> <span class='ocrx_word' id='word_1_302' title='bbox 1064 3785 1131 3838; x_wconf 95' lang='grc'>21</span> <span class='ocrx_word' id='word_1_303' title='bbox 1167 3785 1270 3839; x_wconf 86' lang='lat' dir='ltr'>Sir.</span> <span class='ocrx_word' id='word_1_304' title='bbox 1305 3785 1392 3850; x_wconf 78' lang='lat'>42,</span> <span class='ocrx_word' id='word_1_305' title='bbox 1428 3785 1512 3839; x_wconf 88' lang='lat'>13.</span> 
     </span>
    </p>
   </div>
   <div class='ocr_carea' id='block_1_4' title="bbox 201 4039 2479 4532">
    <p class='ocr_par' dir='ltr' id='par_1_4' title="bbox 201 4039 2479 4532">
     <span class='ocr_line' id='line_1_31' title="bbox 362 4039 2479 4112; baseline 0.002 -20"><span class='ocrx_word' id='word_1_306' title='bbox 362 4040 393 4092; x_wconf 88' lang='lat'>1</span> <span class='ocrx_word' id='word_1_307' title='bbox 428 4039 681 4109; x_wconf 87' lang='lat' dir='ltr'>quoniam</span> <span class='ocrx_word' id='word_1_308' title='bbox 716 4039 931 4108; x_wconf 89' lang='lat' dir='ltr'>quidem</span> <span class='ocrx_word' id='word_1_309' title='bbox 967 4039 1014 4095; x_wconf 86' lang='lat' dir='ltr'><strong><em>G</em></strong></span> <span class='ocrx_word' id='word_1_310' title='bbox 1044 4041 1142 4095; x_wconf 77' lang='lat' dir='ltr'>sed</span> <span class='ocrx_word' id='word_1_311' title='bbox 1173 4041 1387 4110; x_wconf 75' lang='lat' dir='ltr'>quidem</span> <span class='ocrx_word' id='word_1_312' title='bbox 1423 4057 1548 4112; x_wconf 69' lang='lat' dir='ltr'>exp.</span> <span class='ocrx_word' id='word_1_313' title='bbox 1846 4041 1883 4094; x_wconf 85' lang='grc'><strong>2</strong></span> <span class='ocrx_word' id='word_1_314' title='bbox 1916 4057 1987 4096; x_wconf 91' lang='lat' dir='ltr'>m.</span> <span class='ocrx_word' id='word_1_315' title='bbox 2022 4040 2139 4094; x_wconf 90' lang='lat' dir='ltr'>uiro</span> <span class='ocrx_word' id='word_1_316' title='bbox 2177 4039 2228 4094; x_wconf 63' lang='lat' dir='ltr'>d„</span> <span class='ocrx_word' id='word_1_317' title='bbox 2265 4039 2325 4107; x_wconf 80' lang='lat'>0,</span> <span class='ocrx_word' id='word_1_318' title='bbox 2346 4039 2479 4096; x_wconf 82' lang='lat' dir='ltr'>&#39;uiro</span> 
     </span>
     <span class='ocr_line' id='line_1_32' title="bbox 205 4119 2414 4196; baseline 0 -16"><span class='ocrx_word' id='word_1_319' title='bbox 205 4127 268 4180; x_wconf 84' lang='lat' dir='ltr'>d.</span> <span class='ocrx_word' id='word_1_320' title='bbox 307 4139 380 4178; x_wconf 87' lang='lat' dir='ltr'>m.</span> <span class='ocrx_word' id='word_1_321' title='bbox 417 4141 452 4178; x_wconf 83' lang='lat' dir='ltr'><strong><em>v</em></strong></span> <span class='ocrx_word' id='word_1_322' title='bbox 699 4125 732 4179; x_wconf 88' lang='grc'><strong>6</strong></span> <span class='ocrx_word' id='word_1_323' title='bbox 765 4125 969 4180; x_wconf 83' lang='lat' dir='ltr'>facient</span> <span class='ocrx_word' id='word_1_324' title='bbox 1003 4143 1036 4182; x_wconf 85' lang='lat' dir='ltr'><em>v</em></span> <span class='ocrx_word' id='word_1_325' title='bbox 1281 4127 1316 4183; x_wconf 88' lang='lat'>9</span> <span class='ocrx_word' id='word_1_326' title='bbox 1352 4127 1626 4196; x_wconf 84' lang='lat' dir='ltr'>quaesiuit</span> <span class='ocrx_word' id='word_1_327' title='bbox 1660 4145 1693 4182; x_wconf 85' lang='lat' dir='ltr'><strong><em>v</em></strong></span> <span class='ocrx_word' id='word_1_328' title='bbox 1926 4119 2013 4182; x_wconf 84' lang='lat'>&#39;10</span> <span class='ocrx_word' id='word_1_329' title='bbox 2046 4126 2327 4195; x_wconf 82' lang='lat' dir='ltr'>apostulus</span> <span class='ocrx_word' id='word_1_330' title='bbox 2368 4127 2414 4181; x_wconf 86' lang='lat'><em>0</em></span> 
     </span>
     <span class='ocr_line' id='line_1_33' title="bbox 207 4196 2407 4282; baseline 0 -15"><span class='ocrx_word' id='word_1_331' title='bbox 207 4211 288 4267; x_wconf 89' lang='grc'>12</span> <span class='ocrx_word' id='word_1_332' title='bbox 321 4209 390 4264; x_wconf 80' lang='lat' dir='ltr'>de</span> <span class='ocrx_word' id='word_1_333' title='bbox 423 4196 524 4264; x_wconf 62' lang='lat' dir='ltr'>dno</span> <span class='ocrx_word' id='word_1_334' title='bbox 562 4210 820 4280; x_wconf 86' lang='lat' dir='ltr'>quomodo</span> <span class='ocrx_word' id='word_1_335' title='bbox 857 4211 905 4267; x_wconf 82' lang='lat'><em>0</em></span> <span class='ocrx_word' id='word_1_336' title='bbox 934 4212 1032 4266; x_wconf 75' lang='lat' dir='ltr'>sed</span> <span class='ocrx_word' id='word_1_337' title='bbox 1066 4212 1130 4267; x_wconf 90' lang='lat' dir='ltr'>de</span> <span class='ocrx_word' id='word_1_338' title='bbox 1165 4198 1269 4266; x_wconf 65' lang='lat' dir='ltr'>dn&#39;o</span> <span class='ocrx_word' id='word_1_339' title='bbox 1305 4228 1433 4282; x_wconf 70' lang='lat' dir='ltr'>eaep.</span> <span class='ocrx_word' id='word_1_340' title='bbox 1679 4213 1746 4268; x_wconf 79' lang='lat'>13</span> <span class='ocrx_word' id='word_1_341' title='bbox 1780 4214 1913 4266; x_wconf 83' lang='lat' dir='ltr'>sunt</span> <span class='ocrx_word' id='word_1_342' title='bbox 1947 4211 2092 4266; x_wconf 86' lang='lat' dir='ltr'>solae</span> <span class='ocrx_word' id='word_1_343' title='bbox 2126 4228 2338 4282; x_wconf 82' lang='lat' dir='ltr'>pugnae</span> <span class='ocrx_word' id='word_1_344' title='bbox 2372 4229 2407 4268; x_wconf 79' lang='lat' dir='ltr'><em>v</em></span> 
     </span>
     <span class='ocr_line' id='line_1_34' title="bbox 207 4295 2411 4367; baseline 0 -15"><span class='ocrx_word' id='word_1_345' title='bbox 207 4297 286 4352; x_wconf 87' lang='lat'>16</span> <span class='ocrx_word' id='word_1_346' title='bbox 322 4295 552 4367; x_wconf 79' lang='lat' dir='ltr'>causale]</span> <span class='ocrx_word' id='word_1_347' title='bbox 591 4297 802 4351; x_wconf 82' lang='lat' dir='ltr'>casuale</span> <span class='ocrx_word' id='word_1_348' title='bbox 835 4298 977 4352; x_wconf 76' lang='lat' dir='ltr'>coni.</span> <span class='ocrx_word' id='word_1_349' title='bbox 1001 4297 1275 4353; x_wconf 75' lang='lat' dir='ltr'>Erasmus</span> <span class='ocrx_word' id='word_1_350' title='bbox 1409 4298 1480 4353; x_wconf 84' lang='grc'>22</span> <span class='ocrx_word' id='word_1_351' title='bbox 1513 4297 1623 4352; x_wconf 85' lang='lat' dir='ltr'>uiri</span> <span class='ocrx_word' id='word_1_352' title='bbox 1645 4313 1768 4367; x_wconf 71' lang='lat' dir='ltr'>sup.</span> <span class='ocrx_word' id='word_1_353' title='bbox 1805 4297 2049 4352; x_wconf 87' lang='lat' dir='ltr'>mulieris</span> <span class='ocrx_word' id='word_1_354' title='bbox 2083 4312 2185 4352; x_wconf 76' lang='lat' dir='ltr'>scr.</span> <span class='ocrx_word' id='word_1_355' title='bbox 2213 4297 2261 4353; x_wconf 84' lang='lat' dir='ltr'><strong><em>C</em></strong></span> <span class='ocrx_word' id='word_1_356' title='bbox 2280 4313 2348 4352; x_wconf 85' lang='lat' dir='ltr'>m.</span> <span class='ocrx_word' id='word_1_357' title='bbox 2374 4301 2411 4353; x_wconf 80' lang='lat'><em>2</em></span> 
     </span>
     <span class='ocr_line' id='line_1_35' title="bbox 201 4382 2408 4452; baseline 0 -13"><span class='ocrx_word' id='word_1_358' title='bbox 201 4383 288 4439; x_wconf 79' lang='lat'>24</span> <span class='ocrx_word' id='word_1_359' title='bbox 323 4397 462 4452; x_wconf 84' lang='lat' dir='ltr'>quae</span> <span class='ocrx_word' id='word_1_360' title='bbox 497 4383 828 4452; x_wconf 86' lang='lat' dir='ltr'>propositum</span> <span class='ocrx_word' id='word_1_361' title='bbox 862 4401 896 4438; x_wconf 83' lang='lat' dir='ltr'><strong><em>v</em></strong></span> <span class='ocrx_word' id='word_1_362' title='bbox 1245 4385 1314 4438; x_wconf 75' lang='lat'>27</span> <span class='ocrx_word' id='word_1_363' title='bbox 1349 4384 1468 4440; x_wconf 80' lang='lat' dir='ltr'>uini</span> <span class='ocrx_word' id='word_1_364' title='bbox 1507 4385 1566 4449; x_wconf 89' lang='grc' dir='ltr'>Ο,</span> <span class='ocrx_word' id='word_1_365' title='bbox 1605 4382 1825 4440; x_wconf 89' lang='lat' dir='ltr'>uidendi</span> <span class='ocrx_word' id='word_1_366' title='bbox 1860 4401 1911 4449; x_wconf 80' lang='lat' dir='ltr'>v,</span> <span class='ocrx_word' id='word_1_367' title='bbox 1948 4399 2048 4439; x_wconf 86' lang='lat' dir='ltr'>om.</span> <span class='ocrx_word' id='word_1_368' title='bbox 2085 4383 2408 4439; x_wconf 70' lang='lat' dir='ltr'>Remboltw</span> 
     </span>
     <span class='ocr_line' id='line_1_36' title="bbox 203 4466 1595 4532; baseline 0.001 -8"><span class='ocrx_word' id='word_1_369' title='bbox 203 4468 284 4524; x_wconf 85' lang='lat'>28</span> <span class='ocrx_word' id='word_1_370' title='bbox 320 4466 570 4522; x_wconf 85' lang='lat' dir='ltr'>habendo</span> <span class='ocrx_word' id='word_1_371' title='bbox 613 4467 670 4532; x_wconf 81' lang='grc' dir='ltr'>Ο,</span> <span class='ocrx_word' id='word_1_372' title='bbox 707 4467 933 4524; x_wconf 89' lang='lat' dir='ltr'>uidendo</span> <span class='ocrx_word' id='word_1_373' title='bbox 967 4485 1016 4532; x_wconf 83' lang='lat' dir='ltr'>v,</span> <span class='ocrx_word' id='word_1_374' title='bbox 1054 4471 1111 4523; x_wconf 89' lang='lat' dir='ltr'>et</span> <span class='ocrx_word' id='word_1_375' title='bbox 1146 4468 1373 4524; x_wconf 87' lang='lat' dir='ltr'>bibendo</span> <span class='ocrx_word' id='word_1_376' title='bbox 1409 4469 1595 4525; x_wconf 81' lang='lat' dir='ltr'>Remb.</span> 
     </span>
    </p>
   </div>
   <div class='ocr_carea' id='block_1_5' title="bbox 1921 4561 2065 4620">
    <p class='ocr_par' dir='ltr' id='par_1_5' title="bbox 1921 4561 2065 4620">
     <span class='ocr_line' id='line_1_37' title="bbox 1921 4561 2065 4620; baseline -0.007 0"><span class='ocrx_word' id='word_1_377' title='bbox 1921 4561 2065 4620; x_wconf 72' lang='lat'>12*</span> 
     </span>
    </p>
   </div>
  </div>
 </body>
</html>
