3217 5150
986 542 1076 596 De
1121 542 1544 597 aleatoribus
1591 560 1633 597 c.
1670 543 1857 596 9—11.
2294 514 2301 525 ι
2424 552 2538 611 103

299 704 362 762 et
389 702 667 763 Dominus
696 702 900 763 iterum
929 704 991 761 in
1020 703 1314 777 euangelio
1343 705 1518 777 negat
1545 704 1873 775 peccatores
1904 705 1963 760 et
1986 704 2286 775 exprobrat
2316 703 2539 764 dicens:

299 806 622 865 recedite
663 824 698 865 a
738 824 839 866 me
884 823 1120 867 omnes
1162 806 1284 880 qui
1327 805 1724 879 operamini
1768 805 2247 865 iniustitiam:
2296 807 2541 867 nescio

301 925 442 969 uos.
498 912 559 969 et
601 910 884 968 Iohannes
927 909 1216 983 apostolus
1261 907 1428 967 dicit:
1489 909 1717 967 omnis
1760 908 1881 981 qui
1922 913 2207 981 peccat,
2252 927 2387 970 non
2431 915 2543 970 est

299 1013 381 1071 de
447 1012 612 1083 Deo,
679 1013 801 1071 sed
863 1012 944 1069 de
1007 1010 1299 1071 diabolo
1361 1013 1508 1071 est:
1577 1014 1649 1070 et
1710 1010 1930 1069 scitis
1988 1012 2320 1084 quoniam
2376 1013 2539 1072 ideo

255 1117 659 1174 euenturus
725 1106 837 1174 est
900 1114 1117 1173 filius
1160 1114 1318 1186 Dei,
1385 1117 1462 1173 ut
1515 1114 1779 1187 perdat
1843 1113 2057 1172 filios
2120 1114 2421 1175 diaboli.
2490 1116 2542 1174 si

299 1218 430 1292 quis
459 1218 816 1277 Christianus
845 1218 1061 1277 aleator
1089 1234 1172 1289 es,
1203 1221 1336 1277 tuus
1367 1221 1426 1277 et
1456 1217 1794 1277 hereditatis
1824 1220 1955 1277 tuae
1986 1218 2248 1278 inimicus
2278 1236 2355 1277 es.
2410 1219 2541 1293 qui-

299 1336 536 1393 cumque
588 1336 649 1379 es
701 1321 892 1379 desine
945 1323 1016 1380 ab
1069 1320 1173 1379 illa
1223 1320 1510 1379 dementia
1558 1323 1659 1379 tua
1704 1320 1889 1379 miser.
1934 1320 2070 1393 quid
2099 1323 2157 1379 te
2188 1321 2245 1378 in
2275 1322 2541 1395 laqueum

299 1424 500 1482 mortis
541 1440 667 1481 cum
707 1423 929 1483 diabolo
971 1422 1122 1483 ultro
1151 1422 1532 1497 praecipitas?
1577 1424 1715 1497 quid
1744 1439 1879 1497 opes
1908 1426 1968 1482 et
1996 1423 2229 1482 diuitias
2258 1427 2388 1483 tuas
2416 1441 2539 1483 sor-

302 1525 616 1587 didissimis
645 1527 796 1585 aeris
825 1528 1084 1587 amittis?
1130 1529 1268 1602 quid
1289 1530 1350 1587 te
1379 1527 1598 1601 laqueis
1628 1527 2015 1587 saecularibus
2046 1527 2292 1587 inuoluis
2320 1530 2386 1586 ut
2416 1546 2543 1588 cum

231 1650 284 1689 ιο
303 1630 527 1689 saeculo
555 1629 860 1689 iudiceris?
908 1630 1045 1703 quid
1073 1630 1362 1689 inimicum
1391 1632 1552 1690 tuum
1581 1630 1875 1689 fauoribus
1915 1631 2195 1689 laudando
2236 1630 2541 1705 delinquis,

303 1750 434 1791 cum
462 1749 570 1806 quo
601 1749 830 1793 necesse
859 1736 948 1793 est
978 1737 1042 1792 ut
1071 1733 1328 1807 puniaris
1343 1738 1370 1793 ’ἒ

387 1836 526 1895 Esto
555 1836 748 1910 potius
777 1854 888 1896 non
917 1836 1132 1896 aleator
1163 1836 1262 1895 sed
1299 1836 1643 1896 christianus
1659 1881 1673 1907 ‚
1720 1838 2017 1912 pecuniam
2058 1839 2215 1895 tuam
2244 1837 2540 1897 adsidente
2566 1833 2596 1889 1
2609 1835 2639 1891 1

303 1937 530 1997 Christo
562 1939 950 2011 spectantibus
979 1938 1200 2012 angelis
1231 1942 1288 1999 et
1317 1939 1663 2013 martyribus
1686 1940 2078 2013 praesentibus
2100 1957 2271 2012 super
2292 1916 2543 1999 mensam

302 2040 642 2100 dominicam
693 2057 897 2114 sparge
913 2086 928 2113 ,
973 2040 1376 2114 patrimonium
1425 2044 1584 2100 tuum
1638 2044 1789 2115 quod
1839 2042 2081 2102 forsitan
2136 2060 2303 2101 saeuo
2356 2042 2545 2102 studio

231 2162 286 2199 ιε
305 2144 629 2217 perditurus
680 2161 806 2203 eras
857 2144 1202 2217 pauperibus
1255 2142 1444 2203 diuide
1463 2190 1478 2215 ‚
1545 2144 1781 2204 diuitias
1840 2148 1971 2205 tuas
2020 2145 2247 2204 Christo
2290 2144 2545 2205 uincenti

305 2246 596 2306 committe
615 2290 630 2319 ‚
677 2261 879 2307 seruus
909 2262 1035 2305 cum
1064 2246 1305 2307 Domino
1333 2250 1432 2307 tuo
1463 2265 1720 2319 auocare,
1774 2248 1963 2308 studio
1992 2248 2187 2308 deifico
2218 2249 2544 2321 obsequere,

314 2352 498 2409 artem
527 2348 754 2408 Domini
782 2348 1006 2407 imitare
1038 2366 1179 2423 quae
1211 2365 1322 2410 non
1355 2352 1554 2423 perdet
1581 2351 1684 2409 sed
1712 2350 1902 2423 potius
1932 2352 2205 2424 acquiret.
2252 2351 2443 2411 desine
2472 2351 2545 2409 ab

303 2451 436 2511 illos
491 2454 618 2511 tuos
669 2451 1053 2511 furacissimos
1101 2469 1286 2511 mores
1301 2496 1316 2523 ‚
1365 2453 1562 2513 cohibe
1601 2453 1970 2527 praecipitem
2012 2454 2323 2527 nequitiam
2354 2456 2542 2513 tuam:

309 2555 392 2614 sit
421 2555 527 2615 tibi
556 2570 682 2614 cum
715 2555 1060 2628 pauperibus
1095 2555 1416 2616 cotidianus
1444 2556 1626 2628 lusus,
1658 2556 1737 2616 sit
1766 2556 1874 2616 tibi
1901 2573 2030 2615 cum
2057 2556 2248 2616 uiduis
2276 2556 2545 2630 frequens

237 2677 294 2718 eo
311 2658 591 2733 operatio:
659 2675 890 2718 censum
939 2662 1000 2718 et
1048 2659 1360 2732 adparatus
1423 2661 1551 2718 tuos
1603 2677 1796 2720 omnes
1848 2661 1921 2719 ad
1973 2659 2225 2718 studium
2274 2660 2543 2720 ecclesiae

305 2761 581 2832 distrahe,
633 2778 831 2820 aurum
881 2765 1042 2820 tuum
1069 2764 1130 2820 et
1179 2765 1480 2835 argentum
1531 2765 1590 2822 et
1644 2762 1911 2836 pecunias
1962 2766 2093 2822 tuas
2142 2763 2203 2820 in
2256 2763 2543 2822 thesauris

305 2866 652 2926 caelestibus
701 2883 928 2940 repone,
979 2867 1186 2926 fundos
1237 2869 1298 2925 et
1347 2866 1520 2926 uillas
1570 2870 1703 2926 tuas
1731 2867 1885 2926 iusta
1912 2867 2239 2940 operatione
2270 2869 2343 2926 ad
2370 2885 2543 2941 para-

309 2969 496 3028 disum
546 2984 789 3040 remoue‚
840 2973 906 3028 ut
953 2972 1186 3043 peccata
1215 2973 1316 3030 tua
1365 2971 1645 3030 donentur
1692 2970 1802 3028 tibi
1830 2968 2222 3044 eleemosynis,
2254 2973 2311 3028 et
2341 2987 2541 3044 opera-

437 3201 474 3254 2
507 3201 704 3257 matth.
745 3203 792 3268 7,
830 3201 912 3257 23.
1121 3203 1156 3257 3
1189 3203 1218 3255 1
1253 3203 1333 3256 10.
1367 3203 1418 3268 5,
1457 3204 1538 3256 18.

437 3419 470 3469 1
504 3419 561 3471 et
595 3397 694 3472 diss
728 3418 924 3470 iterum
958 3418 1031 3480 D,
1068 3419 1264 3472 iterum
1298 3418 1543 3473 dominus
1585 3418 1720 3488 QTv
1896 3418 2170 3486 euangelio
2206 3434 2303 3472 suo
2347 3418 2449 3488 QT
2446 3437 2477 3472 v

297 3501 556 3570 exprobat
598 3501 645 3571 Q
859 3502 894 3555 2
931 3503 1103 3556 omnis
1137 3504 1197 3558 D
1399 3504 1574 3558 nescio
1611 3520 1707 3557 uos
1739 3504 1815 3567 D,
1850 3520 2138 3572 numquam
2174 3520 2267 3557 uos
2303 3503 2545 3572 cognitos
2630 3570 2637 3578 Ο

295 3586 466 3642 habui
507 3587 634 3657 QTv
857 3589 894 3642 4
925 3587 1022 3642 deo
1055 3592 1138 3642 est
1179 3590 1230 3643 T
1443 3591 1478 3643 6
1513 3589 1717 3644 aleator
1750 3590 2077 3644 christianus
2119 3591 2248 3658 QTv
2467 3589 2541 3656 es]

293 3676 380 3727 est
420 3673 471 3724 T
689 3674 719 3727 7
755 3676 852 3727 tua
887 3690 988 3728 om.
1029 3674 1160 3744 ρΤυ
1385 3676 1420 3730 8
1455 3691 1576 3730 cum
1610 3691 1710 3731 om.
1748 3674 1897 3745 ΜΩ*
2102 3676 2244 3730 ultro
2282 3691 2380 3728 om.
2428 3677 2476 3727 T

295 3757 448 3827 quid]
485 3757 624 3825 quod
668 3759 769 3826 QT
1009 3758 1400 3814 sordidissimas
1435 3761 1574 3814 aeris
1618 3762 1729 3830 ΩΤ,
1766 3760 2133 3816 sordidissimo
2168 3777 2289 3814 aere
2320 3761 2436 3824 Βῆ,-
2470 3761 2547 3825 cf.

283 3859 346 3911 p.
381 3847 469 3908 98,
505 3847 576 3898 14
770 3845 804 3896 9
839 3845 1052 3898 amittis
1073 3845 1149 3906 D,
1186 3845 1434 3899 admittis
1443 3845 1572 3915 QTv
1764 3847 2005 3902 inuolues
2042 3847 2115 3912 D,
2148 3846 2393 3900 inuolens
2432 3847 2482 3899 T

291 3929 432 3998 cum]
467 3928 590 3983 dev
729 3930 796 3983 10
828 3929 1102 3997 delinques
1124 3930 1287 4001 DQT
1424 3933 1486 3985 11
1524 3932 1667 4000 quod
1690 3949 1811 3986 cum
1835 3933 1912 3986 M
1912 3932 1983 4002 ρ*
2122 3935 2186 3985 ut
2213 3949 2313 3986 om.
2348 3931 2477 4001 QTv

293 4013 364 4068 14
397 4030 554 4082 quem
589 4014 834 4068 forsitam
880 4015 928 4085 Q
1064 4017 1131 4069 16
1164 4019 1404 4086 auocare]
1441 4035 1631 4073 uocare
1655 4037 1687 4074 v
1828 4019 1892 4072 17
1931 4018 2105 4086 perdit
2126 4019 2218 4080 Dv
2365 4020 2549 4086 acqui-

289 4099 371 4152 rit
401 4117 437 4153 v
597 4100 664 4154 18
697 4101 822 4154 illos
857 4103 977 4154 tuos
1013 4101 1374 4158 furacissimos
1409 4120 1584 4158 mores
1607 4105 1850 4174 M²Q²12
1886 4105 2003 4158 illis
2036 4105 2150 4158 tuis
2174 4105 2547 4158 furiacissimis

291 4185 529 4238 moribus
563 4185 716 4254 DQ
753 4186 852 4240 illo
885 4189 982 4240 tuo
1015 4186 1349 4242 furacissime
1383 4205 1530 4244 moro
1563 4191 1661 4243 Μ’*
1813 4190 1879 4244 19
1914 4190 2007 4259 sit]
2044 4191 2093 4243 si
2129 4189 2180 4244 T
2318 4191 2389 4243 20
2422 4193 2547 4242 tuas

285 4287 390 4326 mn.
425 4270 486 4324 D
665 4271 733 4325 21
769 4271 1078 4326 thensauris
1120 4273 1167 4342 Q
1359 4276 1430 4328 22
1464 4291 1656 4344 repone
1692 4293 1762 4330 ecc
1796 4278 1853 4330 et
1886 4292 2021 4345 pone
2064 4274 2110 4345 Q
2136 4293 2205 4332 m.
2228 4279 2285 4340 2,
2323 4273 2549 4329 reconde

283 4359 344 4410 et
377 4372 512 4425 pone
547 4358 624 4411 M
651 4358 748 4412 sed
779 4357 998 4412 reconde
1031 4359 1096 4412 im
1126 4375 1293 4430 mara.
1329 4377 1398 4414 m.
1435 4364 1476 4414 2
1677 4360 2077 4431 apparadiscum
2118 4360 2166 4430 Q
2346 4359 2419 4412 23
2450 4361 2551 4412 tua

281 4457 390 4496 om.
433 4440 561 4510 QTv
767 4442 1064 4498 elimosinis
1103 4443 1203 4514 ΩΤ
1404 4445 1735 4502 orationibus
1780 4446 1909 4516 QTv
