3217 5150
703 490 824 557 174
1643 484 2011 559 Appendix.

697 648 927 707 audisse
957 649 1311 709 mendacium
1363 652 1787 723 praesumentes
1844 664 2041 709 uocem
2070 645 2317 721 apostoli
2346 644 2509 703 Pauli
2550 640 2949 717 protestantis,

699 768 836 811 non
877 752 1062 812 enim
1105 769 1368 825 sumus,
1413 752 1619 829 inquit,
1664 753 1859 813 sicut
1888 750 2189 826 plurimi
2222 748 2751 809 adulterantes
2794 761 2950 803 uer·

699 852 858 913 bum
900 854 1059 924 Dei,
1125 856 1248 916 sed
1303 870 1385 915 ex
1427 855 1880 918 'sinceritate
1936 854 2134 915 sicut
2186 869 2270 911 ex
2313 852 2453 911 Deo
2512 864 2745 910 coram
2790 847 2948 921 ipso

699 955 774 1017 in
817 958 1113 1018 Christo
1157 958 1538 1034 loquimur.
1581 960 1646 1018 in
1674 959 1866 1019 dolore
1893 958 2089 1033 itaque
2114 956 2355 1017 maximo
2386 952 2686 1015 constituti
2714 952 2786 1010 de
2816 949 2945 1024 qui-

701 1060 944 1121 busdam
973 1062 1277 1123 tabefactis
1307 1063 1575 1123 membris
1601 1062 1857 1137 corporis
1888 1062 2069 1122 nostri
2116 1064 2177 1121 et
2218 1061 2279 1120 in
2306 1059 2523 1135 gemitu
2552 1058 2833 1117 iacturam
2860 1052 2947 1111 la-
2964 1073 2986 1109 s

701 1165 1010 1225 mentantis
1039 1167 1312 1227 eeclesiae
1327 1212 1344 1238 ‚
1403 1183 1548 1241 quae
1589 1183 1693 1241 per
1720 1164 2027 1240 segnitiem
2070 1166 2325 1224 nostram
2362 1160 2644 1235 redigitur
2692 1174 2799 1233 per
2829 1156 2949 1215 dies

699 1266 961 1343 singulos
995 1268 1070 1329 ad
1097 1270 1330 1328 nimiam
1358 1269 1707 1343 paucitatem
1726 1312 1741 1341 ,
1799 1267 2081 1327 credimus
2110 1283 2213 1325 nos
2242 1282 2313 1325 ex
2340 1268 2503 1339 parte
2532 1263 2726 1336 aliqua
2754 1259 2945 1325 suble-

697 1371 820 1430 uari
839 1416 854 1443 ‚
899 1372 1050 1447 quod
1109 1371 1442 1447 diligentiae
1493 1374 1721 1431 nostrae
1771 1370 2135 1446 neglegentia
2192 1368 2543 1443 quorundam
2584 1366 2783 1425 obesse
2837 1379 2948 1421 non

698 1474 910 1548 possit,
955 1474 1162 1549 quibus
1201 1492 1506 1550 numquam
1533 1476 1764 1535 nostrae
1794 1474 2019 1534 litterae
2049 1472 2375 1543 defuerunt,
2420 1486 2565 1545 quae
2608 1485 2711 1543 per
2739 1466 2943 1525 absen-

693 1576 835 1636 tiam
885 1594 1068 1637 meam
1121 1577 1498 1651 frequentiam
1539 1578 1800 1638 omnibus
1830 1578 2231 1651 pensauerunt.
2282 1572 2757 1633 dissimulationis
2810 1586 2943 1629 suae
2963 1587 3005 1625 ιο

693 1681 1078 1755 unusquisque
1107 1682 1459 1755 contemptor
1487 1696 1647 1739 reum
1678 1682 1857 1740 semet
1882 1681 2007 1754 ipse
2038 1678 2379 1749 conscribat,
2410 1692 2515 1735 nos
2544 1678 2737 1736 autem
2763 1673 2945 1732 libera

693 1781 880 1841 fronte
897 1782 1380 1857 contemptoribus
1395 1784 1775 1844 exclamamus
1794 1784 1944 1858 quod
1962 1782 2227 1843 Salomon
2242 1780 2587 1841 confidenter
2608 1778 2943 1853 exprobrat:

695 1886 1032 1959 quoniam
1073 1886 1360 1961 quidem
1403 1889 1777 1961 necabam,
1822 1886 2043 1962 inquit,
2088 1904 2225 1947 non
2268 1881 2830 1945 obaudiebatis:
2876 1882 2943 1938 et

693 1990 1170 2050 extendebam
1213 1990 1432 2049 uerba
1485 2008 1665 2063 mea,
1738 1992 1813 2049 et
1856 2008 1993 2051 non
2058 1986 2596 2060 intendebatis,
2663 1985 2791 2045 sed
2850 1984 2939 2042 ir-

691 2089 842 2149 rita
884 2090 1289 2153 faciebatis
1333 2109 1482 2153 mea
1523 2094 1871 2166 consilia,
1918 2094 2097 2155 meis
2138 2094 2373 2151 autem
2416 2087 3001 2164 increpationi-1⁵

693 2194 823 2253 bus
864 2211 1003 2254 non
1047 2196 1589 2257 intendebatis:
1638 2197 1887 2273 itaque
1930 2200 2001 2257 et
2043 2212 2172 2269 ego
2216 2195 2509 2253 uestrae
2530 2190 2940 2267 perditioni

689 2297 1196 2370 superridebo.
1267 2299 1703 2375 gratulabor
1760 2318 1931 2375 ergo
1988 2300 2371 2359 aduersum
2424 2314 2584 2371 uos,
2627 2313 2779 2356 cum
2822 2294 2937 2353 ad-

689 2401 981 2461 uenerit
1024 2402 1232 2463 uobis
1275 2402 1672 2476 interitus,
1739 2420 1895 2463 cum
1958 2402 2350 2463 aduenerit
2414 2399 2621 2460 uobis
2688 2398 2936 2458 subito

689 2504 1080 2581 tumultus,
1127 2506 1420 2567 euersio
1464 2510 1702 2567 autem
1744 2506 2019 2567 similis
2064 2505 2469 2582 procellae,
2512 2506 2587 2563 et
2626 2519 2779 2563 cum
2823 2501 2935 2561 ad·

687 2608 980 2668 uenerit
1024 2611 1232 2670 uobis
1275 2628 1625 2686 pressura
1666 2615 1737 2671 et
1790 2609 2255 2686 expugnatio.
2322 2609 2470 2669 erit
2534 2605 2718 2668 enim
2786 2621 2995 2667 cumen

685 2727 789 2770 me
854 2710 1426 2786 inuocaueritis‚
1473 2731 1602 2789 ego
1648 2716 1884 2775 autem
1928 2731 2062 2774 non
2105 2714 2479 2774 exaudiam
2522 2729 2668 2772 uos.
2722 2727 2931 2785 quae-

687 2817 852 2874 rent
894 2831 996 2874 me
1043 2815 1248 2890 mali,
1293 2821 1364 2878 et
1407 2836 1542 2878 non
1587 2817 2007 2878 inuenient:
2056 2817 2363 2877 oderunt
2419 2816 2603 2876 enim
2646 2815 2931 2889 sapien·

681 2916 884 2977 tiam.
919 2919 1215 2980 uerbum
1237 2926 1474 2982 autem
1498 2921 1787 2982 Domini
1817 2939 1949 2982 non
1980 2921 2543 2994 adsumpserunt
2570 2936 2799 2993 neque
2828 2935 2931 2978 uo·

682 3016 980 3079 luerunt
1009 3022 1188 3082 meis
1213 3023 1560 3084 consiliis
1589 3024 1992 3084 intendere.
2038 3025 2481 3098 spreuerunt
2524 3023 2711 3082 enim
2740 3037 2929 3080 meas

683 3125 1227 3198 correptiones:
1297 3128 1604 3202 ideoque
1650 3128 1868 3188 edent
1912 3126 2074 3187 uiae
2124 3143 2295 3187 suae
2341 3126 2631 3187 fructus
2686 3127 2759 3184 et
2804 3139 2989 3183 susas

681 3224 1065 3299 impietate
1111 3231 1605 3290 satiabuntur.

619 3327 662 3392 2
762 3330 856 3390 Ad
900 3348 1002 3391 uos
1030 3349 1180 3393 nunc
1207 3335 1525 3395 exhortatio
1570 3337 1769 3395 nostra
1806 3333 2158 3395 conuertitur
2199 3350 2341 3409 quos
2382 3335 2643 3394 nolumus
2682 3333 2927 3407 experiri

679 3431 822 3492 talia
849 3435 1186 3509 praecipitia
1213 3436 1518 3498 ruinarum.
1579 3439 1815 3498 metuite
1846 3440 2119 3513 quantum
2150 3437 2392 3512 potestis
2434 3437 2710 3497 eiusmodi
2760 3453 2927 3496 casus

679 3535 856 3596 exitia
884 3539 944 3597 et
973 3537 1032 3596 in
1073 3539 1189 3598 ista
1229 3541 1594 3601 subuersione
1625 3540 1936 3601 labentium
1981 3559 2081 3600 uos
2122 3540 2510 3614 experimenta
2548 3542 2924 3614 perterreant.

676 3639 910 3700 nimium
940 3657 1208 3716 praeceps
1238 3645 1328 3703 est
1357 3644 1456 3719 qui
1485 3644 1731 3705 transire
1762 3643 2084 3717 contendit,
2116 3642 2214 3702 ubi
2244 3642 2597 3715 conspexerit
2624 3643 2799 3701 alium
2829 3659 2922 3703 ce·
2942 3661 2991 3698 κο

808 3893 842 3948 2
878 3895 906 3948 I
943 3893 1059 3950 Cor.
1095 3895 1145 3960 4,
1182 3897 1231 3950 2.
1441 3895 1507 3950 13
1540 3893 1699 3950 Prou.
1740 3897 1786 3961 1,
1825 3895 2046 3950 24-31.

809 4151 840 4204 1
876 4166 1003 4206 uoce
1048 4153 1095 4209 Ο
1381 4156 1417 4209 5
1450 4155 1770 4224 putrefactis
1805 4172 1839 4210 v
2135 4155 2202 4209 10
2237 4171 2409 4210 meam
2452 4155 2510 4220 0,
2546 4159 2787 4211 nostram
2824 4173 2857 4211 v

677 4237 740 4290 11
777 4239 841 4291 ut
876 4239 1240 4310 unusquisque
1275 4258 1310 4296 v
1620 4242 1965 4311 semetipsum
2001 4259 2035 4296 v
2332 4242 2398 4296 12
2432 4242 2785 4298 exclamemus
2821 4262 2857 4298 υ

675 4323 740 4376 17
775 4327 829 4378 et
865 4341 984 4379 cum
1019 4342 1054 4380 v
1303 4327 1371 4380 19
1408 4326 1601 4381 similis
1643 4327 1702 4392 G,
1740 4327 1903 4381 simul
1938 4330 1994 4383 et
2026 4344 2060 4382 v
2320 4329 2391 4382 26
2426 4329 2771 4384 saciabuntur
2812 4331 2861 4385 C

671 4407 738 4462 27
774 4409 891 4464 exh.
929 4416 1115 4465 nostra
1155 4411 1213 4476 G,
1251 4428 1370 4467 mea
1403 4413 1520 4467 exh.
1555 4429 1590 4468 v
1795 4413 1864 4468 30
1899 4413 2069 4469 alium
2106 4414 2433 4483 conspexerit
2468 4432 2502 4470 v
