3217 5150
648 573 875 620 CXVIII

776 803 835 868 V
878 803 972 868 De
1000 799 1443 884 rebaptismate
1494 843 2686 864 ............
2781 713 2908 860 ΡΞ)

744 914 833 979 VI
878 915 971 979 De
999 910 1372 979 aleatoribus
1389 953 2472 976 ...........
2477 943 2486 952 -
2563 956 2576 970 .
2669 953 2688 972 .
2821 906 2906 972 92

707 1025 833 1092 VII
876 1026 971 1092 De
1000 1023 1236 1090 duobus
1266 1021 1583 1088 montibus
1617 1021 1737 1103 (De
1765 1019 2082 1086 montibus
2112 1018 2258 1086 Sina
2287 1020 2350 1084 ct
2379 1017 2549 1098 Sion)
2670 1067 2684 1079 .
2777 1017 2912 1082 104

672 1138 835 1205 VIII
876 1138 979 1204 Ad
1011 1135 1321 1220 Vigilium
1350 1135 1702 1218 episcopum
1732 1133 1808 1198 de
1837 1131 2092 1198 Iudaica
2118 1129 2557 1196 incredulitate
2671 1179 2686 1194 .
2779 1131 2908 1195 119

740 1249 833 1314 IX
876 1249 1195 1314 Aduersus
1208 1245 1469 1310 Iudaeos
1480 1243 1616 1329 (qui
1635 1243 1899 1308 insecuti
1912 1245 2060 1308 sunt
2071 1241 2392 1309 dominum
2404 1243 2690 1308 nostrum

935 1360 1144 1425 Iesum
1172 1356 1513 1438 Christum)
1604 1401 2684 1422 ...........
2778 1355 2908 1420 133

775 1470 836 1536 X
878 1468 1093 1535 Oratio
1122 1469 1189 1533 I:
1219 1468 1455 1553 Hagios
1494 1513 2684 1534 ............
2781 1465 2908 1530 144

736 1582 831 1647 XI
876 1580 1087 1646 Oratio
1114 1579 1211 1647 II:
1242 1580 1507 1646 Domine
1534 1581 1746 1645 sancte
1803 1626 2684 1644 .........
2781 1578 2904 1643 146

708 1693 835 1760 ΧΠ
878 1695 971 1759 De
1001 1692 1325 1759 duodecim
1356 1691 1636 1758 abusiuis
1667 1691 1898 1757 saeculi
2022 1739 2572 1756 ......
2672 1740 2686 1752 .
2781 1691 2908 1755 152

670 1804 831 1870 XIII
874 1805 968 1870 De
998 1804 1432 1890 singularitate
1462 1803 1821 1868 clericorum
1918 1850 2466 1867 ......
2465 1831 2473 1837 ·
2558 1852 2572 1865 .
2665 1850 2682 1865 .
2777 1802 2904 1867 173

684 1915 833 1980 XIV
876 1915 969 1980 De
999 1913 1232 1997 duplici
1261 1915 1559 1998 martyrio
1590 1914 1671 1980 ad
1699 1914 2112 1980 Fortunatum
2128 1962 2681 1978 ......
2771 1911 2906 1978 220

715 2024 833 2090 XV
876 2027 971 2092 De
998 2025 1239 2091 Pascha
1267 2025 1591 2108 computus
1701 2073 2685 2091 ..........
2775 2024 2923 2090 248.

672 2134 825 2201 XVI
868 2137 1190 2219 Epistulae

936 2249 969 2311 1
1016 2247 1294 2312 Donatus
1325 2245 1653 2331 Cypriane:
1687 2245 1877 2312 Credo
1906 2248 1968 2312 te
2024 2297 2682 2314 .......
2776 2249 2908 2315 272

930 2360 971 2424 2
1015 2357 1329 2424 Cornelius
1358 2356 1680 2442 Cypriane:
1711 2359 2078 2425 Dilectionis
2133 2409 2683 2426 ......
2775 2361 2904 2427 272

931 2471 971 2536 3
1015 2468 1355 2554 Cyprianus
1383 2471 1551 2553 plebi
1582 2469 1972 2557 Carthagini:
2005 2471 2254 2538 Gratias
2343 2523 2357 2536 .
2451 2520 2463 2534 .
2555 2520 2572 2536 .
2667 2525 2679 2536 .
2773 2474 2901 2538 273

928 2584 972 2648 4
1016 2580 1354 2668 Cyprianus
1386 2582 1669 2649 Turasioz
1703 2581 1996 2649 Caritatis
2021 2632 2678 2649 .......
2769 2586 2896 2651 274

638 2691 827 2759 XVII
870 2692 1159 2761 Carmina
2873 2688 2878 2693 ’

933 2806 968 2871 1
1016 2803 1296 2871 Genesis:
1327 2804 1643 2888 Principio
1674 2804 1959 2871 dominus
2027 2858 2040 2870 .
2132 2855 2147 2870 .
2233 2824 2251 2872 ⁴.
2339 2830 2374 2872 .·
2449 2856 2463 2869 .
2555 2857 2570 2870 .
2664 2855 2680 2872 .
2769 2809 2896 2874 283

922 2918 963 2982 2
1008 2916 1301 2983 Sodoma:
1332 2917 1471 2982 Iam
1502 2916 1650 2982 deus
1679 2918 2065 2999 omnipotens
2123 2968 2676 2984 ......
2767 2920 2894 2986 289

928 3028 969 3093 3
1013 3028 1107 3094 De
1136 3028 1315 3094 Iona:
1347 3028 1501 3093 Post
1530 3027 1864 3094 Sodomum
1893 3030 1958 3094 et
1985 3028 2322 3095 Gomorum
2341 3081 2356 3095 .
2449 3078 2464 3095 .
2553 3078 2570 3095 .
2662 3082 2678 3095 .
2767 3032 2892 3097 297

928 3141 972 3205 4
1014 3139 1118 3205 Ad
1158 3142 1503 3206 senatorem
1548 3159 1622 3206 ex
1653 3138 2003 3207 Christiana
2045 3142 2345 3226 religione
2375 3142 2455 3207 ad
2482 3140 2682 3209 idolo-

1014 3270 1157 3317 rum
1186 3252 1552 3317 seruitutem
1584 3270 1978 3317 conuersum:
2011 3250 2166 3318 Cum
2196 3254 2259 3318 te
2341 3303 2354 3316 .
2448 3266 2463 3317 ·.
2557 3303 2572 3317 .
2664 3304 2679 3317 .
2769 3254 2900 3321 302

924 3363 967 3429 5
1010 3363 1104 3429 De
1134 3361 1405 3428 Pascha:
1436 3364 1551 3427 Est
1579 3362 1750 3429 locus
1767 3412 2676 3435 ..........
2767 3366 2904 3432 305

931 3476 973 3541 6
1017 3475 1120 3540 Ad
1158 3474 1450 3541 Flauium
1489 3474 1760 3540 Felicem
1804 3475 1880 3540 de
1925 3476 2365 3541 resurrectione
2406 3476 2684 3541 mortuo-

1012 3606 1183 3652 rum:
1218 3584 1339 3667 Qui
1369 3585 1528 3651 mihi
1556 3586 1855 3653 ruricolas
1917 3636 2678 3653 ........
2771 3589 2898 3655 308

632 3692 881 3761 Indices
943 3746 2678 3765 .................
2767 3700 2895 3766 327

1554 4092 1964 4117 ΙΙ
