3217 5150
2296 579 2528 630 xxm

271 712 458 794 idque
488 714 554 778 in
584 737 638 777 ω
666 713 948 796 inrepsit.
978 711 1066 778 Εςι
1094 714 1135 779 1.
1169 732 1221 779 e.
1254 715 1559 780 corrector
1587 714 1655 779 in
1685 714 2086 781 coniectando
2115 735 2228 782 nec
2257 717 2523 785 timidus

265 843 381 890 nec
422 825 757 907 imperitus
801 824 1057 891 fortiore
1100 825 1369 892 medella
1415 844 1565 893 usus
1606 828 1862 912 scripsit
1899 827 2073 908 dare,
2119 826 2274 893 dam
2312 833 2528 895 tamen
2627 872 2638 886 .

268 954 401 1000 non
428 939 657 1016 putent
685 951 957 1018 propere
994 957 1123 1018 nec,
1168 955 1355 1021 quam
1396 937 1712 1004 infelicem
1753 938 2171 1005 coniecturam
2212 942 2460 1008 secutus
2491 959 2528 1006 o

266 1047 516 1112 exhibet
536 1046 693 1112 dare
712 1065 846 1112 non
863 1051 1094 1130 putent
1110 1065 1381 1129 propere
1406 1053 1637 1114 tamen.
1672 1050 1764 1115 sic
1791 1049 2240 1116 emendationis
2269 1053 2528 1118 conatus

267 1158 345 1223 ab
396 1157 598 1224 altera
648 1177 837 1224 manu
879 1158 1200 1226 Trecensis
1250 1160 1356 1226 uel
1400 1158 1905 1244 compendiensis
1957 1160 2110 1226 facti
2154 1161 2221 1226 in
2267 1161 2526 1246 reliquis

266 1287 477 1335 omnes
516 1267 645 1336 fere
686 1272 987 1355 apparent
1025 1271 1503 1355 interpolatione
1542 1273 1907 1358 plerumque
1943 1273 2197 1360 longius<
2224 1277 2529 1357 serpente,

266 1382 446 1447 uelut
484 1400 545 1464 p.
576 1381 815 1460 521,16
844 1401 923 1447 ne
950 1382 1011 1446 si
1040 1381 1203 1465 quod
1244 1401 1435 1468 supra
1460 1382 1616 1449 dnm
1646 1381 1738 1463 φ
1767 1385 2119 1468 scripserat,
2161 1387 2231 1451 in
2257 1386 2531 1469 reliquos

265 1493 411 1559 Εοω
448 1492 772 1578 migrauit.
813 1515 877 1578 p.
909 1493 1145 1575 522,12
1187 1511 1329 1560 cum
1372 1493 1698 1577 frequenti·
1715 1495 1938 1561 mendo
1969 1495 2036 1561 in
2066 1495 2245 1576 MQT
2281 1516 2529 1563 eorum-

264 1623 385 1688 que
429 1603 635 1672 codice
678 1607 931 1689 parente
973 1605 1137 1688 quod
1178 1605 1389 1691 mayis
1432 1625 1541 1689 pro
1585 1625 1708 1688 qno
1735 1607 1945 1691 mayis
1971 1607 2276 1690 scriptum
2310 1608 2535 1675 fuisset

262 1718 451 1800 idque
496 1718 575 1794 ab
604 1718 658 1784 E
703 1720 1043 1801 receptum,
1086 1716 1175 1783 ΕΩ
1213 1736 1252 1783 a
1290 1717 1545 1784 traditis
1589 1718 1840 1803 longius
1887 1717 2220 1785 deflectens
2267 1718 2532 1784 coniecit

265 1836 501 1914 quanto
528 1832 755 1918 maqis,
787 1831 952 1913 quod
980 1829 1046 1895 in
1076 1847 1113 1895 ο
1141 1828 1166 1894 1
1194 1854 1233 1916 ρ
1260 1831 1325 1895 et
1354 1829 1659 1897 editiones
1689 1830 1970 1914 inrepsit,
2013 1855 2068 1896 ω
2094 1847 2241 1897 uero
2270 1831 2436 1913 quod
2466 1830 2533 1895 in

266 1943 374 2009 hoc
404 1943 700 2010 mutauit.
1108 1943 1115 1949 ’

351 2057 445 2121 Ex
469 2055 683 2122 eodem
713 2053 994 2121 familiae
1022 2054 1283 2120 alterius
1312 2054 1666 2139 archetypo,
1699 2055 1808 2121 sed
1830 2071 2058 2121 nouem
2078 2054 2213 2120 illis
2239 2053 2531 2138 epistulis

262 2168 539 2235 nondum
581 2168 869 2233 truncato
910 2165 1151 2232 factum
1194 2168 1289 2232 est
1318 2166 1589 2233 alterum
1620 2151 2048 2252 apograph'um
2076 2163 2222 2254 (Y),
2274 2168 2440 2249 quod
2469 2168 2534 2234 et

262 2280 471 2364 ipsum
501 2278 779 2356 interiit;
812 2277 921 2344 sed
950 2255 1375 2361 quaecumque
1405 2277 1760 2344 continebat
1787 2278 1856 2343 in
1885 2279 2251 2361 ampliorem
2281 2281 2529 2362 recepta

266 2394 414 2457 sunt
444 2390 873 2456 collectionem
904 2390 1279 2474 scriptorum
1310 2408 1468 2473 qnae
1498 2390 1785 2455 seruatur
1815 2391 2024 2456 codice
2051 2389 2388 2475 Reginensi
2415 2391 2525 2478 (Τ)

265 2487 409 2568 118.
454 2521 613 2569 saec.
645 2502 723 2583 X,
766 2502 834 2567 in
861 2500 1355 2568 Reifferscheidii
1384 2499 1784 2566 Bibliotheca
1814 2505 1994 2583 patr.
2038 2500 2154 2567 lat.
2197 2502 2268 2566 it.
2307 2521 2367 2585 p.
2401 2503 2528 2569 337

264 2616 602 2699 descript03
634 2634 707 2681 ea
728 2616 1121 2681 continentur
1149 2614 1331 2679 haec:
1365 2613 1568 2680 libelli
1588 2614 1639 2679 I.
1666 2613 1774 2679 IV.
1801 2613 1910 2678 VI.
1937 2613 2013 2677 V.
2041 2613 2186 2679 VII.
2210 2614 2323 2678 XI.
2347 2613 2528 2679 VIII.

260 2728 338 2793 X.
372 2726 519 2792 XII.
548 2726 725 2791 XIII.
760 2725 873 2790 IX.
904 2725 1027 2805 III,
1060 2725 1365 2808 epistulae
1396 2726 1500 2791 63.
1525 2726 1585 2791 6.
1609 2724 1714 2790 55.
1745 2726 1845 2790 10.
1877 2725 1981 2791 28.
2013 2725 2117 2791 37.
2153 2725 2255 2791 11.
2287 2726 2390 2791 38.
2423 2727 2526 2793 39.

262 2840 362 2906 58.
412 2839 511 2905 60.
560 2839 665 2905 57.
697 2838 803 2905 59.
835 2838 941 2904 52.
972 2837 1078 2902 47.
1111 2836 1215 2903 45.
1248 2836 1351 2903 44.
1382 2837 1485 2903 51.
1518 2838 1618 2903 13.
1649 2837 1755 2904 43.
1787 2838 1892 2904 65.
1927 2837 1985 2901 1.
2019 2837 2121 2902 61.
2152 2837 2259 2903 46.
2291 2838 2392 2903 66.
2421 2838 2528 2904 54.

263 2952 364 3017 76.
411 2950 513 3017 73.
546 2951 659 3015 71.
703 2949 805 3028 70,
849 2947 1127 3023 Sentent.
1158 2948 1603 3030 episcoporum,
1651 2948 1753 3013 74.
1786 2949 1890 3015 69.
1923 2949 2028 3015 67.
2061 2949 2162 3015 64.
2194 2949 2254 3015 2.
2288 2949 2392 3015 32.
2423 2951 2528 3016 20.

264 3063 363 3143 12,
404 3060 505 3128 De
547 3060 737 3127 laude
776 3061 1093 3145 martyrii,
1135 3060 1239 3125 40.
1276 3061 1377 3127 78.
1413 3061 1512 3126 79.
1549 3061 1651 3126 76.
1686 3061 1788 3140 77,
1851 3057 2029 3135 Quod
2068 3059 2244 3125 idola
2274 3060 2373 3125 dii
2401 3080 2534 3126 non

258 3174 407 3253 sint,
462 3174 565 3239 30.
609 3173 710 3239 31.
758 3174 860 3238 70.
909 3174 971 3239 5.
1018 3173 1077 3237 7.
1128 3172 1227 3237 14.
1268 3172 1330 3237 4.
1374 3172 1477 3238 56.
1510 3172 1571 3237 3.
1607 3171 1708 3237 72.
1746 3171 1845 3237 12.
1876 3172 1979 3238 53.
2017 3172 2115 3238 16.
2157 3172 2256 3239 15.
2294 3173 2394 3237 17.
2429 3173 2531 3239 18.

263 3285 363 3350 19.
407 3286 512 3350 26.
558 3285 662 3351 25.
696 3286 756 3351 9.
787 3286 891 3352 29.
937 3285 1042 3351 27.
1089 3285 1194 3351 23.
1237 3286 1339 3351 24.
1373 3285 1477 3350 21.
1508 3284 1616 3351 22.
1649 3285 1845 3350 8.·35.
1877 3284 1980 3349 36.
2012 3285 2117 3350 33.
2147 3285 2255 3349 49.
2286 3285 2390 3351 50.
2423 3286 2528 3352 34.

266 3397 371 3460 41.
431 3396 537 3460 42.
600 3396 703 3475 80,
776 3396 1107 3461 Aduersus
1164 3396 1436 3461 Iudaeos
1502 3395 1616 3477 qai
1671 3395 1940 3461 insecuti
1996 3400 2148 3461 sunt
2191 3396 2534 3485 ‘dominum

257 3494 554 3572 'nostrum
593 3506 803 3572 Iesum
834 3506 1176 3589 Christum,
1221 3506 1323 3574 De
1352 3506 1748 3590 aleatoribus,
1794 3505 1896 3573 De
1923 3506 2160 3573 duobus
2199 3508 2534 3587 montibus,

264 3616 376 3683 Ad
452 3617 759 3701 Viyilium
790 3704 795 3707 -
826 3612 1183 3701 episcopum
1252 3618 1327 3685 de
1396 3618 1664 3685 iudaica
1731 3618 2192 3700 incredulitate,
2266 3616 2532 3686 Caecilii

267 3730 587 3815 Cypriani
628 3731 771 3796 nita
799 3750 921 3812 per
948 3730 1257 3797 Pontium
1294 3730 1636 3797 diaconam
1678 3730 1953 3815 (Incipit
1991 3730 2198 3797 cecilii
2232 3730 2533 3813 cypriani

264 3844 527 3909 antestis
568 3822 646 3907 cli
668 3842 851 3927 cod.),
893 3843 1003 3909 Ad
1034 3842 1357 3909 Flauium
1388 3842 1661 3909 Felicem
1689 3842 1766 3907 de
1793 3841 2238 3907 reswrrectionc
2264 3844 2533 3905 mortuo-

264 3976 432 4037 rum,
485 3955 722 4033 Caena,
775 3952 1013 4036 Oratio,
1064 3952 1281 4020 Oratio
1319 3974 1513 4037 quam
1544 3953 1714 4019 dixit
1741 3952 1854 4018 sub
1882 3951 1984 4018 die
2001 3952 2332 4035 passionis
2360 3970 2532 4031 suae,

268 4068 499 4135 Passio
531 4066 867 4151 Cypriani.
906 4086 980 4133 ex
1006 4066 1342 4153 Reginensi
1371 4066 1529 4132 libro
1560 4065 1750 4131 codex
1777 4064 1930 4129 olim
1959 4064 2335 4131 Baluzianus
2364 4082 2529 4132 nunc
2580 4080 2754 4126 cosia.
2775 4056 2829 4123 Τ

269 4180 637 4246 Parisiensis
671 4178 837 4246 1648
872 4176 959 4268 (t)
990 4197 1148 4244 saec.
1180 4178 1342 4243 XIII
1384 4178 1764 4243 nitidissime
1804 4177 2151 4260 descriptus
2191 4177 2306 4261 est,
2349 4194 2529 4259 prae-

272 4295 369 4358 ter
405 4293 741 4375 epistulam
774 4291 858 4357 12
886 4290 1248 4357 ommissam
1278 4290 1430 4354 etin
1465 4290 1635 4355 calce
1663 4290 1806 4354 ante
1835 4286 2211 4354 Passionem
2239 4286 2528 4353 libellum

263 4402 604 4483 Expositi«)
656 4401 732 4468 de
782 4402 1034 4469 simbolo
1103 4402 1389 4467 additum
1459 4402 1670 4467 omnia
1738 4401 1952 4468 eodem
2025 4396 2237 4467 ordine
2297 4400 2529 4483 scripta

268 4515 701 4598 complectens.
732 4516 801 4580 in
829 4534 949 4599 quo
980 4515 1034 4580 si
1060 4515 1473 4597 epistularum
1504 4512 1939 4596 inscriptiones
1969 4530 2216 4598 prorsus
2247 4512 2532 4579 diuersas

2566 4157 2818 4212 apographa
2825 4170 2840 4199 z

2684 4229 2718 4293 t
