3217 5150
651 516 781 581 250
1597 510 1963 581 Appendix.

653 677 934 733 coctam
977 689 1196 747 aqua,
1253 671 1402 731 nisi
1445 672 1798 741 assatam,
1854 672 2081 745 caput
2136 686 2287 728 cum
2330 669 2649 743 pedibus
2692 672 2765 729 et
2808 670 2913 727 in-

655 776 1025 849 teraneis,
1095 776 1292 834 nihil
1359 772 1909 851 derelinquetis
1976 788 2058 833 ex
2123 772 2231 833 eis
2274 772 2347 831 in
2412 789 2639 845 mane,
2704 774 2777 831 et
2836 789 2914 831 os

657 898 792 941 non
836 880 1340 955 confringetis
1385 879 1470 939 ab
1513 896 1623 939 eo:
1682 894 1863 953 quae
1918 881 2153 937 autem
2200 876 2575 937 derelicta
2616 876 2916 937 fuerint

657 985 738 1044 de
783 1000 861 1043 eo
903 1000 1133 1057 usque
1178 982 1252 1041 in
1291 999 1527 1055 mane,
1589 981 1749 1056 igni
1792 982 2313 1041 cremabuntur
2356 980 2458 1058 [ex
2512 981 2915 1040 intestinis

657 1088 816 1147 eius
861 1086 1232 1146 uorabitis
1273 1088 1442 1159 post
1487 1102 1687 1144 suam
1730 1084 2203 1161 occisioneml.
2258 1085 2365 1144 sic
2405 1086 2641 1144 autem
2683 1074 2955 1145 come-5

661 1189 852 1249 detis
897 1206 1081 1249 eum:
1128 1187 1355 1248 lumbi
1399 1188 1639 1248 uestri
1682 1188 2097 1261 praecincti
2142 1190 2213 1248 et
2266 1186 2558 1261 caligae
2600 1189 2908 1246 uestrae

655 1292 727 1351 in
791 1292 1105 1367 pedibus
1171 1291 1448 1350 uestris
1511 1294 1582 1350 et
1647 1290 1910 1352 bacula
1974 1294 2227 1351 uestra
2276 1290 2351 1348 in
2416 1290 2751 1351 manibus
2796 1306 2909 1348 ue-

653 1396 869 1468 stris,
943 1399 1016 1455 et
1079 1394 1328 1454 edetis
1395 1410 1550 1453 eum
1616 1394 2107 1469 festinanter:
2176 1394 2473 1457 Pascha
2536 1396 2657 1453 est
2720 1393 2913 1452 enim

651 1498 953 1559 Domini.

595 1600 632 1657 2
741 1601 1040 1677 Praecepit
1092 1581 1272 1675 igitur
1303 1601 1458 1661 Deus
1509 1618 1614 1675 per
1642 1601 1875 1677 Moysen
1928 1602 2231 1662 uniuersae
2280 1618 2603 1677 synagogae
2654 1600 2903 1661 filiorum
2928 1619 2983 1657 ιο

657 1705 838 1765 Israel
889 1705 948 1763 in
999 1722 1190 1765 mense
1221 1721 1388 1777 nouo,
1443 1704 1541 1779 qui
1571 1708 1665 1765 est
1692 1705 1923 1764 initium
1952 1704 2233 1765 mensium
2274 1706 2493 1779 primus
2522 1704 2583 1763 in
2612 1705 2906 1766 mensibus

651 1810 808 1880 anni,
865 1808 924 1867 in
951 1825 1061 1883 quo
1090 1809 1294 1867 habitu
1325 1808 1558 1867 ederent
1587 1808 1813 1868 Pascha
1856 1810 2064 1883 quarta
2092 1808 2311 1869 decima
2338 1808 2493 1881 luna,
2544 1808 2621 1867 ad
2648 1809 2757 1867 hoc
2786 1808 2905 1866 uti-

651 1929 762 1986 que
789 1914 859 1971 ut
883 1914 944 1971 et
973 1929 1133 1971 suam
1163 1911 1526 1972 diuinitatem
1557 1912 1919 1972 credentibus
1962 1911 2129 1973 nobis
2158 1911 2220 1970 in
2250 1912 2477 1972 Christo
2508 1911 2905 1974 manifestaret

649 2016 708 2074 et
759 2012 990 2073 illorum
1040 2014 1402 2074 latrocinium
1455 2014 1572 2073 iam
1611 2018 1749 2073 tunc
1796 2015 1867 2073 ab
1898 2014 2065 2075 initio
2094 2014 2311 2075 saeculi
2342 2014 2763 2075 demonstraret
2786 2061 2799 2087 ,
2848 2016 2907 2073 et

649 2118 748 2191 qui
797 2118 860 2177 in
901 2118 1164 2194 Aegypto
1217 2119 1290 2177 ad
1342 2134 1641 2193 uesperam
1670 2118 1731 2177 id
1782 2118 1963 2177 estin
2014 2118 2330 2179 nouissima
2378 2118 2591 2179 saeculi
2642 2120 2901 2191 tempora
2926 2132 2975 2171 ιε

647 2222 960 2297 praecincti
1001 2224 1060 2281 et
1112 2220 1352 2281 calceati
1393 2218 1675 2283 aduersus
1718 2236 1931 2295 agnum
1960 2220 2066 2281 Dei
2095 2221 2523 2281 Mmaculatum
2574 2222 2761 2297 prima
2812 2221 2901 2280 die

647 2342 969 2401 azymorum
999 2324 1074 2383 ad
1101 2342 1400 2399 uesperam
1430 2343 1558 2385 cum
1587 2324 1801 2400 gladiis
1830 2327 1890 2384 et
1930 2323 2185 2385 fustibus
2213 2324 2501 2397 exierunt,
2548 2326 2609 2384 et
2634 2325 2905 2384 uniuersa

649 2444 794 2503 quae
845 2429 919 2488 ab
972 2428 1234 2489 omnibus
1285 2428 1582 2505 prophetis
1634 2428 1931 2503 praedicta
1970 2427 2199 2489 fuerant
2226 2429 2287 2487 in
2316 2445 2445 2488 eum
2474 2428 2899 2487 commiserunt.

649 2535 707 2592 et
735 2532 862 2594 ideo
893 2532 992 2608 qui
1021 2531 1136 2593 iam
1188 2550 1302 2594 non
1358 2534 1669 2594 secundum
1720 2532 2027 2608 imaginem
2081 2532 2231 2593 sicut
2271 2531 2384 2607 illi,
2436 2534 2539 2594 sed
2584 2532 2895 2594 secundum

643 2636 946 2697 ueritatem
1021 2637 1080 2696 in
1139 2638 1729 2698 commemorationem
1785 2637 2073 2713 passionis
2132 2637 2237 2696 filii
2288 2636 2393 2696 Dei
2444 2637 2670 2696 Pascha
2741 2636 2891 2696 cele·
2914 2645 2969 2688 ὀ

643 2743 874 2802 bramus
889 2787 905 2815 ,
957 2742 1106 2802 nihil
1156 2741 1315 2801 aliud
1357 2741 1619 2817 inprimis
1670 2741 1785 2802 nisi
1837 2759 2088 2802 mensem
2138 2759 2349 2802 nouum
2391 2741 2520 2817 quis
2550 2739 2631 2801 sit
2658 2744 2719 2801 et
2746 2740 2897 2800 unde

642 2844 879 2935 incipiat
909 2847 969 2904 et
1009 2844 1108 2904 ubi
1158 2845 1324 2905 finiat
1373 2846 1516 2905 totis
1570 2845 1790 2906 uiribus
1836 2845 1967 2906 fidei
2008 2848 2240 2906 nostrae
2270 2843 2577 2919 diligenter
2606 2843 2895 2918 requirere

641 2948 926 3008 debemus.
959 2950 1018 3008 et
1039 2951 1178 3008 tuno
1199 2947 1574 3022 inueniemus,
1605 2967 1711 3010 nec
1732 2953 1867 3010 ante
1890 2967 1995 3011 nec
2016 2953 2149 3025 post
2177 2949 2353 3008 XIIII
2374 2949 2570 3008 lunam
2601 2947 2891 3006 inuentam

641 3067 807 3125 posse
837 3051 910 3110 ab
941 3051 1084 3126 ipsis
1115 3052 1345 3112 Iudaeis
1376 3053 1601 3112 Pascha
1630 3052 1942 3114 obseruari.

591 3161 629 3218 3
735 3153 894 3224 Quod
947 3154 1136 3228 ipsum
1190 3155 1418 3229 quidem
1463 3157 1755 3216 euidenter
1792 3157 2029 3232 incipiet
2068 3157 2233 3218 nobis
2278 3155 2576 3217 ostendere
2607 3157 2807 3214 sancta
2836 3156 2895 3213 et
2916 3164 2967 3205 ²⁵

643 3256 840 3316 diuina
899 3257 1180 3318 Geneseos
1241 3259 1526 3333 scriptura
1603 3259 1833 3320 dicens:
1902 3261 1980 3320 in
2044 3259 2413 3336 principio
2470 3258 2659 3319 fecit
2702 3257 2893 3317 Deus

643 3361 924 3420 caelum
982 3364 1052 3421 et
1108 3364 1398 3432 terram.
1457 3366 1661 3425 terra
1704 3366 1941 3424 autem
1987 3366 2145 3422 erat
2187 3362 2621 3422 inuisibilis
2676 3364 2747 3420 et
2790 3363 2891 3420 in·

645 3464 1076 3539 composita,
1123 3470 1198 3526 et
1241 3467 1593 3527 tenebrae
1638 3471 1847 3528 erant
1889 3483 2110 3542 super
2152 3469 2513 3542 abyssum,
2560 3469 2633 3526 et
2677 3463 2894 3540 spiri-

811 3649 845 3704 6
881 3649 1010 3704 Gen.
1049 3652 1098 3714 1,
1132 3651 1286 3706 2-5.

774 3839 810 3892 3
843 3837 1036 3892 relicta
1070 3853 1134 3893 cv
1375 3840 1410 3893 4
1443 3839 1502 3892 in
1537 3853 1639 3894 om.
1678 3855 1706 3893 c
1958 3840 2083 3909 igne
2118 3856 2149 3893 c
2388 3854 2449 3893 ex
2470 3879 2483 3892 .
2506 3880 2516 3892 .
2538 3879 2551 3892 .
2576 3838 2889 3894 occisionem

637 3939 740 3977 om.
777 3925 809 3978 b
1017 3925 1046 3978 7
1084 3926 1140 3978 et
1174 3923 1368 3980 bacula
1401 3941 1457 3979 u.
1493 3923 1530 3976 i.
1567 3941 1637 3978 m.
1676 3925 1875 3980 uestris
1910 3940 2012 3980 om.
2050 3941 2079 3980 c
2282 3927 2317 3980 8
2352 3940 2471 3980 eum
2505 3926 2551 3990 b,
2590 3924 2731 3979 illud
2764 3941 2827 3980 cv

638 4009 706 4063 12
742 4009 916 4064 adhuc
949 4027 978 4066 c
1187 4011 1252 4066 13
1289 4014 1353 4064 ut
1389 4025 1488 4066 om.
1527 4027 1556 4066 c
1766 4012 1835 4066 14
1869 4011 2089 4066 illorum
2122 4012 2171 4078 b,
2208 4027 2391 4067 eorum
2426 4028 2489 4066 cv
2711 4015 2767 4066 et
2802 4012 2893 4079 qui

637 4095 676 4151 i.
713 4111 762 4149 a.
799 4111 850 4149 a.
887 4111 1165 4166 uesperam
1201 4112 1301 4152 om.
1339 4113 1367 4151 c
1594 4098 1663 4151 15
1696 4099 1940 4166 tempora
1976 4113 2079 4153 om.
2116 4115 2147 4152 c
2378 4099 2445 4152 16
2479 4098 2763 4153 aduersum
2798 4115 2828 4152 c

636 4180 724 4235 dei
760 4195 960 4250 agnum
996 4197 1058 4236 cv
1358 4182 1422 4235 17
1459 4183 1709 4235 uniuersa
1744 4198 1848 4236 om.
1884 4198 1913 4237 e
2224 4185 2291 4239 18
2326 4184 2604 4254 prophetis
2642 4184 2729 4239 dei
2763 4200 2825 4238 cv

637 4265 946 4336 praedicata
980 4267 1012 4320 b
1218 4268 1285 4321 19
1322 4267 1438 4336 qui]
1476 4269 1602 4337 quia
1638 4283 1669 4322 c
1874 4269 1987 4322 illis
2022 4271 2079 4324 et
2114 4271 2163 4334 b,
2198 4271 2347 4339 prius
2384 4286 2413 4325 c
2618 4269 2689 4325 20
2723 4270 2893 4339 passi-

639 4353 756 4406 onis
791 4367 892 4407 om.
926 4369 955 4408 c
1114 4351 1182 4406 21
1219 4355 1340 4421 quis
1389 4355 1465 4418 W,
1505 4369 1639 4423 quae
1674 4370 1719 4417 e,
1756 4355 1851 4422 qui
1886 4356 1916 4410 b
2070 4355 2140 4410 23
2176 4359 2372 4424 quarta
2407 4355 2614 4411 decima
2646 4355 2777 4410 luna
2810 4354 2893 4408 in-

638 4441 800 4494 uenta
834 4439 865 4492 b
1071 4438 1141 4492 24
1176 4438 1454 4494 obseruare
1489 4457 1518 4494 c
1726 4441 1795 4495 25
1828 4440 2057 4510 incipiat
2091 4458 2153 4497 ev
