3217 5150
674 503 803 569 274
1617 499 1998 576 Appendix..

672 663 874 734 nolo,
936 661 1153 736 inquit,
1222 663 1303 722 de
1360 661 1698 722 manibus
1744 660 2027 721 uestris
2083 657 2504 732 sacrificia,
2573 659 2744 734 quia
2785 675 2924 718 non

672 767 1006 825 uenistis
1048 766 1137 826 ad
1178 783 1281 825 me
1324 783 1477 825 cum
1504 766 1756 826 hostia
1791 763 2074 826 munda.
2119 763 2220 837 qui
2248 763 2448 837 utique
2475 763 2726 822 hostiam
2757 781 2926 822 mun-

646 869 805 928 ⁰dam
832 886 947 928 non
976 869 1169 942 offert,
1200 868 1396 928 hostia
1422 869 1495 928 de
1524 869 1788 930 manibus
1815 869 1942 928 eius
1969 883 2084 926 non
2113 867 2390 928 ascendit.
2433 884 2568 927 nam
2595 867 2806 928 iterum
2833 868 2920 926 le-

672 971 891 1046 gimus:
952 973 1025 1030 in
1088 971 1463 1048 principio
1506 975 1669 1032 erat
1711 972 2014 1030 uerbum
2067 973 2141 1030 et
2183 971 2480 1030 uerbum
2533 974 2697 1030 erat
2737 973 2926 1046 apud

670 1075 891 1135 Deum
933 1078 1004 1136 et
1035 1077 1225 1135 Deus
1265 1079 1423 1136 erat
1466 1092 1547 1136 ue
1563 1077 1782 1135 rhum.
1813 1075 1916 1150 qui
1935 1091 2039 1150 per
2059 1075 2296 1134 uerbum
2317 1073 2642 1136 finctionem
2657 1074 2924 1136 finxerint
2943 1093 2968 1130 ε.

668 1179 805 1239 dare
834 1195 927 1238 res
954 1179 1367 1240 inhabitabiles
1392 1180 1543 1254 apud
1566 1179 1704 1239 illos
1725 1187 1829 1238 seu
1857 1195 2026 1238 ueras
2057 1178 2374 1254 scripturas
2403 1181 2634 1240 sanctas
2689 1195 2791 1239 seu
2809 1179 2921 1238 fin—

664 1285 793 1344 ctas
822 1283 923 1357 qui
950 1283 1053 1343 dat
1074 1300 1267 1344 uocem
1284 1285 1347 1342 et
1374 1282 1473 1357 qui
1502 1283 1605 1343 dat
1633 1283 1920 1342 desideria
1945 1283 2222 1356 proxima,
2251 1282 2352 1356 qui
2373 1282 2576 1355 utique
2595 1282 2777 1357 finget
2795 1285 2920 1341 tra-

664 1388 797 1448 dere
826 1387 1120 1462 supplebit
1148 1386 1531 1446 traditionem.
1564 1387 1770 1446 merito
1801 1387 2080 1461 negantes
2121 1387 2386 1446 uolumus
2427 1385 2662 1446 interim
2691 1385 2916 1446 ueniam

662 1489 873 1550 habere
918 1489 1254 1550 confitentes
1282 1492 1497 1563 patres.
1544 1507 1680 1564 nam
1731 1490 1832 1564 qui
1889 1489 2031 1549 dicit
2084 1507 2148 1550 se
2177 1490 2496 1564 scripturas
2525 1507 2640 1551 non
2683 1491 2916 1562 habere,

660 1594 861 1668 utique
890 1595 1126 1668 paratus
1154 1593 1269 1652 fuit
1296 1596 1358 1653 et
1386 1593 1663 1668 torqueri,
1695 1611 1935 1668 quorum
1964 1595 2232 1668 exempla
2261 1593 2561 1655 habemus.
2607 1594 2782 1654 tertio
2809 1612 2914 1654 ne·
2939 1615 2992 1652 ιο

662 1701 965 1774 gauerunt,
1014 1700 1073 1759 et
1104 1702 1526 1760 sacramentum
1580 1716 1698 1759 non
1727 1697 2108 1758 tradiderunt.
2157 1699 2220 1758 hi
2247 1701 2440 1759 autem
2469 1699 2570 1774 qui
2597 1714 2706 1759 nec
2733 1698 2915 1758 inter-

662 1803 853 1877 rogati
875 1802 1209 1863 obtulerunt
1234 1802 1467 1863 interim
1512 1819 1696 1878 usque
1747 1803 1824 1863 ad
1853 1807 2071 1864 statum
2115 1803 2342 1864 consilii
2369 1803 2506 1864 laici
2533 1803 2914 1863 communica-

662 1907 826 1965 bunt.
858 1909 1249 1966 uerumtamen
1278 1907 1339 1967 in
1373 1911 1589 1969 statum
1613 1906 1839 1968 consilii
1861 1908 2014 1982 quod
2037 1907 2324 1982 scriptura
2344 1909 2546 1967 sancta
2567 1907 2914 1981 promouerit

662 2009 973 2068 secundum
1002 2011 1347 2071 sententiam
1376 2011 1549 2070 fixam
1575 2011 1796 2071 sanctis
1847 2013 1908 2070 et
1957 2011 2162 2070 amicis
2191 2009 2298 2068 Dei
2343 2007 2600 2084 suppleri
2627 2009 2910 2080 uolumuS,

662 2129 795 2172 cum
822 2113 937 2172 iam
964 2115 1145 2174 testes
1174 2117 1233 2174 et
1263 2114 1507 2190 proximi
1538 2113 1760 2189 aliquid
1787 2113 1902 2174 iam
1932 2115 2146 2174 dudum
2174 2115 2498 2173 statuerant
2529 2112 2714 2172 nostri
2741 2117 2906 2173 ante-
2929 2135 2982 2173 ιε

664 2234 938 2278 cessores.
985 2218 1057 2278 ob
1086 2234 1257 2292 quam
1286 2235 1407 2278 rem
1438 2235 1668 2278 necesse
1711 2220 1802 2277 est
1841 2235 1947 2277 nos
1974 2217 2226 2277 testibus
2253 2217 2572 2277 consentire
2615 2215 2914 2292 complecti

660 2324 723 2382 et
752 2323 1037 2397 supplere.
1098 2325 1233 2398 opto
1278 2339 1381 2383 uos
1424 2323 1485 2382 in
1531 2322 1774 2382 Domino
1819 2337 2043 2396 semper
2085 2323 2232 2382 bene
2273 2320 2484 2380 ualere.
2545 2337 2730 2381 amen.
2791 2321 2912 2380 Deo

642 2477 649 2484 .
660 2427 899 2502 gratias.

656 2660 801 2721 1111.
863 2660 1289 2723 GYPRIANVS
1348 2660 1781 2723 BENEDICTO
1839 2660 1936 2721 ET
1989 2659 2514 2721 DILECTISSIMO
2571 2658 2912 2720 PARENTI

943 2774 1268 2834 TVBASIO
1312 2774 1398 2833 IN
1440 2773 1740 2833 DOMINO
1781 2772 2208 2833 AETERNAM
2251 2772 2618 2833 SALVTEM.
2928 2796 2981 2837 20

742 2962 1015 3022 Caritatis
1042 2965 1177 3023 tuae
1208 2964 1425 3037 scripta
1451 2962 1712 3038 percepi,
1764 2964 1971 3039 quibus
2013 2962 2264 3021 animum
2305 2965 2468 3021 tuum
2509 2962 2702 3023 dolore
2751 2979 2906 3022 com-

654 3068 871 3125 motum
900 3066 969 3125 de
996 3065 1149 3126 filiae
1178 3066 1517 3127 dormitione
1546 3067 1808 3143 cognoui.
1853 3084 1966 3127 non
1996 3065 2154 3126 aliud
2175 3066 2572 3139 principaliter
2593 3064 2906 3124 admiratus

654 3186 781 3233 sum
810 3186 981 3244 quam
1010 3169 1313 3231 christiani
1342 3146 1589 3245 pect'oris
1639 3171 1700 3230 in
1754 3173 1814 3230 te
1845 3170 2118 3230 iactatam
2161 3170 2338 3229 fuisse
2387 3169 2660 3229 uirtutem
2689 3171 2756 3229 ut
2785 3169 2903 3227 ani·

654 3288 811 3333 mum
836 3272 1063 3333 flexeris
1093 3274 1167 3333 ad
1199 3273 1466 3335 dolorem.
1527 3278 1730 3349 stupeo
1761 3292 1984 3334 murum
2013 3272 2148 3333 fidei
2177 3260 2540 3349 penetratum
2569 3272 2902 3332 uulneribus

790 3476 823 3529 1
856 3474 927 3529 cf.
962 3473 1050 3529 Es.
1088 3475 1136 3541 1,
1174 3474 1266 3533 13.
1468 3476 1505 3531 4
1538 3474 1619 3529 Io.
1657 3477 1706 3542 1,
1745 3478 1793 3531 1.

784 3652 870 3717 Ad
904 3664 1115 3733 plebem
1152 3663 1458 3734 cartaginis
1492 3664 1714 3735 explicit
1749 3666 1816 3720 Z.
1852 3694 1920 3706 —

785 3750 992 3819 Incipit
1025 3750 1095 3805 ad
1140 3750 1422 3806 Turasium
1466 3751 1838 3822 presbyterum
1873 3752 1940 3819 Z,
1974 3750 2060 3805 Ad
2095 3750 2409 3805 Turassium
2454 3748 2808 3805 consolatoria
2842 3768 2897 3816 μ,

646 3851 747 3891 om.
785 3853 833 3901 r,
868 3836 955 3891 Ad
989 3836 1272 3891 Turasium
1326 3854 1482 3907 super
1516 3840 1686 3892 morte
1729 3838 1877 3893 filiae
1911 3853 2040 3893 suae
2074 3837 2432 3891 consolatoria
2467 3837 2506 3891 h
2529 3857 2595 3883 =
2619 3835 2896 3904 Hierony-

645 3937 766 3975 mus
800 3928 924 3976 tom.
970 3922 1025 3977 V
1044 3940 1109 3991 p.
1145 3926 1249 3979 405
1285 3922 1366 3979 ed.
1404 3924 1583 3979 Mart.
1621 3954 1689 3965 --
1724 3924 2021 3994 Cyprianus
2056 3940 2159 3979 om.
2193 3924 2231 3978 h
2513 3922 2582 3977 19
2617 3920 2898 3975 benedicto

646 4008 703 4060 et
736 4022 836 4061 om.
874 4008 928 4062 Z
1130 4012 1185 4063 et
1218 4026 1316 4064 om.
1357 4026 1431 4079 pr
1651 4009 2026 4081 dilectissimo]
2065 4010 2374 4065 dulcissimo
2407 4024 2440 4063 r
2647 4008 2716 4062 20
2753 4010 2897 4076 tyra·

648 4092 726 4147 sio
761 4092 814 4159 h,
849 4094 1083 4150 tur-assio
1120 4116 1160 4165 μ
1366 4097 1425 4150 in
1458 4096 1509 4151 d.
1547 4114 1625 4151 ae.
1662 4098 1912 4166 salutem]
1948 4096 2305 4167 Hieronymus
2341 4096 2379 4150 h
2581 4094 2649 4149 21
2685 4094 2744 4148 in
2779 4094 2896 4162 qui·

644 4180 745 4235 bus
780 4181 817 4236 h
1064 4182 1133 4237 22
1169 4182 1548 4239 dormitatione
1582 4204 1624 4254 μ
1829 4182 1978 4239 aliud
2013 4184 2120 4248 Zh,
2154 4182 2318 4237 aliter
2350 4199 2422 4252 νμ.
2673 4181 2746 4235 23
2780 4195 2896 4234 sum

644 4283 745 4323 om.
782 4286 855 4338 τμ
1100 4270 1402 4340 christiani]
1440 4270 1620 4324 tristis
1655 4270 1707 4325 Z
1943 4269 2222 4340 iactatam]
2259 4268 2500 4325 ablatam
2533 4269 2572 4323 h
2789 4268 2896 4321 uir-

641 4355 1021 4425 tutemfffuisse
1056 4356 1094 4410 h
1262 4358 1331 4412 24
1366 4356 1623 4411 afflixeris
1647 4356 1711 4422 Z,
1746 4356 1984 4413 flecteres
2017 4358 2056 4411 h
2078 4362 2131 4412 et
2166 4356 2444 4412 Bahczius
2475 4355 2576 4425 qui
2609 4370 2682 4409 ex
2714 4354 2896 4409 codice

641 4441 903 4497 Fuxemi
947 4448 999 4498 et
1044 4442 1301 4499 Romami
1334 4444 1623 4514 epistulam
1657 4443 1834 4501 edidit
1867 4446 1958 4515 (=
1979 4446 2035 4513 v)
2369 4444 2557 4511 stupeo
2578 4479 2591 4493 ·
2611 4478 2626 4494 ο
2648 4456 2738 4511 -Ῑλ
2773 4442 2895 4505 275,

642 4533 678 4585 3
712 4528 974 4584 iacturam
1008 4546 1110 4587 om.
1147 4531 1202 4586 Z
2361 4556 2368 4563 ·
