3217 5150
981 561 1078 614 Ad
1129 561 1580 616 Nouatianum
1626 578 1667 615 c.
1705 563 1853 616 1-2.
2454 567 2539 633 53

292 723 502 794 autem,
559 720 769 781 fratres
817 721 1190 793 dilectissimi,
1247 739 1360 780 non
1401 724 1628 780 moueat
1667 724 1765 780 ant
1804 723 1997 782 turbet
2040 723 2313 782 haeretici
2364 723 2533 782 istius

293 824 494 898 perfidi
545 825 790 898 abrupta
836 825 1120 884 dementia
1136 869 1150 896 ,
1197 825 1296 899 qui
1345 842 1470 884 cum
1512 825 1572 882 in
1624 828 1741 884 tam
1794 824 2013 899 ingenti
2062 826 2433 886 dissensionis
2478 831 2538 886 et

291 927 624 986 schismatis
665 928 746 986 sit
783 927 1016 987 crimine
1059 928 1404 987 constitutus
1431 931 1490 986 et
1518 928 1590 987 ab
1632 927 1874 988 ecclesia
1902 933 2215 1003 separatus,
2260 930 2540 1004 sacrilega

293 1029 614 1090 temeritate
667 1047 778 1088 non
829 1030 1054 1089 dubitet
1083 1031 1142 1089 in
1185 1047 1288 1089 nos
1316 1047 1420 1088 sua
1471 1030 1710 1090 crimina
1737 1035 2081 1105 retorquere.
2128 1049 2253 1091 cum
2284 1032 2363 1091 sit
2392 1031 2541 1092 enim

249 1154 276 1194 ⁵
296 1150 333 1191 a
362 1135 540 1192 semet
559 1133 682 1205 ipso
706 1150 854 1192 nunc
875 1132 1062 1192 factus
1088 1133 1408 1206 inmundus,
1441 1134 1701 1192 sordibus
1730 1134 2029 1207 sacrilegis
2056 1133 2404 1208 inquinatus,
2436 1136 2543 1194 hoc

295 1253 446 1296 nunc
495 1254 598 1296 nos
652 1253 779 1297 esse
831 1238 1136 1298 contendit.
1183 1241 1242 1296 et
1293 1254 1418 1297 cum
1469 1238 1745 1311 scriptum
1795 1238 1873 1296 sit
1921 1254 2087 1298 canes
2128 1237 2281 1298 foras
2324 1256 2541 1298 reman-

297 1357 460 1399 suros
511 1344 570 1399 et
615 1340 906 1412 apostolus
958 1341 1061 1400 hos
1107 1341 1334 1400 eosdem
1385 1357 1552 1400 canes
1602 1341 1859 1403 docuerit
1907 1358 2033 1400 esse
2062 1342 2342 1413 uitandos,
2396 1343 2545 1401 sicut

299 1443 574 1518 legimus,
627 1444 708 1502 ait
759 1444 940 1502 enim:
987 1444 1234 1504 uidete
1281 1460 1530 1515 canes,
1583 1444 1829 1503 uidete
1880 1444 2105 1504 malos
2154 1445 2541 1519 operarios,

301 1547 514 1606 rabiem
546 1564 706 1606 suam
735 1564 847 1605 non
877 1550 1066 1607 cessat
1093 1547 1399 1606 latratibus
1429 1547 1695 1619 excitare,
1727 1547 1988 1621 luporum
2010 1563 2161 1607 more
2188 1548 2557 1626 tenebrosam¹

229 1671 284 1710 10
303 1650 604 1724 caliginem
657 1654 848 1725 optare
866 1697 880 1723 ‚
934 1669 1046 1725 qua
1097 1651 1265 1710 facile
1316 1650 1499 1725 possit
1549 1650 1735 1710 ferina
1785 1669 1891 1711 sua
1940 1651 2275 1712 crudelitate
2326 1667 2461 1711 oues
2514 1668 2549 1710 a

303 1756 528 1828 pastore
569 1755 822 1829 direptas
864 1755 1136 1827 spelunca
1179 1754 1478 1814 tenebrosa
1519 1754 1755 1814 laniare.
1802 1772 2001 1814 aurum
2032 1757 2183 1814 certe
2214 1771 2275 1813 se
2306 1771 2547 1828 suosque

303 1875 445 1931 quos
488 1858 709 1932 colligit
751 1875 877 1917 esse
921 1857 1268 1932 pronuntiat.
1315 1875 1418 1918 nec
1447 1874 1550 1917 nos
1582 1858 1906 1917 dubitamus
1936 1859 2251 1918 desertores
2280 1857 2549 1916 ecclesiae

305 1963 596 2034 apostatas
627 1961 806 2020 factos
837 1962 896 2019 in
927 1977 1126 2020 aurum
1155 1978 1306 2020 nunc
1334 1960 1505 2020 facile
1535 1961 1789 2034 potuisse
1818 1962 2101 2033 conuerti,
2144 1961 2242 2020 ssd
2272 1960 2417 2020 illud
2446 1977 2548 2020 au-

309 2083 434 2124 rum
463 2065 524 2123 in
551 2081 662 2138 quo
711 2065 891 2138 prima
938 2065 1146 2124 delicta
1187 2065 1381 2139 populi
1422 2065 1600 2127 Israel
1633 2066 1903 2124 denotata
1931 2069 2082 2123 sunt.
2131 2065 2383 2122 ceterum
2410 2079 2553 2122 uasa

235 2191 288 2230 ιε»
309 2184 480 2226 aurea
537 2170 594 2227 et
653 2169 923 2241 argentea
982 2185 1124 2242 quae
1184 2168 1256 2228 ab
1313 2167 1617 2243 Aegyptiis
1676 2185 1911 2228 excussa
1970 2172 2105 2226 sunt
2155 2167 2215 2225 in
2277 2167 2555 2226 dominica

309 2272 594 2343 potestate
645 2271 703 2331 id
755 2274 846 2331 est
898 2270 1112 2330 Christi
1163 2271 1402 2330 ecclesia
1454 2274 1851 2345 perseuerant:
1899 2272 1957 2328 in
2010 2289 2121 2345 qua
2152 2272 2311 2330 domo
2342 2269 2393 2328 si
2420 2287 2553 2342 per·-

311 2389 649 2434 seuerasseS.
695 2374 1030 2444 Nouatiane,
1074 2391 1178 2434 uas
1207 2374 1452 2435 forsitan
1481 2377 1540 2433 et
1586 2375 1897 2448 pretiosum
1946 2373 2175 2446 fuisses,
2228 2373 2377 2447 quod
2405 2389 2557 2432 nunc

313 2476 408 2552 [te]
440 2477 502 2534 in
539 2475 734 2550 paleas
763 2481 821 2536 et
849 2478 912 2536 in
941 2476 1210 2551 stipulam
1241 2495 1575 2538 conuersum
1606 2495 1711 2537 nec
1738 2477 2029 2550 intellegis
2060 2493 2161 2536 nec
2190 2477 2436 2551 plangis.

405 2580 550 2650 Quid
578 2582 758 2656 igitur
787 2583 950 2641 uanis
979 2583 1146 2643 rebus
1177 2582 1510 2643 extolleris?
1543 2583 1750 2642 damna
1769 2582 1959 2655 potius
1983 2600 2152 2655 quam
2175 2582 2334 2640 lucra
2356 2596 2552 2639 conse·
2578 2586 2615 2642 2

231 2710 294 2751 ,ο
311 2684 520 2759 queris.
569 2684 705 2757 quid
751 2688 810 2744 te
851 2702 918 2743 ex
963 2702 1072 2759 qno
1116 2684 1417 2759 pauperior
1458 2684 1649 2745 factus
1676 2700 1739 2744 es
1780 2684 2018 2745 diuitem
2060 2684 2243 2744 credis
2260 2687 2287 2741 ⁴?
2335 2682 2466 2741 audi
2496 2682 2558 2741 in

311 2788 618 2863 Apocalysi
661 2789 996 2848 dominicam
1047 2806 1242 2847 uocem
1291 2788 1460 2847 iustis
1500 2790 1562 2847 te
1599 2788 2095 2862 obiurgationibus
2146 2786 2553 2860 increpantem,

309 2892 534 2965 dicis,
603 2892 819 2966 inquit,
889 2892 1094 2953 diues
1156 2910 1303 2951 sum
1348 2894 1418 2951 et
1461 2892 1748 2951 ditatus
1792 2910 1945 2951 sum
1990 2895 2059 2951 et
2114 2890 2397 2950 nullius
2453 2889 2559 2948 rei

309 3010 514 3069 egeo:
583 2998 652 3055 et
705 2996 949 3056 nescis
1016 2996 1356 3069 quoniam
1415 3000 1499 3054 tu
1555 3014 1627 3056 es
1693 2996 1916 3055 miser
1960 2997 2033 3054 et
2098 2992 2557 3072 mise-rabilis

309 3102 384 3159 et
427 3116 676 3159 caecus
719 3102 790 3159 et
835 3116 1104 3173 pauper
1151 3102 1220 3159 et
1263 3101 1513 3158 nudus,
1579 3101 1687 3159 has
1730 3115 1883 3173 opeS,
1916 3101 2022 3158 has
2052 3096 2287 3156 diuitias
2317 3111 2558 3170 pauper-

233 3224 288 3263 25
308 3202 449 3261 tatis
477 3219 579 3275 pro
611 3204 762 3261 certo
793 3202 1080 3275 possidere
1111 3220 1172 3263 se
1205 3206 1416 3277 credat,
1463 3204 1707 3278 quisque
1750 3202 1967 3261 Christi
2011 3200 2246 3260 ecclesia
2288 3197 2561 3277 derelicta

308 3305 525 3366 ratione
570 3322 737 3365 caeca
781 3307 933 3379 apud
962 3306 1294 3367 temerarios
1325 3305 1458 3367 illos
1490 3306 1866 3366 schismatum
1897 3308 2067 3387 duces
2099 3306 2159 3363 et
2187 3302 2559 3362 dissensionis

515 3560 548 3611 6
581 3560 744 3627 Apoc.
781 3558 864 3621 22,
903 3558 983 3610 15.
1173 3558 1208 3613 8
1245 3556 1389 3612 Phil.
1427 3559 1476 3625 3,
1514 3559 1562 3611 2.
1748 3558 1817 3611 22
1851 3559 2014 3627 Apoc.
2053 3557 2103 3621 3,
2140 3557 2221 3610 17.

443 3799 478 3851 2
511 3798 572 3852 in
605 3800 738 3867 tam]
773 3801 888 3851 tam
925 3798 984 3851 in
1019 3798 1084 3853 K
1269 3797 1304 3850 3
1337 3796 1679 3851 schismateci
1714 3796 1781 3870 K
1964 3797 2037 3850 sit
2071 3797 2157 3849 hic
2192 3793 2400 3859 addidi,
2428 3798 2557 3861 post

304 3888 578 3955 separatus
613 3902 648 3941 v
897 3884 932 3937 4
965 3886 1024 3937 in
1058 3900 1159 3938 om.
1197 3885 1262 3939 K
1508 3883 1542 3936 5
1575 3883 1861 3953 sacrilegus
1899 3883 1965 3936 K
2195 3880 2229 3934 6
2264 3878 2555 3948 contendit]

304 3970 652 4026 contendente
689 3973 753 4026 K
971 3971 1064 4041 sit]
1105 3972 1186 4025 est
1221 3971 1285 4024 K
1535 3968 1665 4023 foris
1699 3984 1733 4023 v
1950 3970 1984 4023 9
2018 3966 2197 4021 tabiae
2234 3981 2331 4019 sua
2367 3966 2433 4019 K

303 4059 515 4114 cessant
550 4058 615 4111 K
819 4058 886 4111 10
919 4058 1042 4127 qua]
1081 4072 1242 4125 quam
1279 4056 1344 4109 K
1541 4056 1748 4124 possint
1784 4054 1849 4107 K
2048 4053 2114 4107 11
2149 4068 2374 4121 suosque
2400 4051 2556 4121 quos]

301 4144 568 4213 suo-quod
605 4159 735 4213 quos
772 4144 838 4197 K
992 4144 1057 4198 13
1091 4143 1248 4197 illum
1283 4142 1348 4197 K
1509 4143 1573 4195 15
1605 4140 1855 4211 aegyptis
1893 4139 1959 4192 K
2113 4154 2326 4192 excussa
2361 4139 2433 4202 K,
2471 4154 2557 4191 ex·

300 4247 428 4285 cusa
461 4246 518 4295 v;
553 4230 624 4296 cf.
662 4232 774 4285 Ex.
809 4234 900 4297 12,
934 4232 1016 4285 35.
1055 4234 1139 4285 36.
1414 4229 1472 4282 in
1509 4245 1611 4283 om.
1651 4228 1716 4281 K
1973 4226 2039 4279 16
2074 4225 2325 4279 ecclesiae
2361 4225 2427 4278 K

299 4318 366 4371 17
404 4317 546 4385 quod
569 4316 644 4383 K,
681 4317 772 4371 sed
807 4318 1023 4371 Erasm.
1051 4334 1086 4372 υ
1237 4317 1301 4371 18
1336 4315 1504 4385 paleis
1531 4315 1596 4368 K
1728 4314 1795 4368 19
1832 4312 1977 4382 quid]
2016 4312 2108 4381 qui
2133 4311 2198 4365 K
2328 4310 2398 4364 20
2433 4308 2563 4363 audi

298 4420 406 4472 quo
443 4403 508 4457 K
517 4423 536 4470 ;
568 4404 699 4469 fort.
737 4402 862 4457 audi
897 4418 1106 4471 quoque
1311 4401 1376 4455 21
1413 4400 1681 4455 dominica
1715 4414 1840 4454 uoce
1876 4398 1941 4451 K
2137 4397 2206 4449 22
2242 4395 2402 4453 ducis
2426 4394 2493 4448 K

296 4490 368 4544 25
408 4490 652 4558 quisquis
687 4489 804 4544 K‘v
1011 4487 1194 4543 delicti
1229 4487 1296 4543 K
1491 4486 1562 4541 26
1596 4486 1925 4540 schematum
1962 4498 2033 4537 ex
2067 4482 2391 4537 schimatum
2426 4480 2491 4535 K
