3217 5150
1362 528 1541 583 Vita.
1941 601 1947 608 .
2442 543 2586 594 cvn

319 688 449 753 iam
484 687 838 765 Thascium‚
867 705 1052 769 quem
1081 685 1327 767 praeter
1357 684 1662 751 celebrem
1687 683 1957 769 gloriosa
1979 684 2266 768 opinione
2289 683 2581 749 notitiam

321 792 517 859 etiam
548 792 623 856 de
654 791 1235 856 commemoratione
1276 788 1765 872 praeclarissimi
1794 789 1996 871 operis
2024 805 2206 852 nemo
2237 805 2360 853 non
2388 804 2580 852 noue·

318 897 440 961 rat.
486 895 929 961 concurrebant
972 893 1244 975 undique
1281 911 1533 958 uersum
1562 910 1776 957 omncs
1807 891 1886 956 ad
1917 891 2360 975 spectaculum,
2402 890 2580 956 nobis

319 1015 429 1082 pro
461 999 787 1063 deuotione
816 997 960 1062 fidei
992 997 1354 1082 gloriosum,
1388 995 1736 1080 gentilibus
1766 997 1830 1060 et
1860 995 2211 1060 dolendum.
2259 995 2579 1078 receptum

274 1123 299 1162 5
318 1121 463 1167 eum
492 1102 701 1166 tamen
735 1102 799 1166 et
827 1101 894 1166 in
920 1100 1101 1164 domo
1131 1099 1428 1182 principis
1460 1099 1875 1164 constitutum
1908 1119 2030 1188 una
2059 1100 2239 1164 nocte
2270 1098 2581 1164 continuit

317 1204 600 1270 custodia
639 1204 927 1280 delicata,
970 1203 1063 1268 ita
1106 1204 1179 1268 ut
1219 1202 1518 1268 conuiuae
1560 1202 1694 1267 eius
1725 1205 1790 1268 et
1821 1203 1946 1268 cari
1973 1203 2042 1266 in
2073 1201 2473 1267 contubernio
2506 1220 2579 1266 ex

314 1325 487 1374 more
517 1307 839 1372 fuerimus.
869 1307 1046 1390 plebs
1075 1306 1329 1371 interim
1358 1307 1493 1371 tota
1524 1305 1799 1371 sollicita
1820 1325 1896 1370 ne
1919 1324 2030 1389 per
2059 1307 2304 1370 noctem
2325 1304 2572 1388 aliquid

316 1410 449 1476 sine
494 1411 865 1476 conscientia
908 1410 1007 1475 sui
1050 1409 1225 1475 fieret
1268 1410 1411 1474 ante
1456 1408 1619 1474 fores
1663 1409 1960 1491 principis
2005 1408 2365 1474 excubabat.
2429 1426 2574 1473 con-

318 1513 503 1579 cessit
534 1514 591 1578 61
617 1515 769 1579 tunc
797 1513 1013 1578 diuina
1041 1512 1285 1577 bonitas
1316 1532 1461 1578 uere
1490 1513 1698 1597 digno,
1741 1513 1814 1577 ut
1841 1512 1960 1577 Dei
1990 1511 2256 1596 populus
2287 1511 2478 1576 etiam
2509 1511 2576 1577 in

246 1636 302 1676 10
318 1617 658 1683 sacerdotis
714 1617 997 1699 passione
1058 1615 1373 1700 uigilaret.
1436 1615 1701 1682 forsitan
1753 1617 1964 1681 tamen
2017 1617 2275 1698 quaerat
2326 1616 2575 1699 61111616,

315 1740 473 1804 quae
504 1739 687 1786 causa
716 1720 907 1785 fuerit
938 1739 975 1784 a
1002 1719 1310 1802 praetorio
1342 1720 1697 1804 reuertendi
1727 1719 1805 1785 ad
1835 1720 2182 1803 principem
2198 1723 2228 1784 Ρ
2260 1721 2325 1785 61
2353 1719 2578 1786 uolunt

314 1823 430 1890 hoc
471 1823 711 1890 scilicet
755 1823 1011 1906 quidam
1053 1825 1128 1888 de
1170 1840 1281 1889 suo
1322 1823 1471 1888 tunc
1501 1824 1932 1905 proconsulem
1961 1823 2253 1889 noluisse.
2305 1824 2474 1889 absit
2503 1824 2579 1908 ut

312 1927 380 1993 in
424 1927 607 1992 rebus
661 1926 967 1992 diuinitus
1014 1927 1211 2010 gestis
1258 1927 1589 2010 segnitiem
1640 1927 1772 1992 siue
1817 1926 2146 1992 fastidium
2181 1926 2578 2010 proconsulis

240 2045 663 2120 conquerar.
727 2029 893 2093 absit
944 2029 1017 2093 ut
1067 2029 1309 2095 malum
1360 2029 1475 2096 hoc
1527 2029 1694 2095 intra
1751 2029 2187 2095 conscientiam
2245 2029 2576 2113 religiosae

244 2156 295 2195 16
315 2133 547 2198 11166116
588 2132 943 2211 admittam,
988 2135 1062 2198 ut
1093 2133 1169 2197 de
1198 2133 1332 2198 tam
1362 2133 1726 2198 beatissimo
1756 2134 2030 2216 martyre
2058 2134 2272 2198 ructus
2303 2132 2575 2199 hominis

313 2237 639 2301 iudicaret.
703 2235 812 2300 sed
864 2237 1171 2301 crastinus
1222 2237 1352 2301 (1166
1404 2237 1514 2301 1116
1567 2256 1752 2319 quem
1806 2237 1950 2302 ante
2005 2255 2238 2301 annum
2291 2235 2573 2320 dignatio

284 2417 291 2429 ¹
316 2340 531 2404 diuina
559 2338 945 2421 praedixerat
974 2359 1117 2404 uere
1147 2327 1455 2406 crastinus
1486 2359 1619 2406 esse
1651 2341 1929 2406 debebat.

400 2442 641 2507 Inluxit
686 2443 949 2525 denique
996 2443 1129 2508 dies
1177 2443 1357 2521 alius,
1405 2443 1515 2508 ille
1558 2446 1864 2529 signatus,
1913 2445 2025 2510 ille
2053 2444 2416 2526 promissus,
2462 2441 2675 2508 111616

312 2545 584 2626 1111116116,
646 2564 827 2629 quem
881 2548 935 2611 si
985 2547 1283 2631 tyrannus
1342 2547 1477 2630 ipse
1534 2548 1783 2615 differre
1843 2548 2166 2627 uoluisset,
2229 2567 2572 2631 numquam

250 2668 303 2711 20
319 2668 569 2732 prorsus
622 2650 889 2715 ualeret:
942 2650 1073 2715 dies
1119 2651 1195 2717 de
1241 2652 1616 2717 conscientia
1666 2652 1866 2718 futuri
1917 2653 2212 2737 martyris
2261 2653 2464 2718 laetus
2508 2652 2572 2717 et

310 2753 605 2818 discussis
634 2773 745 2837 per
774 2755 976 2819 totum
1010 2754 1229 2819 mundi
1261 2755 1574 2822 ambitum
1603 2756 1874 2821 nubibus
1905 2758 2073 2823 claro
2105 2757 2232 2823 sole
2264 2757 2567 2823 radiatus,

310 2875 590 2941 egressus
641 2858 737 2922 est
788 2857 1043 2923 domum
1092 2858 1412 2942 principiS,
1468 2860 1577 2927 sed
1621 2859 1855 2925 Christi
1905 2861 2114 2926 611)61
2167 2861 2452 2943 princeps
2505 2863 2570 2926 et

308 2961 666 3047 agminibus
709 2962 1139 3027 multitudinis
1166 2963 1396 3045 mixtae
1428 2982 1499 3028 ex
1530 2964 1700 3029 omni
1729 2965 1906 3046 parte
1936 2965 2213 3030 uallatus
2245 2966 2421 3047 [est].
2478 2964 2569 3030 sic

308 3068 519 3130 autem
578 3066 905 3130 comitatui
954 3066 1089 3130 eius
1132 3066 1415 3132 infinitus
1469 3068 1772 3132 exercitus
1825 3067 2213 3151 adhaerebat,
2268 3068 2446 3151 quasi
2488 3068 2568 3133 ad
2624 3126 2634 3135 ,

236 3190 289 3232 66
310 3170 781 3252 expugnandam
810 3171 1076 3235 mortem
1108 3188 1295 3235 manu
1328 3168 1495 3236 facta
1524 3172 1860 3236 ueniretur.
1910 3171 2096 3236 eundi
2128 3172 2342 3237 autem
2371 3172 2567 3237 inter-

307 3270 434 3335 fuit
470 3271 777 3337 transitus
818 3272 1027 3337 stadii.
1076 3274 1229 3338 bene
1260 3291 1405 3338 uero
1437 3275 1500 3338 et
1531 3275 1707 3356 quasi
1739 3274 1815 3340 de
1845 3275 2157 3367 industria
2187 3275 2444 3353 factum,
2492 3278 2567 3339 ut

308 3374 371 3438 et
421 3374 626 3439 locum
680 3374 1077 3459 congruentis
1130 3376 1490 3441 certaminis
1541 3379 1927 3459 praeteriret,
1992 3380 2098 3461 qui
2150 3380 2230 3444 ad
2283 3397 2565 3444 coronam

306 3476 588 3542 iustitiae
641 3480 1065 3544 consummato
1118 3497 1311 3563 agone
1364 3481 1667 3545 currebat.
1726 3482 1836 3546 sed
1887 3481 1997 3547 ubi
2052 3482 2131 3547 ad
2183 3482 2565 3563 praetorium

306 3581 567 3644 uentum
610 3583 723 3659 est,
769 3582 1043 3647 nondum
1074 3584 1438 3664 procedente
1468 3586 1832 3667 proconsule
1861 3584 2154 3687 secretior
2181 3585 2352 3649 locus
2382 3585 2565 3649 datus

410 3820 439 3872 1
466 3817 574 3873 iam
606 3820 657 3874 T
674 3835 718 3875 3.
744 3821 799 3889 L,
826 3837 925 3875 om.
955 3838 1005 3875 w
1209 3823 1439 3877 tassium
1460 3846 1515 3891 μ,
1538 3825 1740 3878 tasium
1765 3841 1833 3878 ω·
2017 3825 2080 3879 de
2105 3825 2336 3895 gloriosa
2357 3825 2493 3889 fort.

304 3903 505 3958 notitia
535 3905 586 3959 T
823 3907 857 3960 2
880 3908 1273 3976 proclarissimo
1296 3925 1345 3963 w
1582 3912 1618 3965 3
1642 3910 2042 3982 concurrebant]
2067 3911 2149 3966 ch.
2177 3912 2422 3967 currebat
2451 3914 2503 3967 T

304 4006 487 4044 uersus
511 4006 544 4044 v
749 3994 785 4047 4
808 3993 1112 4063 deuotione]
1140 3993 1473 4049 diuinatione
1500 3996 1552 4050 T
1744 3997 2121 4067 gloriosissimi
2143 4015 2194 4052 w
2388 3996 2563 4068 genti-

302 4074 404 4131 bus
433 4078 485 4131 T
738 4079 810 4148 61]
836 4080 1000 4133 etiam
1024 4100 1064 4148 μ
1330 4082 1637 4153 dolendum]
1661 4084 1878 4153 reliqua
1911 4083 2108 4139 desunt
2131 4086 2196 4139 in
2224 4084 2328 4154 Tt;
2353 4084 2483 4139 add.
2510 4090 2563 4139 t.-

302 4161 539 4232 Explicit
562 4162 627 4217 de
652 4165 773 4219 uita
795 4165 984 4221 Cecilii
1010 4166 1263 4237 Cypriani
1287 4168 1555 4223 antistitis
1763 4171 1798 4225 5
1820 4171 1957 4240 cum]
1985 4172 2126 4225 enim
2150 4187 2199 4225 w
2383 4170 2416 4223 6
2441 4186 2562 4224 6011-

302 4248 461 4303 111666
485 4250 617 4321 eius]
645 4250 723 4305 eis
745 4266 795 4305 w
950 4269 1013 4306 ex
1034 4254 1195 4325 more]
1223 4255 1445 4310 comites
1471 4273 1533 4310 ex
1555 4271 1702 4310 more
1726 4274 1774 4310 w
1935 4259 1969 4313 8
1993 4258 2078 4313 sui
2103 4273 2201 4312 om.
2226 4274 2275 4312 w
2429 4258 2463 4311 9
2487 4256 2561 4326 ei]

302 4335 445 4389 enim
468 4352 558 4406 ωμ,
762 4336 952 4392 diuina
974 4341 1105 4393 tunc
1128 4360 1167 4409 μ
1376 4343 1443 4396 12
1467 4337 1776 4412 proconsule
1799 4360 1890 4413 ωμ
2100 4345 2164 4398 13
2187 4344 2478 4413 segnitiam
2504 4364 2560 4413 μ,

302 4421 554 4476 6611111616
579 4440 629 4477 w
807 4423 875 4479 14
897 4427 1203 4496 conquerar]
1231 4442 1519 4497 consequar
1543 4450 1582 4498 μ
1753 4430 1852 4485 1106
1876 4432 1941 4485 61
1962 4430 2161 4485 malum
2185 4448 2234 4485 w
2406 4430 2473 4484 15
2497 4432 2561 4483 ut

304 4505 389 4576 de]
414 4510 479 4560 ut
503 4523 552 4561 w
735 4509 803 4565 16
826 4526 981 4579 quem
1005 4527 1105 4566 om.
1130 4528 1179 4565 w
1374 4514 1445 4567 20
1466 4515 1662 4586 laetus]
1689 4515 1859 4571 iectus
1882 4532 1932 4570 w
2119 4516 2188 4570 22
2211 4518 2294 4570 661
2317 4533 2416 4573 om.
2443 4532 2492 4569 w

298 4592 370 4647 23
394 4597 477 4647 661
498 4596 700 4651 inclusi
903 4598 971 4654 26
996 4614 1118 4653 uere
1140 4616 1230 4669 ωμ
1436 4602 1505 4656 29
1528 4604 1776 4673 6611611101·
1798 4620 1848 4658 w
