3217 5150
737 514 914 563 XXVI

737 649 1290 736 grammaticarum
1318 648 1648 714 materiam
1676 648 2083 731 proponentes
2105 644 2489 714 Schuchardt
2510 644 2680 733 (Der
2718 646 3027 713 Vahalis-

734 780 876 828 mus
913 760 1020 827 des
1064 759 1540 845 Vulqc’irlateins
1567 760 1734 842 Lips.
1770 758 1933 826 1867
1939 809 1954 823 .
2000 756 2195 845 1868)
2236 760 2303 824 et
2328 757 2575 824 Ronsch
2620 757 2845 837 (Itala
2874 760 3027 825 und

752 872 1026 957 Vulyata
1045 872 1366 957 Marburgi
1393 872 1605 954 1869),
1633 870 1791 937 hanc
1812 870 2238 954 quaestionem
2256 889 2379 936 non
2399 870 2772 957 attigerunt.
2808 891 3021 955 quare

733 986 802 1051 in
851 985 1218 1068 recipiendis
1269 983 1597 1068 scripturis
1648 982 1979 1049 incertiora
2029 982 2332 1066 quaedam
2382 982 2627 1049 cautius
2668 984 2743 1049 in
2790 984 3019 1050 medio

737 1097 1141 1180 relinquenda
1183 1113 1370 1179 quam
1413 1094 1743 1161 audentius
1784 1094 2255 1178 corruptissima
2296 1112 2573 1179 quaeque
2612 1096 2678 1160 et
2724 1096 3017 1163 insolen-

734 1210 982 1277 tissima
1007 1208 1273 1273 maxime
1304 1206 1574 1292 genuina
1602 1203 1885 1273 habenda
1914 1224 2047 1273 esse
2074 1206 2313 1289 putaui.
2436 1268 2444 1275 .

1477 1512 1769 1635 Caput
1829 1511 2242 1613 alterum.

416 1799 712 1850 spamam
935 1764 1110 1830 Libri
1137 1766 1547 1848 manuscripti
1577 1785 1700 1849 qua
1727 1767 1964 1834 ratione
1995 1767 2074 1833 ad
2098 1766 2399 1852 epistulas
2430 1768 2839 1853 castigandas
2874 1770 3007 1835 sint

466 1873 650 1918 ΜΒΝ·
739 1876 1091 1957 adhibendi,
1135 1894 1256 1943 non
1297 1879 1503 1960 potest
1545 1897 1669 1945 una
1710 1879 1848 1965 lege
1892 1897 2049 1963 quae
2084 1879 2149 1944 in
2180 1895 2391 1943 omnes
2432 1877 2615 1943 cadat
2660 1880 2999 1957 constitui,

729 2007 878 2055 uam
921 1989 1085 2071 quod
1126 1988 1203 2054 de
1242 1989 1376 2055 toto
1406 1987 1700 2072 Cypriani
1744 2008 1988 2074 corpore
2033 1990 2162 2055 dixi
2204 1990 2454 2073 propter
2494 1990 3001 2075 amplitudinem

731 2099 1160 2184 particulatim
1211 2118 1345 2166 esse
1395 2100 1796 2184 descriptum,
1846 2101 1915 2168 id
1959 2102 2037 2169 de
2079 2103 2195 2169 hac
2246 2103 2421 2187 parte
2472 2120 2661 2185 quam
2712 2104 3001 2170 maxime

731 2211 917 2278 ualet.
964 2212 1243 2279 omnium
1285 2229 1429 2278 uero
1471 2212 1883 2295 epistularum
1912 2232 2066 2297 quas
2096 2212 2437 2298 Cyprianus
2465 2215 2699 2298 partim
2730 2217 2995 2299 scripsit

729 2324 962 2407 partim
1015 2324 1251 2409 accepit
1293 2324 1398 2390 uel
1443 2344 1596 2409 quas
1640 2325 1906 2391 aliorum
1952 2326 2081 2392 suis
2124 2326 2357 2391 litteris
2400 2325 2685 2407 subiecit,
2736 2327 2993 2393 nullam

727 2455 1026 2521 umquam
1065 2437 1378 2504 exstitisse
1420 2437 1730 2522 integram
1769 2437 2195 2503 collectionem
2224 2456 2369 2503 cum
2397 2456 2471 2502 ex
2497 2438 2809 2503 librorum
2838 2457 2991 2504 con-

732 2548 970 2616 dicione
1039 2550 1342 2635 quotquot
1409 2550 1592 2617 hodie
1652 2549 1719 2616 in
1777 2548 2169 2616 bibliothecis
2230 2551 2647 2630 asseruantur,
2717 2569 2992 2633 quorum

729 2661 942 2728 nullus
987 2681 1218 2743 omnes,
1264 2663 1446 2748 pauci
1491 2663 1738 2730 easdem
1780 2663 2115 2728 immutato
2155 2662 2386 2742 ordine,
2427 2661 2531 2730 hic
2560 2663 2673 2728 ille
2702 2663 2993 2749 singulas

730 2773 1028 2856 epistulas
1091 2775 1191 2842 bis
1257 2774 1629 2854 contineant,
1700 2776 1839 2840 tum
1910 2775 2054 2840 inde
2126 2776 2290 2858 quod
2355 2774 2791 2861 Augustinum
2862 2775 2995 2862 (De

727 2885 1036 2968 baptismo
1063 2890 1282 2953 contra
1309 2887 1691 2952 Donatistas
1719 2886 1829 2968 VI,
1864 2886 1965 2968 16,
1995 2887 2107 2972 25)
2137 2887 2207 2952 in
2236 2905 2350 2952 sua
2380 2886 2618 2972 sylloge
2646 2887 2991 2970 epistulam

734 2999 834 3079 72,
877 3017 1035 3082 quae
1075 2999 1325 3082 quidem
1352 2999 1420 3065 in
1448 3019 1514 3065 re
1543 2999 1620 3065 ab
1650 2999 1761 3066 illo
1802 3000 2073 3066 tractata
2112 3015 2235 3066 non
2271 2997 2507 3064 nullius
2534 3002 2632 3064 est
2659 3002 2991 3078 momenti,

728 3127 851 3175 non
891 3109 1199 3177 inuenisse
1230 3130 1303 3176 ex
1331 3111 1577 3178 silentio
1624 3111 1756 3176 eius
1796 3113 2059 3190 constat,
2114 3113 2213 3177 sat
2252 3111 2419 3177 certo
2461 3110 2805 3195 colligitur.
2856 3111 2993 3178 for-

727 3222 895 3288 tuito
925 3222 1226 3306 epistulae
1246 3225 1436 3307 prout
1456 3224 1685 3291 artiore
1704 3224 1809 3289 uel
1829 3241 2230 3306 personarum
2254 3223 2355 3287 uel
2377 3241 2587 3288 rerum
2610 3222 2713 3288 uel
2736 3225 2990 3308 tempo-

729 3335 870 3400 rum
921 3334 1172 3401 uinculo
1225 3336 1401 3402 erant
1453 3353 1710 3402 conexae
1760 3335 1829 3402 in
1877 3335 2126 3420 singula
2177 3335 2662 3419 congerebantur
2710 3352 2989 3419 corpora,

731 3465 886 3530 quae
923 3447 1142 3515 deinde
1170 3449 1402 3514 sensim
1430 3446 1497 3514 in
1527 3447 1857 3531 ampliores
1888 3447 2277 3514 collectiones
2308 3447 2615 3513 abierunt.
2662 3466 2809 3512 cum
2839 3467 2988 3515 uero

735 3576 945 3625 eorum
999 3560 1105 3644 qui
1156 3579 1259 3627 eas
1310 3560 1723 3626 instituebant
1770 3559 2075 3626 iudicium
2124 3577 2332 3625 rerum
2383 3557 2649 3642 singulis
2698 3559 2989 3642 epistulis

730 3671 1142 3737 tractatarum
1183 3671 1286 3739 uel
1329 3673 1715 3739 cohaerentia
1740 3673 1847 3738 uel
1876 3672 2188 3758 grauitate
2216 3671 2616 3754 potissimum
2644 3674 2985 3756 regeretur,

730 3781 872 3848 inde
912 3783 1042 3849 iam
1081 3782 1320 3850 factum
1367 3786 1481 3866 est,
1525 3784 1599 3851 ut
1626 3785 1869 3851 multae
1898 3785 2152 3851 leuioris
2182 3785 2537 3869 argumenti
2566 3783 2887 3868 neglectae
2919 3785 2987 3849 in

729 3895 944 3976 paucis
995 3896 1247 3962 tantum
1292 3897 1607 3963 codicibus
1651 3915 1761 3962 nec
1805 3897 2011 3962 aetate
2052 3915 2164 3962 nec
2207 3895 2574 3982 integritate
2612 3895 2985 3980 insignibus,

731 4005 959 4088 quibus
1015 4006 1466 4092 inuestigandis
1524 4009 1799 4075 multum
1857 4007 2091 4074 laboris
2143 4009 2206 4074 et
2255 4007 2553 4092 temporis
2612 4009 2987 4090 consumpsi,

731 4116 1073 4204 latitarent,
1103 4119 1314 4203 itaque
1342 4120 1677 4204 paullatim
1706 4120 1827 4186 alio
1858 4120 2065 4186 codice
2086 4121 2227 4204 post
2248 4119 2445 4186 alium
2468 4120 2710 4202 reperto
2732 4119 2989 4184 uniuer-

735 4247 840 4295 sus
871 4229 1280 4316 epistularum
1311 4251 1604 4298 numerus
1636 4232 2011 4299 editionibus
2039 4232 2478 4316 publicaretur.
2532 4250 2691 4314 quae
2720 4249 2865 4296 cum
2891 4230 2989 4296 ita

731 4345 879 4425 sint,
923 4345 1014 4410 rei
1055 4343 1306 4422 criticae
1349 4343 1731 4410 factitandae
1772 4345 1931 4410 ratio
1974 4345 2070 4410 est
2102 4345 2372 4410 maxime
2412 4342 2692 4426 inpedita
2719 4360 2833 4407 nec
2860 4361 2989 4408 una

741 4453 1085 4539 disputatio
1129 4455 1236 4522 sed
1279 4455 1378 4521 tot
1421 4458 1570 4539 quot
1615 4455 1878 4523 discerni
1922 4457 2180 4539 possunt
2222 4455 2629 4538 epistularum
2672 4456 2885 4538 partes
2912 4474 2989 4520 ex
