3217 5150
706 563 797 612 cx
1504 541 1798 597 Caecilii
1834 541 2162 611 Cypriani

702 701 893 767 nimis
937 699 1153 784 pectus
1202 701 1458 766 affectus
1504 700 1790 782 duplices
1829 699 2104 764 onerant.
2157 697 2376 762 dolebo
2419 699 2583 781 quod
2610 717 2734 763 non
2765 715 2974 762 comes

704 805 977 870 fuerim?
1018 805 1125 870 sed
1164 805 1339 870 iuius
1380 803 1649 869 uictoria
1689 802 2134 884 triumphanda
2163 802 2277 866 est.
2332 802 2408 866 de
2437 801 2706 867 uictoria
2734 801 2973 866 trium-

702 908 904 992 phabo
920 912 951 973 ⁴1³
998 908 1104 973 sed
1148 909 1324 974 doleo
1371 907 1535 990 quod
1579 924 1785 972 comes
1829 923 1950 970 non
1983 905 2124 970 sim.
2180 923 2402 970 uerum
2449 905 2628 970 uobis
2658 907 2876 970 tamen
2909 906 2973 969 et

704 1011 1077 1092 simpliciter
1118 1009 1536 1076 confitendum
1566 1010 1682 1088 est,
1725 1009 1891 1092 quod
1919 1009 1985 1074 et
2013 1026 2124 1074 uos
2155 1007 2354 1088 scitis,
2395 1008 2464 1074 in
2493 1009 2612 1074 hac
2639 1026 2741 1073 me
2773 1008 2974 1074 fuisse

660 1182 665 1187 ,
700 1115 1025 1180 sententia.
1070 1114 1345 1179 multum
1374 1131 1447 1178 ac
1476 1113 1668 1179 nimis
1708 1112 1986 1178 multum
2018 1112 2092 1178 de
2123 1112 2326 1198 gloria
2367 1112 2501 1178 eius
2545 1112 2780 1190 exulto,
2823 1112 2972 1195 plus
2990 1136 3014 1174 s

700 1220 913 1285 tamen
945 1218 1119 1284 doleo
1150 1219 1314 1302 quod
1344 1219 1635 1284 remansi.

942 1507 1335 1620 ACTA
1404 1449 2734 1620 PRocoNvaARIA.

648 1749 673 1810 Ι
786 1749 1169 1833 Imperatore
1207 1748 1530 1816 Valeriano
1571 1750 1866 1832 quartum
1898 1751 1962 1814 et
1992 1747 2281 1815 Gallieno
2310 1750 2574 1815 tertium
2605 1751 2980 1816 consulibus

699 1853 885 1918 tertio
930 1852 1335 1918 kalendarum
1367 1851 1830 1937 Septembrium
1861 1850 2236 1936 Carthagine
2276 1852 2343 1917 in
2383 1853 2716 1918 secretario
2743 1853 2978 1919 Pater-

698 1975 815 2020 nus
846 1957 1172 2039 proconsul
1202 1955 1507 2040 Cypriano
1549 1957 1832 2040 episcopo
1875 1956 2063 2021 dixit:
2107 1956 2518 2022 sacratissimi
2559 1957 2978 2040 imperatores
2995 1976 3042 2015 10
3154 1967 3155 1978 ¹

680 2060 1069 2126 .Valerianus
1099 2062 1162 2126 et
1192 2060 1515 2127 Gallienus
1544 2061 1792 2128 litteras
1821 2062 1901 2127 ad
1929 2081 2032 2126 me
2063 2061 2209 2127 dare
2238 2061 2486 2147 dignati
2518 2063 2686 2140 sunt,
2735 2061 2976 2144 quibus

698 2159 1139 2249 praeceperunt
1182 2182 1283 2229 eos
1331 2167 1438 2248 qui
1478 2167 1826 2232 Romanam
1869 2166 2238 2251 religionem
2283 2184 2406 2231 11011
2451 2166 2686 2245 00111111,
2741 2165 2976 2232 debere

670 2265 1007 2335 'Romanas
1058 2269 1469 2334 caeremonias
1521 2287 1970 2353 recognoscere.
2027 2269 2334 2351 exquisiui
2385 2286 2533 2354 ergo
2587 2269 2662 2332 de
2715 2269 2977 2335 nomine

696 2373 827 2456 tuo,
860 2371 1008 2454 quid
1040 2371 1198 2436 mihi
1228 2373 1598 2455 respondes?
1630 2371 1970 2456 Cyprianus
2001 2373 2322 2456 episcopus
2353 2371 2546 2437 dixit:
2579 2371 2976 2438 Christia-

697 2493 837 2540 nus
894 2493 1057 2540 sum
1104 2476 1654 2560 010913009113.
1713 2471 1974 2542 11111103
2030 2475 2237 2541 alios
2292 2476 2472 2541 deos
2528 2476 2744 2555 noui,
2805 2477 3036 2542 nisis

698 2599 931 2645 unum
984 2582 1059 2645 et
1103 2599 1366 2646 uerum
1412 2581 1681 2661 Deum,
1741 2580 1871 2663 qui
1927 2581 2122 2646 fecit
2177 2580 2478 2646 caelum
2523 2582 2598 2645 et
2638 2582 2972 2666 terram,

698 2701 903 2748 mare
949 2683 1024 2747 et
1070 2702 1260 2765 quae
1306 2684 1486 2748 sunt
1530 2684 1608 2748 in
1652 2684 1764 2748 eis
1809 2684 2080 2749 omnia.
2141 2683 2322 2749 huic
2364 2684 2518 2748 Deo
2562 2701 2698 2749 1103
2743 2682 2974 2751 Chri-

698 2786 943 2851 stiani
974 2786 1491 2852 deseruimus:
1535 2788 1733 2852 hunc
1765 2787 2265 2870 deprecamur
2294 2788 2572 2853 diebus
2602 2806 2685 2853 ac
2713 2790 2974 2854 noeti-

696 2890 833 2954 bus
889 2908 1020 2972 pro
1078 2890 1302 2975 nobis
1347 2892 1421 2955 et
1463 2910 1595 2974 pro
1655 2882 2011 2956 omnibus
2055 2891 2505 2956 hominibus
2551 2893 2626 2957 et
2671 2910 2806 2973 pro
2854 2893 2971 2957 in·
3154 2952 3155 2955 ,

697 2993 1167 3058 columitate
1222 2992 1567 3075 ipsorum
1623 2994 2202 3076 imperatorum.
2265 2994 2572 3060 Paternus
2626 2998 3036 3077 proconsuho
3154 2994 3155 2997 ’

696 3096 889 3161 dixit:
942 3097 1009 3161 in
1052 3098 1167 3161 hac
1212 3114 1355 3180 ergo
1408 3097 1733 3163 uoluntate
1784 3101 2182 3180 perseueras?
2237 3096 2578 3181 Cyprianus
2632 3099 2970 3182 0913009113
3154 3082 3155 3097 ’

695 3201 1043 3283 respondit:
1090 3201 1283 3267 bona
1313 3201 1715 3280 uoluntas,
1765 3220 1953 3283 quae
1984 3202 2221 3267 Deum
2249 3201 2507 3281 nouit,
2547 3202 2967 3269 immutari

696 3322 845 3370 non
885 3305 1165 3388 potest.
1213 3304 1520 3369 Paternus
1562 3305 1890 3391 proconsul
1934 3304 2122 3369 dixit:
2171 3306 2402 3387 poteris
2435 3322 2580 3388 ergo
2613 3307 2968 3372 secundum

693 3408 1091 3490 praeceptum
1124 3407 1439 3472 Valeriani
1489 3410 1553 3473 et
1584 3406 1855 3473 Gallieni
1897 3408 2070 3473 exsul
2117 3408 2196 3473 ad
2243 3407 2460 3473 urbem
2503 3406 2964 3475 Curubitanam

695 3510 1000 3592 proficisci
1015 3515 1047 3577 ‘r’
1101 3511 1442 3596 Cyprianus
1488 3510 1808 3594 0913009113
1854 3510 2040 3576 dixit:
2087 3532 2126 3595 p
2143 3533 2174 3577 r
2187 3529 2220 3575 o
2235 3510 2421 3577 ficis
2437 3532 2470 3578 0
2481 3532 2517 3578 0
2531 3533 2581 3578 1.
2638 3513 2960 3579 Paternus
2979 3532 3026 3572 τε

692 3615 1017 3697 proconsul
1046 3616 1235 3681 dixit:
1267 3634 1388 3681 non
1419 3616 1622 3681 solum
1654 3617 1729 3681 de
1760 3616 2081 3699 episcopis,
2113 3636 2333 3682 uerum
2366 3616 2559 3682 etiam
2588 3617 2667 3682 de
2697 3618 2966 3703 presby-

692 3717 846 3783 teris
888 3718 1045 3783 mihi
1088 3719 1355 3784 scribere
1396 3719 1642 3804 dignati
1683 3722 1849 3785 sunt.
1899 3720 2042 3783 uolo
2087 3738 2231 3804 ergo
2263 3720 2418 3785 scire
2449 3737 2523 3785 ex
2551 3722 2638 3800 te,
2685 3721 2796 3803 qui
2827 3721 2966 3787 sint

689 3820 1034 3905 presbyteri
1080 3822 1187 3904 qui
1230 3823 1297 3888 in
1340 3822 1455 3888 hac
1501 3823 1762 3888 ciuitate
1813 3824 2178 3889 consistunt.
2235 3821 2580 3907 Cyprianus
2634 3824 2968 3908 episcopus

636 3922 655 3943 ⁸
690 3925 1033 4008 respondit:
1108 3925 1420 4010 legibus
1485 3926 1779 3993 uestris
1844 3928 2032 3993 bene
2099 3927 2329 4010 atque
2395 3927 2718 3993 utiliter
2786 3946 2966 3995 cen-

793 4168 824 4220 1
846 4165 1057 4236 dolebo]
1082 4165 1277 4221 docebo
1301 4183 1352 4221 w
1556 4167 1591 4221 5
1615 4165 1682 4220 de
1701 4184 1752 4220 w
1774 4182 1818 4225 s.
1843 4167 1878 4220 Ζ.
1903 4184 1973 4222 m.
1996 4171 2046 4223 2.
2075 4197 2141 4207 —

792 4252 998 4322 Incipit
1035 4253 1209 4322 passio
1252 4252 1484 4307 eiusdem
1520 4252 1780 4321 (eiusdem
1815 4254 1997 4323 passio
2033 4254 2114 4323 Ε)
2149 4254 2408 4323 Cypriani
2443 4270 2506 4309 ex
2539 4254 2626 4309 die
2661 4270 2770 4324 qua
2805 4272 2958 4311 mar-

686 4332 891 4409 tyrium
914 4339 1211 4409 Cyprianus
1246 4340 1406 4393 tulit:
1448 4339 1574 4395 ordo
1610 4342 1791 4393 autem
1827 4340 2077 4410 martyrii
2111 4342 2432 4409 (martyrum
2455 4341 2548 4412 Μ)
2580 4342 2682 4395 hac
2719 4341 2956 4398 lectione

683 4424 1083 4480 >demonstratur
1142 4430 1197 4481 et
1256 4425 1582 4495 declaratur:
1644 4426 1779 4481 Cum
1835 4425 2134 4496 Cyprianus
2193 4429 2409 4481 sanctus
2472 4430 2679 4499 martyr
2739 4429 2952 4485 electus

686 4527 719 4565 a
742 4512 853 4565 Deo
877 4511 942 4566 de
966 4512 1188 4567 ciuitate
1212 4512 1543 4567 Gurubitana
1567 4512 1664 4582 (cf.
1691 4529 1735 4569 c.
1759 4514 1820 4581 2)
1847 4519 1941 4570 etc.
1969 4514 2112 4569 EM.
2138 4543 2204 4555 -—
