3217 5150
800 478 891 533 De
924 477 1439 547 singularitate
1474 476 1880 531 clericorum
1916 492 1959 531 c.
1995 474 2219 530 21-23.
2350 489 2353 491 ’
2514 478 2637 544 199

377 640 666 699 incertum
691 638 976 699 subiceret
997 636 1362 710 temptationi
1385 634 1618 695 carnali.
1650 635 1799 694 unde
1821 634 1945 709 ipse
1966 630 2245 695 rationem
2276 633 2361 694 sic
2387 632 2637 693 reddidit

378 742 603 802 dicens:
648 758 811 816 ego,
857 740 1074 815 inquit,
1121 739 1228 798 sic
1257 754 1499 811 curro,
1544 755 1682 797 non
1712 738 1922 811 quasi
1958 738 2037 797 in
2079 738 2473 809 incertum,
2530 736 2637 797 sic

377 861 653 920 pugno,
720 860 858 904 non
903 842 1124 918 quasi
1165 858 1404 901 aerem
1448 840 1787 915 caedens,
1856 842 1991 901 sed
2034 840 2327 914 adfligo
2372 857 2635 914 corpus

375 964 600 1008 meum
643 950 714 1007 et
756 947 829 1005 in
873 944 1310 1006 seruitutem
1343 944 1619 1018 redigo,
1650 961 1734 1003 ne
1762 944 1954 1004 forte
1984 942 2161 1003 aliis
2190 943 2635 1018 praedicans

331 1051 540 1126 sipse
570 1049 933 1125 reprobus
976 1047 1336 1109 inueniat.
1383 1048 1516 1107 huic
1546 1063 1684 1122 ergo
1713 1050 1774 1106 te
1802 1063 2067 1121 conpara,
2100 1046 2200 1121 qui
2226 1049 2286 1106 te
2315 1046 2635 1119 apostolum

374 1154 558 1215 iactas
588 1154 648 1213 et
675 1170 745 1213 ex
774 1153 902 1227 ipso
932 1152 1087 1211 disce
1119 1150 1257 1225 quid
1285 1152 1509 1210 metuas
1528 1195 1542 1223 ,
1599 1149 1701 1225 qui
1752 1150 1962 1210 clamat
2006 1152 2065 1209 et
2093 1148 2263 1209 dicit:
2310 1165 2432 1209 oro
2475 1165 2633 1221 uos,
2672 1132 2678 1138 ³

372 1256 799 1317 imitatores
849 1256 994 1315 mei
1037 1256 1297 1314 estote.
1363 1252 1550 1314 noluit
1592 1254 1789 1327 itaque
1832 1254 1903 1313 de
1944 1252 2281 1313 mulieribus
2310 1253 2633 1312 circumdu-

375 1360 570 1421 cendis
598 1359 810 1419 habere
840 1357 1122 1431 fiduciam,
1175 1358 1272 1431 qui
1313 1374 1429 1418 nou
1457 1357 1761 1432 ignorabat
1806 1358 2083 1431 quantum
2112 1355 2259 1415 aliae
2286 1354 2533 1415 uirtutes
2562 1354 2634 1414 ab

375 1463 508 1525 aliis
555 1461 872 1523 uirtutibus
924 1462 1217 1521 differrent
1267 1463 1328 1521 et
1379 1460 1552 1520 aliam
1583 1460 1907 1521 claritatem
1956 1459 2098 1521 solis
2142 1462 2219 1535 et,
2242 1459 2411 1518 lunae
2439 1457 2633 1531 aliam,

301 1594 360 1635 ιο
376 1566 554 1628 aliam
580 1582 714 1625 uero
763 1564 1060 1625 stellarum
1077 1609 1092 1637 ,
1124 1564 1194 1623 de
1246 1563 1689 1624 charismatibus
1742 1562 2147 1624 ecclesiasticis
2200 1561 2635 1623 similitudinem

376 1684 696 1743 conparans
723 1667 1113 1727 intimauerat.
1175 1668 1278 1727 sed
1304 1684 1410 1727 nos
1442 1669 1642 1728 contra
1686 1666 1756 1726 de
1801 1665 2116 1741 apostolica
2159 1664 2325 1725 nobis
2355 1681 2632 1739 coaequa-

375 1774 532 1833 tione
580 1772 910 1833 blandimur
924 1818 939 1844 ,
998 1788 1112 1831 non
1163 1770 1525 1834 intendentes
1577 1771 1807 1845 penitus
1858 1770 1995 1846 quid
2045 1768 2291 1843 apostoli
2341 1770 2401 1829 et
2447 1770 2631 1829 sancti

375 1894 570 1937 omnes
613 1875 831 1934 inuicta
881 1875 1096 1934 uirtute
1145 1878 1450 1949 gesserunt
1471 1919 1486 1948 ,
1548 1876 1608 1934 et
1660 1872 1953 1934 difficilem
2002 1888 2265 1947 rumpere
2308 1873 2633 1948 quaerimus

373 1979 550 2053 uiam,
604 1996 733 2038 cum
758 1994 861 2053 per
887 1976 1084 2037 facilia
1133 1976 1358 2052 planior
1408 1977 1488 2037 sit
1537 1978 1705 2037 nobis
1736 1977 2003 2053 apposita
2056 1980 2258 2037 contra
2280 1977 2635 2037 Salomonem

304 2109 358 2149 ιι,
380 2082 691 2142 dicentem:
722 2098 860 2141 non
889 2084 962 2141 te
1003 2082 1292 2154 credas,
1338 2080 1548 2155 inquit,
1577 2082 1743 2141 uiae
1785 2081 2245 2155 laboriosae,
2290 2098 2375 2143 ne
2403 2098 2633 2155 ponas

375 2186 660 2247 animae
702 2187 872 2245 tuae
916 2183 1366 2246 scandalum.
1415 2202 1522 2245 nec
1571 2184 1725 2245 ullus
1782 2185 2109 2246 considerat
2160 2186 2430 2259 quoniam
2481 2202 2631 2245 unus

375 2304 610 2349 securus
640 2288 701 2347 in
729 2288 949 2348 lubrico
979 2288 1242 2362 graditur
1295 2290 1353 2347 et
1396 2288 1545 2348 alius
1575 2288 1675 2363 qui
1717 2288 1883 2363 inpar
1914 2291 2004 2349 est
2032 2289 2246 2348 labitur
2262 2334 2279 2361 ,
2333 2304 2481 2349 unus
2530 2306 2635 2363 per

376 2407 552 2466 rupes
577 2408 750 2451 cursu
772 2392 994 2451 montes
1017 2388 1280 2451 ascendit
1302 2392 1362 2449 et
1383 2391 1534 2451 alius
1557 2391 1610 2451 si
1634 2407 1698 2451 se
1722 2391 2068 2451 coartauerit
2088 2391 2263 2465 cadit,
2286 2391 2387 2450 uni
2408 2392 2631 2451 contin-

373 2496 465 2570 git
492 2510 596 2569 per
624 2498 1002 2569 tempestates
1032 2493 1269 2569 nauigia
1296 2493 1545 2556 feliciter
1575 2495 1861 2569 explicare
1906 2497 1965 2554 et
2009 2495 2181 2555 alteri
2210 2494 2347 2555 talis
2377 2494 2630 2555 felicitas

299 2617 358 2659 20
373 2614 488 2658 non
515 2599 707 2672 potest
737 2598 983 2658 euenire.
1046 2599 1197 2672 quod
1249 2597 1467 2657 Paulus
1497 2598 1791 2672 apostolus
1820 2597 2080 2658 decernit
2122 2597 2345 2659 dicens:
2406 2616 2620 2660 unus·-

377 2703 724 2777 quisque,
785 2702 1004 2777 inquit,
1063 2702 1442 2777 proprium
1494 2702 1755 2762 donum
1803 2703 2032 2763 habet
2084 2721 2170 2764 ex
2214 2703 2389 2777 Deo,
2450 2722 2633 2764 unus

374 2805 663 2878 quidem
709 2806 833 2879 sic,
879 2805 1078 2865 alius
1122 2809 1289 2865 uero
1336 2805 1460 2866 sic.

457 2910 568 2969 Sed
611 2910 710 2984 qui
767 2909 911 2968 mihi
969 2910 1038 2970 de
1100 2911 1425 2970 sanctorum
1484 2910 1739 2986 exemplo
1798 2911 2221 2986 praeiudicant,
2266 2928 2441 2986 quare
2472 2911 2631 2970 aliud
2651 2909 2732 2970 23

367 3013 688 3088 exemplum
717 3012 922 3074 nolunt
949 3013 1332 3088 contemplare
1363 3015 1516 3086 quod
1543 3016 1836 3074 metuant:
1898 3017 1957 3074 et
1988 3014 2087 3089 qui
2138 3013 2415 3088 apostolis
2467 3031 2633 3075 coae-

293 3135 348 3178 85
369 3117 538 3192 quari
569 3117 863 3177 contendit
894 3134 1068 3192 quare
1096 3135 1212 3178 non
1239 3117 1427 3192 magis
1456 3119 1818 3194 presbyteros
1842 3119 2134 3179 adulteros
2159 3118 2312 3191 apud
2332 3117 2630 3179 Danielem
2716 3157 2724 3164 -

368 3220 444 3279 ad
475 3219 836 3280 formidinem
865 3220 1098 3280 sibimet
1129 3220 1252 3296 ipse
1284 3221 1594 3295 proponit?
1643 3223 1783 3282 haec
1825 3224 2017 3282 autem
2046 3237 2157 3280 non
2187 3221 2314 3283 ideo
2354 3238 2624 3296 propono,

365 3325 434 3382 ut
465 3324 630 3398 quasi
661 3324 1046 3398 apostolorum
1076 3323 1464 3384 imitatoribus
1496 3325 1903 3398 contradicam,
1965 3324 2067 3385 sed
2112 3332 2179 3384 ut
2221 3325 2355 3386 illos
2384 3325 2622 3386 confun-

365 3427 498 3492 dam
529 3426 628 3500 qui
657 3443 718 3485 se
751 3426 968 3487 sanctis
997 3429 1334 3501 exaequant.
1395 3445 1500 3488 nec
1543 3445 1689 3502 nego
1742 3427 1899 3501 ipsos
1950 3443 2075 3488 esse
2130 3429 2431 3489 sectandos
2486 3445 2629 3504 quos

501 3662 537 3716 2
570 3662 601 3717 1
635 3661 754 3717 Cor.
789 3664 841 3729 9,
876 3662 964 3718 26.
997 3663 1084 3717 27.
1393 3664 1428 3716 6
1460 3662 1491 3717 Ι
1527 3661 1648 3718 Cor.
1680 3663 1733 3729 4,
1772 3663 1853 3718 16.
2177 3664 2243 3719 15
2279 3663 2384 3720 Sir.
2421 3665 2507 3732 32,
2541 3665 2625 3720 20.

363 3747 448 3802 20·
470 3747 501 3802 1
535 3748 652 3803 Cor.
692 3748 740 3813 7,
779 3748 826 3803 7.

502 3971 535 4025 1
571 3971 835 4026 incertum
877 3972 938 4037 0,
973 3972 1255 4027 interitum
1290 3991 1323 4030 v
1470 3974 1506 4028 5
1537 3975 1594 4028 te
1630 3989 1717 4043 ap.
1765 3973 1824 4038 0,
1866 3975 2167 4043 apostolum
2204 3991 2236 4030 o
2384 3977 2419 4029 8
2454 3991 2623 4045 qnan-

359 4059 418 4112 te
461 4057 530 4113 0¹
704 4057 860 4127 aliae]
897 4057 975 4112 ali
1019 4058 1066 4114 G
1096 4075 1138 4112 e.
1178 4057 1214 4113 Ζ.
1251 4075 1321 4115 m.
1356 4062 1396 4115 2
1565 4060 1600 4113 9
1636 4059 1889 4114 differant
1922 4077 1955 4116 v
2126 4060 2293 4116 aliam
2328 4062 2489 4116 lunae
2524 4078 2559 4116 v

363 4143 434 4198 18
467 4143 644 4212 rupes]
681 4143 828 4212 ripas
870 4143 918 4199 Ο
1091 4205 1106 4218 ,
1133 4146 1189 4198 et
1223 4144 1366 4200 alius
1409 4146 1465 4210 0,
1503 4145 1647 4200 alius
1680 4163 1715 4202 υ
1929 4147 2227 4201 coarctauit
2260 4165 2295 4204 v
2502 4164 2625 4202 con-

358 4227 496 4298 tigit
539 4227 606 4283 0¹
795 4228 866 4286 19
900 4230 1064 4284 nania
1104 4231 1174 4285 0⁸
1367 4231 1631 4300 explicare
1665 4248 1736 4286 ex
1768 4232 1974 4303 explere
2016 4233 2063 4289 G
2092 4249 2162 4288 m.
2200 4235 2241 4288 Β
2425 4234 2496 4289 23
2532 4236 2625 4304 qui

359 4329 432 4369 ex
467 4314 600 4383 quid
641 4316 688 4371 Ο
938 4315 1252 4385 praedicant
1294 4317 1363 4373 Ο·
1618 4333 1783 4387 quare
1822 4318 1881 4383 0,
1916 4318 2049 4388 quid
2082 4335 2116 4374 v
2367 4321 2438 4375 28
2475 4336 2625 4375 exae-

359 4402 530 4469 quent
564 4417 596 4456 υ
