3217 5150
937 543 1032 596 Ad
1079 543 1534 598 Nouatianum
1583 559 1625 596 c.
1676 543 1893 598 10—12.
2453 551 2527 614 61

371 700 628 776 Denique
679 703 787 762 hoc
829 703 889 762 in
928 703 1225 778 euangelio
1280 706 1677 778 conprobatur,
1730 703 1829 763 ubi
1868 702 1973 762 illa
2013 702 2218 763 mulier
2246 706 2532 778 peccatrix
2553 705 2627 763 11

286 803 630 864 describitur
657 851 670 876 ,
723 821 868 878 quae
913 805 1075 865 uenit
1123 806 1200 865 ad
1247 807 1472 866 domum
1524 807 1817 867 cuiusdam
1869 807 2208 879 Pharisaei,
2262 807 2359 866 ubi
2411 810 2536 866 erat

286 907 561 968 Dominus
590 910 826 968 uocatus
855 925 984 967 cum
1014 891 1344 983 discipuliS,
1397 913 1634 983 portans
1674 928 1779 970 uas
1820 909 2128 985 unguenti:
2184 926 2329 982 quae
2370 913 2538 970 stetit

285 1013 358 1070 ad
383 1013 557 1085 pedes
586 1010 814 1070 Domini
845 1013 904 1070 et
945 1012 1200 1072 lacrimis
1241 1014 1362 1072 suis
1403 1013 1550 1073 lauit
1591 1015 1766 1088 pedes
1798 1014 1921 1073 eius
1952 1015 2011 1072 et
2041 1013 2267 1086 capillis
2296 1015 2537 1073 extersit

239 1129 264 1168 5
285 1116 346 1173 et
397 1114 614 1174 oscula·
639 1114 848 1185 infixit,
891 1117 956 1172 ut
995 1114 1338 1176 excitaretur
1369 1117 1490 1175 illic
1519 1117 1866 1177 Pharisaeus
1908 1118 1967 1174 et
2008 1116 2249 1175 diceret:
2304 1116 2430 1174 hic
2474 1115 2537 1174 si

284 1219 483 1277 esset
539 1219 936 1292 propheta,
999 1218 1226 1278 sciret
1285 1235 1464 1292 quae
1525 1223 1595 1279 et
1647 1218 1891 1294 qualis
1943 1220 2143 1277 esset
2194 1218 2347 1278 ista
2395 1235 2537 1276 mu—

285 1321 426 1380 lier
470 1338 649 1395 quae
700 1337 850 1379 eum
900 1322 1166 1396 tangit,
1223 1323 1390 1396 quia
1439 1322 1819 1396 peccatrix
1870 1324 2003 1382 est.
2066 1319 2307 1379 undein
2350 1320 2534 1380 conti-

283 1421 448 1484 nenti
498 1423 774 1483 Dominus
825 1426 1185 1498 peccatorum
1236 1426 1508 1484 remissor
1549 1429 1608 1485 et
1648 1423 2065 1500 paenitentium
2116 1425 2374 1497 receptor
2414 1423 2531 1482 ait:

284 1529 532 1598 Petre,
604 1527 833 1587 habeo
905 1527 1048 1586 tibi
1119 1527 1414 1602 aliquid
1473 1529 1737 1588 dicere.
1822 1529 1895 1585 at
1950 1525 2087 1586 ille
2146 1525 2541 1599 respondit

214 1629 572 1690 iodicens:
614 1632 985 1704 magister,
1028 1630 1159 1692 dic.
1203 1634 1263 1690 et
1291 1631 1596 1690 Dominus:
1640 1633 1775 1691 duo
1818 1630 2193 1690 debitores
2234 1629 2539 1690 fuerunt

285 1735 564 1794 cuidam
643 1733 1088 1807 feneratori,
1173 1753 1358 1809 unus
1439 1736 1560 1809 qui
1642 1734 1706 1794 ei
1790 1735 2112 1794 debebat
2191 1733 2537 1800 denarios

284 1838 734 1911 quingentos
791 1839 864 1897 et
919 1838 1118 1897 alius
1169 1838 1750 1916 quinquaginta:
1806 1835 1881 1897 et
1930 1854 2081 1896 cum
2135 1851 2277 1896 non
2327 1836 2541 1895 habe-

285 1945 450 2000 rent
507 1941 690 2002 unde
748 1941 1153 2014 soluerent,
1214 1943 1562 2004 ambobus
1622 1943 1949 2002 donauit.
2009 1946 2068 2000 et
2120 1941 2537 2016 interrogauit:

287 2031 451 2117 quis
495 2062 734 2105 eorum
784 2045 954 2119 plus
1004 2044 1310 2119 diligit?
1363 2049 1434 2104 et
1485 2047 1877 2121 respondit
1928 2047 2226 2104 Petrus:
2280 2043 2541 2116 utique

219 2146 430 2206 stille
499 2148 616 2206 cui
684 2147 852 2223 plus
923 2148 1266 2221 donauit,
1339 2151 1400 2208 et
1469 2149 1675 2209 adiecit
1734 2149 1956 2209 dicens:
2037 2148 2247 2207 uides
2316 2146 2538 2206 istam

284 2250 709 2310 mulierem?
792 2250 1110 2310 introiui
1167 2251 1241 2310 in
1300 2253 1572 2311 domum
1646 2254 1870 2325 tuam,
1952 2252 2281 2312 osculum
2357 2251 2537 2309 mihi

285 2370 421 2412 non
480 2353 790 2413 dedisti:
849 2355 1029 2414 haec
1086 2356 1324 2413 autem
1383 2371 1521 2413 non
1579 2354 1913 2413 cessauit
1972 2352 2370 2414 osculando
2420 2367 2548 2426 pe*⁴

286 2457 410 2517 des
481 2473 686 2517 meos‚
771 2457 992 2531 pedes
1061 2473 1254 2516 meos
1311 2474 1449 2517 non
1518 2456 1833 2517 lauasti:
1906 2459 2083 2516 haec
2142 2459 2377 2515 autem
2435 2456 2537 2513 la-

286 2561 542 2621 crimis
625 2560 778 2619 suis
847 2559 1041 2620 lauit
1119 2562 1193 2619 et
1262 2560 1570 2635 capillis
1652 2560 1989 2620 extersit.
2074 2559 2235 2619 oleo
2315 2559 2536 2633 pedes

214 2680 476 2723 romeos
537 2679 673 2722 non
714 2664 1067 2725 unexisti.
1121 2665 1302 2723 haec
1355 2667 1594 2724 autem
1652 2664 1927 2723 uncxit.
1988 2665 2293 2737 propter
2352 2662 2539 2736 quod

287 2766 448 2827 dico
509 2766 686 2839 tibi,
751 2767 988 2837 Petre,
1050 2766 1220 2840 quia
1269 2768 1758 2827 remittuntur
1815 2766 1941 2825 illi
1999 2768 2305 2840 peccata
2362 2765 2538 2825 eius.

288 2886 418 2930 ecce
448 2870 722 2930 Dominus
753 2870 1015 2944 utrisque
1048 2871 1401 2939 debitoribus
1425 2872 1589 2945 larga
1614 2889 1718 2931 sua
1744 2870 1956 2943 pietate
1986 2871 2239 2930 debitum
2264 2869 2539 2929 concedit.

288 2990 418 3034 eece
449 2974 658 3033 delicta
701 2976 1026 3047 donantem,
1077 2990 1206 3034 ecce
1254 2974 1552 3034 mulierem
1581 2976 1957 3049 peccatricem
1988 2974 2371 3047 paenitentem
2397 2974 2540 3032 flen-

285 3080 403 3137 tem
435 3077 829 3151 deprecantem
857 3080 916 3135 et
946 3076 1242 3137 remissam
1270 3081 1629 3151 peccatorum
1660 3078 2052 3151 accipientem.

215 3192 268 3234 25
373 3179 655 3239 Erubesce
698 3180 814 3238 iam
856 3197 1024 3252 nunc,
1073 3179 1124 3239 si
1167 3179 1292 3239 fieri
1320 3182 1530 3254 potest,
1575 3180 1917 3252 Nouatiane,
1962 3179 2159 3239 desine
2188 3179 2537 3253 argumentis
2562 3186 2646 3243 12

285 3281 404 3341 tuis
445 3281 639 3355 impiis
681 3282 940 3343 incautos
983 3282 1239 3357 decipere
1255 3328 1269 3356 ,
1338 3282 1532 3343 desine
1574 3282 1745 3342 unius
1811 3281 2049 3357 capituli
2092 3282 2541 3355 praescriptione

286 3388 522 3444 terrere.
567 3385 812 3458 legimus
857 3388 916 3445 et
958 3386 1258 3445 adoramus
1301 3404 1404 3446 nec
1445 3386 1954 3460 praetermittimus
1986 3384 2286 3444 caelestem
2313 3382 2543 3443 Domini
2623 3369 2626 3372 ¹

287 3489 630 3549 sententiam
698 3489 796 3563 qui
861 3489 944 3549 ait
1007 3493 1346 3571 negaturum
1393 3506 1454 3548 se
1519 3490 1825 3563 negantem
1843 3532 1858 3560 ,
1923 3487 2199 3561 numquid
2240 3490 2301 3546 et
2341 3484 2540 3560 paeni-

286 3594 499 3651 tentem
515 3594 544 3650 ?
610 3594 670 3651 et
736 3592 872 3665 quid
937 3608 1042 3666 ego
1109 3592 1328 3651 tamdiu
1371 3592 1441 3650 de
1486 3591 1945 3651 miserationibus
2009 3591 2249 3663 probare
2314 3588 2545 3663 singula

421 3818 456 3871 5
489 3818 618 3873 Luc.
658 3819 708 3883 7,
741 3817 960 3872 39—47.

423 4044 458 4097 5
500 4045 752 4098 excitaret
787 4044 852 4097 K
1109 4042 1489 4097 illic'fariseus
1527 4040 1602 4105 K,
1638 4040 1733 4094 ine
1766 4040 1862 4109 ph.
1896 4056 1931 4094 v
2205 4039 2240 4092 9
2274 4040 2425 4108 petre
2462 4037 2543 4106 K,

283 4130 462 4185 simon
495 4145 543 4194 v,
579 4130 648 4196 cf.
689 4131 842 4198 epist.
870 4146 931 4199 p.
967 4132 1088 4194 486,
1125 4132 1194 4183 16
1446 4128 1516 4181 10
1547 4126 1769 4181 fuerunt
1806 4126 1881 4192 K,
1916 4127 2069 4179 erant
2103 4140 2137 4179 υ
2390 4124 2455 4179 11
2498 4123 2547 4176 ei

283 4216 514 4271 debebat
548 4215 634 4284 K,
668 4215 904 4270 habebat
937 4232 971 4270 v
1246 4214 1314 4267 12
1349 4214 1483 4268 alios
1520 4212 1587 4267 K
1854 4213 1910 4265 et
1944 4226 2063 4265 cum
2102 4212 2176 4277 K,
2212 4226 2332 4265 cum
2364 4227 2399 4263 v

285 4303 354 4357 14
387 4302 604 4356 illorum
639 4318 674 4356 v
851 4300 1076 4371 diligant
1111 4299 1177 4353 K
1341 4302 1522 4369 petrus
1560 4299 1635 4364 K,
1673 4298 1849 4352 simon
1884 4314 1922 4352 v
2101 4298 2167 4350 16
2200 4294 2463 4350 inti-oini-
2490 4294 2555 4347 K

283 4392 336 4459 (t
371 4392 550 4455 ema),
589 4388 794 4442 intraui
831 4404 864 4442 v
1072 4386 1140 4441 21
1176 4388 1326 4455 petre
1361 4386 1446 4449 K,
1483 4385 1658 4439 simon
1696 4400 1729 4437 v
1935 4382 2005 4436 22
2041 4382 2180 4451 ecce]
2214 4382 2314 4436 hoc
2350 4379 2417 4433 K
2644 4382 2653 4391 '

285 4474 358 4529 24
391 4474 614 4528 remissa
650 4473 716 4527 K
915 4473 985 4527 28
1021 4472 1115 4542 qui
1153 4471 1231 4542 K,
1271 4487 1377 4540 qua
1410 4487 1443 4526 v
