3217 5150
734 539 829 588 11,

732 677 835 744 uel
882 677 1211 743 nonnullos
1240 676 1607 762 Reginensis
1659 694 1892 742 errores
1945 678 2248 742 correctos
2297 693 2613 759 nouasque
2657 678 3024 760 scripturas

734 788 1209 871 deprehenderis
1246 789 1547 874 receptus,
1588 807 1666 854 ne
1694 788 1762 854 in
1789 788 1982 854 aliam
2023 789 2374 871 opinionem
2403 787 2742 872 inducaris,
2777 809 3024 856 cauen-

734 901 889 968 dum
914 903 1029 968 est.
1082 920 1229 968 nam
1258 901 1315 967 is
1354 901 1459 968 cui
1500 901 1891 968 rubricarum
1935 919 2086 968 cura
2127 901 2350 966 relicta
2391 903 2528 967 erat
2567 902 3028 984 inscriptiones

696 1107 701 1114 Π
730 1013 963 1098 partim
980 1031 1051 1078 ex
1064 1013 1209 1080 aliis
1228 1013 1543 1080 codicibus
1566 1012 1950 1096 deprompsit
1971 1013 2204 1096 partim
2225 1033 2384 1096 quae
2407 1013 2610 1080 fusius
2631 1015 3032 1081 enarraban-

432 2669 708 2717 Scriptorum

472 2736 675 2783 consono

496 2808 639 2877 ιιιΤ

445 4094 585 4148 nrm.
615 4096 679 4140 75.

732 1128 839 1191 tur
868 1126 935 1190 in
964 1126 1037 1204 Τ,
1078 1128 1153 1191 ut
1180 1125 1575 1210 singularum
1602 1125 2016 1208 epistularum
2045 1127 2419 1210 argumenta
2451 1127 2746 1192 continuo
2775 1133 3028 1210 cogno-

733 1239 1069 1315 scerentur,
1126 1236 1419 1304 breuibus
1480 1237 1974 1320 conprehendens
2031 1255 2104 1302 ex
2155 1256 2268 1302 suo
2329 1237 2578 1322 ingenio
2638 1238 2916 1303 confecit
2929 1242 3026 1318 *).

734 1348 1025 1415 librarius
1064 1367 1211 1415 uero
1250 1349 1415 1416 locos
1444 1351 1764 1433 corruptos
1795 1350 1898 1415 uel
1927 1367 2079 1432 quos
2109 1349 2380 1414 habebat
2409 1349 2520 1414 ubi
2551 1349 2618 1414 in
2647 1349 2702 1413 T
2735 1351 3016 1428 inuenit,

734 1461 1010 1544 spatium
1034 1479 1305 1528 uacuum
1326 1461 1603 1545 reliquit,
1629 1481 1750 1544 quo
1769 1461 1894 1527 nisi
1915 1461 2076 1527 forte
2097 1463 2312 1545 postea
2337 1459 2574 1528 oblitus
2599 1463 2718 1540 ost,
2750 1461 3024 1527 aliunde

734 1573 995 1638 meliora
1032 1573 1284 1656 recepit,
1330 1573 1509 1640 cuius
1548 1573 1640 1639 rei
1683 1572 1978 1654 conplura
2019 1573 2264 1638 exstant
2307 1573 2590 1658 exempla
2629 1573 2698 1639 in
2741 1575 3024 1640 adnota-

732 1684 901 1751 tione
940 1684 1160 1751 critica
1190 1684 1271 1750 ad
1300 1683 1593 1768 Cypriani
1625 1683 1846 1750 Vitam
1875 1686 1940 1750 et
1967 1684 2258 1750 libellum
2303 1684 2720 1750 subditicium
2751 1685 3024 1770 Appen·

738 1797 897 1864 dicis
928 1795 1103 1876 Vm,
1160 1815 1423 1880 quorum
1468 1796 1549 1862 ad
1590 1797 2087 1864 emendationem
2139 1816 2284 1863 eum
2337 1797 2616 1863 adhibui.
2667 1815 2743 1863 ex
2789 1800 3024 1864 eodem

737 1910 945 1976 codice
990 1909 1042 1974 Τ
1088 1909 1425 1976 Vossianus
1475 1909 1589 1975 lat.
1642 1910 1678 1973 7
1731 1926 1887 1974 saec.
1933 1908 1996 1972 X
2039 1909 2140 1994 (h)
2195 1928 2348 1994 quas
2403 1909 2655 1974 exbibet
2707 1911 3028 1992 epistulas

732 2021 983 2106 recepit.
1030 2021 1307 2087 continet
1336 2039 1483 2088 uero
1510 2021 1694 2088 haec:
1735 2020 1984 2088 libellos
2013 2020 2064 2084 I.
2098 2021 2212 2085 IV.
2243 2020 2358 2086 VI.
2391 2020 2469 2086 V.
2503 2021 2642 2086 VH.
2675 2021 2791 2086 XI.
2831 2022 3024 2086 VIII.

736 2133 837 2206 X..
855 2132 1002 2198 XII.
1046 2133 1189 2212 ΙΠ.,
1230 2132 1532 2216 epistulas
1574 2135 1636 2200 6.
1684 2133 1784 2198 10.
1817 2134 1921 2200 28.
1951 2133 2054 2200 37.
2090 2134 2192 2200 11.
2223 2133 2326 2200 38.
2351 2133 2458 2200 39.
2489 2135 2596 2200 60.
2627 2135 2734 2200 57.
2765 2135 2879 2200 59.
2913 2137 3024 2201 52.

734 2244 843 2312 47.
872 2245 977 2312 45.
1007 2245 1111 2310 44.
1144 2246 1249 2312 51.
1284 2246 1387 2312 61.
1417 2245 1524 2313 46.
1558 2245 1661 2311 78.
1696 2245 1796 2312 13.
1827 2245 1932 2310 43.
1968 2246 2068 2312 76.
2104 2245 2184 2310 77
2209 2246 2274 2311 et
2295 2247 2540 2329 partem
2569 2245 2776 2312 libelli
2799 2247 3026 2332 Π**).

737 2355 816 2422 de
836 2356 979 2424 aliis
1000 2356 1375 2440 scriptorum
1402 2357 1870 2424 collectionibus
1901 2376 2168 2440 quarum
2190 2360 2402 2441 partes
2423 2360 2592 2424 certe
2615 2376 2656 2423 a
2669 2357 3026 2442 Reginensi

736 2467 1007 2552 pendent
1036 2468 1246 2552 paullo
1275 2470 1419 2553 post
1446 2487 1652 2554 agam.
1683 2469 1788 2535 hic
1813 2469 1946 2535 iam
1973 2469 2324 2535 accuratius
2355 2469 2422 2535 in
2453 2488 2528 2536 ea
2557 2469 3020 2552 inquirendum

750 2584 847 2648 est
892 2600 1049 2665 quae
1100 2582 1357 2649 alterius
1408 2580 1690 2648 familiae
1733 2581 2062 2667 archetypo
2109 2582 2432 2648 debentur.
2487 2582 2654 2649 hunc
2697 2584 2874 2649 enim
2921 2586 3030 2649 uel

750 2695 1021 2761 codicem
1068 2695 1277 2778 potius
1308 2714 1381 2761 ex
1410 2712 1481 2759 eo
1521 2696 1732 2760 ortum
1761 2691 1886 2780 (Y)
1915 2696 1970 2759 is
2001 2695 2108 2778 qui
2149 2694 2580 2761 collectionem
2629 2696 2837 2779 qualis
2871 2698 2942 2761 in
2975 2696 3030 2761 Τ

746 2808 843 2873 est
884 2806 1231 2891 composuit
1258 2806 1547 2888 inprimis
1579 2806 1908 2888 expilauit3
1961 2825 2106 2871 nam
2137 2808 2383 2889 praeter
2413 2806 2752 2888 epistulam
2784 2808 2876 2873 75
2889 2808 3030 2887 ***)

804 3031 857 3099 *)
881 3029 962 3087 cf.
988 3030 1365 3099 inscriptiones
1388 3030 1545 3098 epist.
1570 3034 1630 3082 6:
1659 3030 1864 3097 Incipit
1886 3029 1963 3085 ad
1987 3030 2194 3084 clerum
2216 3030 2360 3085 sicut
2381 3044 2562 3097 supra
2577 3030 2642 3097 Τ,
2668 3030 2884 3099 Incipit
2907 3034 3022 3087 ·II·

734 3118 811 3173 ad
833 3118 1038 3173 clerum
1060 3118 1129 3173 de
1151 3134 1235 3173 cu.
1258 3134 1394 3187 pau.
1418 3119 1514 3171 t—
1539 3118 1696 3187 epist.
1724 3121 1782 3170 8:
1821 3116 2035 3187 Incipit
2056 3118 2359 3173 rescribens
2385 3116 2638 3173 Celer-ino
2663 3118 2933 3173 Lucieno
2959 3120 3024 3179 Τ,

735 3204 954 3273 Incipit
976 3204 1207 3273 epistola
1228 3205 1497 3272 rescripta
1518 3202 1594 3257 ad
1627 3203 1966 3275 Cyprianum
1988 3220 2025 3256 a
2049 3204 2191 3258 clero
2215 3204 2386 3259 Rome
2409 3205 2507 3257 t—
2533 3204 2693 3273 epist.
2719 3209 2814 3257 21:
2859 3204 3028 3260 Inci-

723 3290 817 3361 pit
852 3289 1081 3358 epistola
1110 3289 1352 3345 Celerini
1384 3290 1459 3344 aa
1484 3290 1800 3345 Daciannm
1829 3297 2024 3359 petens
2050 3306 2158 3359 pro
2191 3291 2411 3345 nomine
2439 3290 2742 3345 Numer-iae
2779 3296 2833 3343 et
2869 3292 3028 3347 Om-

732 3375 903 3432 didae
934 3381 1003 3431 nt
1036 3391 1129 3431 eas
1160 3376 1225 3429 in
1254 3381 1463 3430 mente·
1508 3376 1757 3430 haberent
1791 3392 1933 3445 quae
1965 3376 2242 3431 Numeria
2276 3381 2344 3431 ut
2375 3374 2515 3431 dicit
2547 3376 2822 3443 premium
2861 3378 3026 3433 dedit

732 3480 802 3523 ne
836 3462 1215 3529 sacrificarent
1248 3462 1306 3527 T,
1352 3461 1567 3531 Incipit
1606 3464 1838 3531 epistola
1878 3462 2120 3519 Celerini
2159 3463 2236 3519 ad
2261 3463 2578 3519 Lucianwn
2621 3492 2676 3501 —
2720 3464 2881 3532 epist.
2923 3470 3024 3520 24:

734 3550 951 3619 Incipit
985 3549 1212 3617 epistola
1244 3547 1503 3604 Caldonii
1534 3548 1811 3619 Gyzm'ano
1845 3554 1896 3604 et
1930 3549 2071 3603 clero
2106 3548 2174 3603 de
2199 3550 2274 3604 eis
2300 3550 2400 3619 qui
2429 3550 2710 3617 sacrificia
2745 3556 2798 3603 et
2814 3558 3026 3616 postea

733 3638 1087 3693 exhorrentes
1130 3634 1275 3701 facti
1317 3641 1450 3690 swnt
1485 3641 1538 3689 et
1567 3652 1762 3704 pacem
1789 3636 2222 3704 postulauerunt
2255 3634 2319 3703 T,
2370 3635 2576 3704 Incipit
2612 3636 2850 3703 epistola
2889 3638 3026 3691 Cal-

734 3722 891 3779 dom'i
911 3721 988 3777 ad
1012 3722 1357 3791 Cypffannm
1379 3728 1433 3776 et
1456 3722 1664 3776 clerum
1687 3723 1856 3777 missa
1877 3724 1924 3777 t.

806 3809 890 3877 θ)
914 3808 1153 3864 Libellos
1178 3824 1241 3862 ex
1266 3807 1392 3863 aliis
1425 3805 1669 3863 fontibus
1703 3808 1904 3877 petisse
1938 3808 2168 3872 uidetur,
2205 3808 2440 3862 fortasse
2467 3806 2728 3862 nonnulla
2753 3824 2818 3861 ex
2841 3808 2896 3864 G
2925 3811 3020 3865 uel

738 3898 853 3953 eius
886 3896 1173 3967 archetypo
1206 3912 1325 3951 cum
1360 3911 1465 3965 quo
1502 3896 1813 3965 saepissime
1836 3895 1986 3949 facit.
2025 3912 2184 3964 quam
2209 3910 2334 3949 uero
2359 3894 2402 3948 ii
2431 3894 2544 3948 sint
2569 3894 2916 3963 interpolati,
2955 3912 3024 3951 ex

736 4000 844 4038 uno
870 3984 1051 4038 uidere
1077 3983 1205 4037 licet
1228 3981 1467 4052 exemplo
1496 3982 1640 4051 quod
1663 3998 1825 4051 supra
1847 3998 1896 4051 p.
1923 3980 2004 4035 XI
2027 3999 2080 4036 n.
2129 3981 2365 4051 apposui.

804 4070 924 4140 m)
948 4070 1017 4123 In
1039 4067 1415 4124 constituenda
1450 4068 1614 4123 huius
1650 4067 1914 4138 epistulae
1937 4067 2164 4121 lectione
2189 4065 2725 4121 animaduertendum
2763 4071 2850 4121 est
2891 4086 3019 4124 eam

738 4156 807 4211 ad
826 4156 1051 4211 uerbum
1076 4153 1141 4209 de
1164 4170 1355 4225 graeco
1380 4170 1682 4224 expressam
1707 4168 1837 4221 esse,
1861 4154 2046 4223 itaque
2069 4154 2329 4209 nonnulla
2353 4153 2689 4223 explicantur
2711 4154 2930 4209 frustra
2951 4157 3025 4212 ab

737 4242 1035 4298 editoribus
1070 4244 1299 4308 tentata,
1338 4257 1474 4311 quae
1510 4241 1754 4311 alioquin
1777 4240 1952 4295 locum
1975 4256 2080 4294 non
2103 4240 2381 4305 haberent,
2419 4238 2572 4293 uelut
2595 4256 2654 4309 p.
2679 4243 2878 4303 sumo
2905 4246 3028 4298 nisi

738 4332 785 4385 si
816 4330 900 4385 his
940 4331 1201 4399 episcopie
1240 4330 1338 4398 qui
1376 4346 1527 4383 nunc
1566 4329 1748 4382 minor
1791 4328 1906 4395 fuit
1948 4328 2166 4383 Paulus
2209 4330 2298 4396 (τ...-
2322 4333 2442 4387 τοῖς
2473 4328 2593 4395 νῦν,
2636 4326 2708 4383 cf.
2735 4326 2864 4382 Luc.
2903 4334 3026 4394 732

740 4413 937 4487 ὅμοιοί
968 4420 1080 4471 εἰσι
1115 4415 1367 4476 παιδίοις
1401 4420 1519 4475 τοῖς
1542 4415 1601 4469 ἐν
1626 4414 1806 4487 ἀγορᾷ
1841 4417 2181 4485 καθημένοις
2205 4412 2610 4478 :infantibus
2636 4414 2757 4482 qui
2795 4414 2862 4467 in
2895 4416 3030 4481 foro

736 4502 1079 4571 sedentibue5
1104 4501 1215 4557 uid.
1234 4502 1445 4557 Rfinsch
1469 4518 1518 4571 p.
1540 4506 1680 4567 443),
1707 4517 1756 4570 p.
1779 4504 1968 4567 818,17
1986 4500 2142 4570 apud
2165 4515 2301 4569 quos
2322 4501 2440 4555 eim
2466 4499 2636 4554 dubio
2659 4499 2812 4555 idem
2837 4518 3030 4573 error,
