3217 5150
764 505 805 555 0
820 507 947 556 xlv

726 649 765 712 6
867 647 1095 716 Passus
1146 655 1259 718 est·
1290 659 1499 722 autem
1548 659 1944 730 beatissimus
1992 663 2331 748 Cyprianus
2381 669 2622 752 martyr
2667 670 2770 734 die
2813 673 3032 737 octaua

782 751 1020 819 decima
1048 757 1449 828 kalendarum
1472 762 1834 832 Octobrium
1863 769 1978 832 sub
2001 768 2332 836 Valeriano
2357 773 2420 837 et
2443 771 2730 837 Gallieno
2761 773 3030 856 impera-

779 860 1014 927 toribus
1054 869 1346 949 regnante
1386 887 1533 934 uero
1560 869 1826 936 Domino
1857 874 2066 938 nostro
2097 873 2241 940 Iesu
2271 871 2537 956 Christo,
2577 876 2682 940 cui
2713 879 2814 942 est
2842 877 3032 944 honor

777 966 842 1030 et
869 970 1067 1054 gloria
1095 973 1158 1038 in
1190 973 1438 1039 saecula
1467 974 1868 1041 saeculorum.
1902 994 2102 1042 amen.

1305 1694 1798 1806 INDEX
1857 1691 2496 1810 'OPERVM

1019 1919 1175 1985 quae
1220 1900 1458 1966 duobus
1502 1900 1817 1968 fasciculis
1861 1904 1925 1968 et
1967 1903 2300 1988 appendice
2343 1904 2763 1971 continentur.

960 2090 1134 2156 sasc.
1181 2090 1215 2154 1
1258 2041 1263 2047 ¹
1695 2090 2058 2156 LIBELLI:

782 2297 787 2300 .
879 2228 913 2292 Ι
957 2229 1059 2294 Ad
1088 2229 1405 2295 Donatum
1505 2275 2816 2295 .............
2909 2153 3031 2299 P²33
3162 2177 3163 2202 ³

840 2341 907 2406 II
952 2339 1127 2420 Quod
1157 2342 1325 2406 idola
1356 2341 1445 2406 dii
1473 2359 1594 2407 non
1625 2341 1754 2442 sint
1823 2388 2694 2408 .........
2793 2390 2810 2406 .
2961 2347 3032 2410 19

803 2451 905 2538 ΠΙ
948 2452 1051 2517 Ad
1082 2451 1411 2532 Quirinum
1442 2451 1994 2538 (Testimoniorum
2027 2453 2178 2518 libri
2207 2452 2360 2536 ties)
2460 2501 2477 2516 .
2569 2501 2584 2518 .
2681 2503 2696 2516 ,
2800 2503 2818 2519 ,
2961 2462 3036 2526 35

815 2565 909 2630 IV
950 2565 1042 2631 De
1071 2564 1291 2631 habitu
1322 2565 1642 2651 uirginum
1709 2614 2690 2632 ..........
2795 2620 2813 2634 .
2925 2573 3040 2639 187

842 2678 903 2741 V
947 2676 1041 2742 De
1070 2679 1405 2743 catholicae
1434 2678 1728 2743 ecclesiae
1757 2678 1999 2743 unitate
2033 2727 2808 2746 ........
2907 2686 3032 2752 209

803 2788 897 2854 VI
938 2790 1032 2856 De
1060 2791 1252 2875 lapsis
1382 2838 2687 2855 .............
2790 2845 2805 2858 .
2905 2798 3028 2863 237
3162 2784 3163 2793 ἵ

776 2902 901 2967 VII
944 2904 1039 2968 De
1070 2902 1378 2968 dominica
1408 2903 1683 2968 oratione
1811 2950 2804 2968 ..........
2901 2908 3026 2975 267

744 3012 905 3078 VIII
946 3015 1040 3078 De
1068 3015 1455 3080 mortalitate
1496 3062 2684 3080 ............
2783 3065 2800 3081 .
2899 3018 3024 3085 29ῑ

799 3124 893 3190 IX
935 3126 1039 3191 Ad
1066 3124 1477 3192 Fortunatum
1510 3127 1629 3206 (De
1658 3127 2078 3192 exhortatione
2109 3126 2418 3210 martyrii)
2452 3175 2467 3190 .
2557 3175 2576 3192 .
2673 3178 2688 3193 .
2793 3179 2810 3194 .
2909 3133 3032 3197 317

834 3236 897 3301 X
939 3236 1041 3302 Ad
1072 3238 1541 3304 Demetrianum
1601 3285 2685 3303 ...........
2795 3266 2810 3281 ·
2913 3244 3034 3310 351

798 3348 893 3413 XI
932 3349 1024 3415 De
1053 3366 1230 3431 opere
1261 3352 1323 3416 et
1354 3351 1755 3435 eleemosynis
1810 3396 2358 3416 ......
2363 3422 2374 3441 ,
2453 3400 2466 3413 .
2564 3397 2578 3412 .
2673 3398 2690 3415 .
2793 3403 2807 3415 .
2909 3356 3034 3420 373
3162 3370 3163 3445 ξ

758 3461 887 3526 XII
931 3463 1024 3528 De
1056 3463 1219 3529 bono
1248 3463 1590 3547 patientiae
1702 3509 2793 3528 ...........
2897 3466 3024 3531 397
3162 3450 3163 3479 ³

734 3572 894 3638 XIII
940 3575 1033 3640 De
1062 3576 1191 3640 zelo
1222 3576 1285 3640 et
1313 3575 1511 3640 liuore
1592 3622 2680 3645 ............
2785 3624 2802 3641 .
2901 3577 3029 3641 419

731 3686 885 3753 XIV
929 3686 1286 3754 Sententiae
1316 3688 1739 3769 episcoporum
1772 3686 1847 3752 de
1875 3685 2203 3751 haereticis
2233 3684 2621 3767 baptizandis
2661 3736 2676 3749 .
2779 3738 2793 3751 .
2897 3689 3030 3754 435

934 4004 1107 4073 Fasc.
1154 4006 1222 4071 H
1615 4003 2113 4071 EPISTVLAE:

772 4146 807 4211 1
856 4143 1191 4231 Cyprianus
1231 4144 1608 4229 presbyteris
1647 4192 1702 4211 ..
1729 4191 1746 4209 .
1781 4144 2008 4209 Furnis
2049 4140 2564 4209 consistentibus:
2609 4138 2781 4207 Gra-

1017 4259 1179 4325 uiter
1210 4258 1480 4324 conmoti
1512 4259 1609 4323 etc
1615 4302 2670 4321 ...........
2761 4236 2785 4317 ’.
2886 4255 3034 4320 465

768 4372 811 4437 2
856 4370 1198 4457 Cyprianus
1226 4372 1551 4437 Euoratio:
1580 4370 1703 4434 Pro
1736 4368 2065 4435 dilectione
2097 4405 2126 4449 ,·
2123 4414 2676 4431 ......
2774 4415 2789 4430 .
2889 4366 3032 4432 467

770 4485 811 4549 3
856 4484 1199 4568 Cyprianus
1229 4483 1608 4567 Rogatiano:
1642 4480 1935 4548 Grauiter
1965 4481 2028 4547 et
2057 4480 2336 4546 dolenter
2437 4526 2452 4541 .
2542 4524 2560 4542 .
2659 4528 2674 4543 .
2773 4530 2789 4542 .
2883 4479 3027 4543 469
