3217 5150
651 503 774 567 160
1589 498 1961 568 Appendix.

645 656 932 731 prauitate
961 674 1190 717 sensum
1219 674 1334 717 non
1361 658 1666 731 maculare,
1697 657 1993 720 catholicis
2024 674 2125 732 per
2154 655 2343 717 omnia
2370 651 2692 715 consentire
2708 696 2723 725 ,
2778 650 2899 709 Deo

647 760 757 821 soli
781 760 1108 834 adhaerere,
1141 759 1464 821 castitatem
1482 762 1746 822 vinternae
1766 761 1976 821 mentis
2004 760 2241 820 Domino
2265 758 2399 819 Iesu
2420 756 2649 816 Christo
2671 754 2897 824 offerre,

649 862 837 924 omnia
854 865 1054 939 coepta
1064 864 1213 923 bona
1223 881 1392 938 opera
1401 865 1601 925 mortis
1613 867 1837 925 tantum
1848 864 2088 923 termino
2102 861 2286 935 finire,
2308 862 2639 935 praesentes
2649 855 2896 916 tribula.-

647 967 832 1027 tiones
862 966 1038 1027 animi
1066 967 1413 1029 fortidudine
1441 970 1873 1043 paruipendere,
1905 968 1967 1027 in
1994 970 2150 1028 terra
2178 968 2403 1041 praeter
2431 962 2717 1038 proximos
2746 956 2899 1017 nihil

647 1086 856 1143 amare,
887 1070 1078 1131 cuncti
1103 1064 1311 1131 amoris
1339 1072 1402 1131 in
1431 1070 1587 1131 caelo
1616 1072 1955 1131 thesaurum
1983 1069 2327 1131 constituere
2356 1068 2417 1127 et
2443 1083 2544 1140 pro
2564 1064 2731 1125 ‘omni
2752 1062 2899 1121 bono
2924 1083 2951 1123 s

645 1175 778 1231 actu
829 1174 1138 1257 mercedem
1183 1174 1245 1232 in
1275 1172 1620 1235 caelestibus
1670 1192 1707 1235 a
1734 1172 1853 1235 Deo
1880 1189 2127 1249 sperare.
2178 1169 2459 1247 pudicitia
2506 1166 2904 1228 ornamentum

645 1275 922 1337 nobilium
951 1279 1076 1351 est,
1137 1276 1414 1339 exaltatio
1457 1278 1757 1337 humilium
1772 1323 1789 1351 ,
1832 1276 2108 1338 nobilitas
2164 1274 2501 1351 ignobilium
2518 1317 2533 1347 ,
2576 1268 2911 1346 pulcritudo

645 1378 868 1453 uilium,
927 1379 1277 1455 prosperitas
1329 1380 1731 1455 laborantium,
1790 1380 2043 1441 solamen
2082 1378 2475 1449 maerentium,
2528 1372 2907 1448 augmentum

645 1484 826 1543 omnis
856 1483 1258 1557 pulcritudinis
1273 1528 1290 1555 ‚
1343 1484 1514 1543 decus
1565 1482 1890 1559 religionis,
1944 1482 2201 1543 defensio
2230 1481 2535 1543 criminum
2550 1523 2565 1552 ,
2616 1472 2907 1548 multipli-

644 1586 794 1647 catio
823 1586 1152 1647 meritorum
1167 1631 1182 1661 ,
1231 1588 1504 1650 creatoris
1535 1588 1783 1649 omnium
1813 1588 1919 1646 Dei
1940 1585 2213 1647 amicitia.
2930 1595 2989 1633 1⁰

1286 1774 1586 1835 DOMINV
1589 1776 1627 1834 S
1686 1774 1859 1835 SINE
1908 1773 2252 1836 VIRTVTE.

583 1938 620 1996 6
741 1926 946 1986 Sextus
988 1928 1280 1988 abusionis
1309 1924 1526 2003 gradus
1555 1931 1647 1989 est
1676 1928 1938 1990 dominus
1966 1927 2091 1988 sine
2119 1927 2352 1999 uirtute,
2404 1926 2541 1999 quia
2590 1922 2739 2013 nihil
2770 1934 2911 1993 1)ῐο-

659 2029 781 2089 ficit
826 2031 1148 2090 dominandi
1177 2032 1388 2091 habere
1439 2034 1783 2107 potestatem
1798 2075 1813 2104 ,
1874 2030 1925 2090 si
1954 2030 2213 2091 dominus
2264 2031 2387 2103 ipse
2438 2043 2559 2087 non
2608 2026 2826 2086 habeat
2854 2024 2917 2081 et

641 2133 878 2193 uirtutis
905 2134 1170 2208 rigorem.
1203 2136 1306 2195 sed
1335 2134 1433 2196 hic
1463 2134 1700 2195 uirtutis
1729 2136 1887 2208 rigor
1914 2150 2025 2193 non
2070 2136 2189 2193 tam
2217 2132 2499 2192 exercitus
2538 2127 2904 2199 fortitudine,

642 2252 787 2310 quae
816 2240 875 2296 et
902 2238 1030 2309 ipsa
1059 2238 1452 2299 saecularibus
1485 2238 1729 2299 dominis
1760 2238 2083 2297 necessaria
2110 2240 2228 2309 est,
2262 2235 2486 2308 indiget
2514 2249 2688 2308 quam
2716 2228 2901 2290 animi
2928 2248 2983 2288 ιι

643 2337 968 2400 interiorem
992 2341 1383 2401 fortitudinem
1397 2358 1499 2415 per
1519 2334 1695 2402 bonos
1708 2358 1894 2401 mores
1906 2356 2167 2401 exercere
2188 2334 2379 2399 debet.
2414 2353 2585 2410 saepe
2616 2335 2773 2396 enim
2800 2334 2907 2393 do-

643 2442 899 2503 minandi
927 2444 1112 2503 uirtus
1131 2460 1232 2519 per
1250 2443 1426 2503 animi
1457 2444 1880 2519 neglegentiam
1894 2444 2168 2517 perditur,
2202 2443 2351 2502 sicut
2366 2443 2428 2501 in
2442 2441 2581 2501 Heli
2610 2439 2913 2500 sacerdote

644 2546 859 2607 factum
890 2546 1070 2608 fuisse
1100 2548 1520 2622 comprobatur.
1569 2547 1668 2622 qui
1698 2547 1833 2606 dum
1854 2563 1956 2620 per
1984 2546 2350 2608 seueritatem
2376 2544 2575 2605 iudicii
2604 2544 2914 2620 peccantes

641 2650 793 2710 filios
823 2669 938 2712 non
967 2651 1215 2711 coercuit
1229 2696 1244 2724 ,
1303 2667 1498 2712 eorum
1526 2651 1813 2712 uindictae
1852 2651 2127 2710 Dominus
2166 2650 2329 2710 uelut
2368 2647 2751 2709 consentienti
2794 2663 2912 2704 non

645 2754 916 2828 pepercit.
961 2753 1078 2812 tria
1105 2769 1244 2827 ergo
1276 2754 1600 2814 necessaria
1626 2771 1723 2814 eos
1753 2752 1853 2828 qui
1880 2753 2240 2813 dominantur
2257 2753 2472 2812 habere
2500 2753 2750 2826 oportet,
2782 2752 2906 2809 ter·
2928 2768 2985 2807 ω

643 2872 828 2916 rorem
851 2855 1074 2916 scilicet
1101 2859 1161 2916 et
1191 2856 1604 2916 ordinationem
1634 2859 1695 2916 et
1720 2871 1987 2915 amorem.
2046 2857 2161 2915 nisi
2203 2856 2356 2916 enim
2376 2857 2602 2915 ametur
2632 2852 2907 2914 dominus

643 2961 702 3017 et
730 2959 1034 3030 metuatur,
1066 2958 1346 3018 ordinatio
1371 2957 1530 3018 illius
1550 2961 1811 3018 constare
1832 2957 2061 3018 minime
2081 2959 2311 3031 poterit.
2342 2975 2447 3032 per
2468 2958 2751 3018 beneficia
2775 2973 2915 3030 ergo

642 3062 702 3120 et
741 3059 1138 3120 affabilitatem
1199 3061 1466 3136 procuret
1504 3062 1570 3119 ut
1622 3059 1915 3134 diligatur,
1974 3064 2034 3119 et
2086 3079 2188 3134 per
2236 3062 2425 3122 iustas
2458 3061 2757 3122 uindictae
2799 3077 2921 3120 non

779 3387 816 3440 2
849 3386 1107 3455 internae]
1147 3388 1393 3440 aeternae
1425 3403 1460 3442 v
1678 3368 1783 3440 ‹iffi›
1850 3386 1963 3441 iesu
2003 3387 2119 3442 GX
2122 3387 2186 3454 V,
2230 3388 2329 3443 deo
2363 3405 2397 3443 v
2676 3389 2713 3442 3
2750 3403 2918 3459 opera

641 3476 786 3530 bona
817 3489 852 3528 v
1033 3473 1268 3542 tantum]
1307 3475 1490 3526 tamen
1528 3473 1578 3525 G
1611 3473 1679 3527 in
1710 3487 1823 3528 ras.
2008 3473 2045 3528 4
2077 3473 2351 3543 negligere
2382 3473 2777 3545 paruipendere
2810 3491 2845 3528 v

641 3549 730 3615 nil'
763 3559 814 3613 G
950 3559 986 3612 5
1019 3558 1331 3612 thesaurum
1365 3559 1424 3612 in
1457 3558 1603 3612 coelo
1637 3573 1685 3623 v,
1724 3573 1854 3626 opus
1888 3558 1947 3612 in
1981 3557 2185 3613 caelum
2218 3559 2290 3613 X
2414 3560 2556 3614 bono
2592 3560 2748 3614 omni
2794 3561 2849 3614 V

641 3648 675 3702 6
711 3662 746 3700 a
779 3645 876 3700 deo
911 3645 970 3698 in
1009 3643 1323 3699 caelestibus
1359 3661 1394 3700 v
1587 3642 1865 3712 pudicitia]
1904 3659 2080 3712 namq.
2116 3643 2247 3698 add.
2288 3645 2337 3699 G
2368 3661 2438 3700 m
2476 3648 2515 3700 2
2704 3646 2742 3700 8
2776 3646 2912 3700 uili-

637 3733 750 3802 um]
787 3729 1048 3785 debilium
1083 3745 1118 3784 v
1321 3729 1355 3782 9
1391 3727 1637 3784 omnibus
1672 3728 2163 3798 pulchritudinibus
2197 3729 2262 3784 X
2454 3731 2525 3784 14
2556 3733 2617 3786 et
2650 3730 2913 3801 uirtutis]
2987 3797 3000 3804 -

639 3815 866 3872 uirtutis
899 3833 934 3872 v
1117 3815 1384 3869 exexcittts
1419 3817 1498 3882 X,
1533 3813 1783 3868 exteriori
1815 3829 1849 3867 v
2028 3813 2377 3873 fortitudine.
2414 3816 2469 3868 G
2658 3817 2731 3872 15
2764 3817 2913 3872 indi-

639 3905 734 3972 get
769 3917 870 3956 om.
905 3918 940 3957 v
1167 3901 1235 3954 16
1271 3898 1519 3954 interiori
1551 3898 1873 3954 fortitudine
1903 3915 1952 3964 v,
1986 3898 2309 3954 fortitudine
2344 3915 2483 3970 quae
2517 3901 2583 3955 X
2814 3919 2914 3972 per

636 3989 802 4043 bonos
837 4001 1008 4040 mores
1041 4001 1142 4041 om.
1179 3979 1234 4052 δ,
1266 4002 1360 4055 per
1394 3983 1560 4040 bonos
1594 3985 1658 4038 X
1816 3985 2041 4038 exerceri
2077 3985 2173 4040 Xv
2344 3987 2412 4041 17
2448 3987 2628 4042 uirtus
2664 4003 2775 4043 om.
2810 4005 2849 4042 υ

635 4071 896 4144 perditur]
933 4070 1192 4126 fortitudo
1228 4071 1356 4126 add.
1392 4087 1427 4125 v
1704 4069 1771 4123 18
1806 4070 1918 4139 qui]
1956 4069 2043 4124 cui
2079 4069 2138 4124 X
2171 4069 2283 4124 sed.
2318 4086 2471 4126 corre
2732 4089 2832 4143 per
2866 4090 2913 4128 s.

636 4158 844 4228 iudicii]
883 4158 1169 4212 seueritate
1203 4155 1398 4212 iudicis
1430 4172 1465 4211 v
1708 4153 1776 4208 19
1812 4154 1870 4208 in
1904 4170 2082 4209 eorum
2116 4171 2151 4210 υ
2397 4156 2648 4212 uindicta
2684 4157 2754 4212 X
2758 4158 2844 4213 Vv

634 4245 761 4314 non]
797 4242 1048 4299 ferociter
1080 4259 1188 4298 non
1223 4260 1258 4298 v
1500 4239 1571 4294 20
1605 4239 1709 4308 eos]
1747 4238 1849 4292 hoe
1896 4239 1976 4294 Vv
2218 4240 2287 4294 21
2322 4240 2573 4296 dominus
2607 4244 2825 4310 pariter
2858 4261 2915 4308 v,

635 4347 737 4386 om.
771 4332 837 4387 in
869 4345 979 4386 rae.
1019 4329 1082 4383 X
1275 4327 1344 4382 22
1379 4325 1551 4394 illius]
1589 4325 1705 4378 eius
1748 4323 1811 4389 V,
1848 4323 1963 4378 illis
1998 4341 2031 4378 v
2224 4328 2404 4394 potest
2437 4345 2472 4383 v
2672 4329 2747 4386 23
2782 4330 2918 4384 effa-

635 4416 908 4472 bilitatem
942 4414 1030 4470 X¹
1620 4421 1627 4432 “
