3217 5150
778 527 868 581 De
903 526 1244 581 duodecim
1282 526 1590 581 abusiuis
1626 526 1881 580 saeculi
1925 542 1969 580 c.
2004 527 2158 579 8-9.
2467 529 2587 593 167

337 686 724 762 principes
779 703 978 746 mane
1023 688 1422 747 comedunt.
1467 687 1610 747 haec
1659 686 1826 760 regni
1864 686 2301 760 prosperitatem
2338 685 2401 744 in
2428 700 2629 770 1113οε

338 792 493 853 senti
520 790 743 849 faciunt
771 792 832 849 et
859 805 1054 863 regem
1081 790 1154 849 ad
1183 789 1454 849 caelestia
1481 805 1661 863 regna
1688 788 1922 849 meliora
1950 788 2283 862 perducunt.
2326 788 2427 863 qui
2454 802 2590 845 uero

333 910 579 969 regnum
610 894 920 953 secundum
941 894 1090 953 hanc
1111 893 1296 966 legem
1321 909 1434 952 non
1464 892 1778 967 dispensat,
1802 892 2013 951 multas
2034 891 2303 951 nimirum
2334 890 2587 951 aduersi-

329 999 486 1057 tates
536 996 760 1071 imperii
787 996 1018 1056 tolerat.
1062 995 1273 1055 idcirco
1301 996 1451 1056 enim
1479 1012 1651 1069 saepe
1680 1012 1792 1070 pax
1821 995 2156 1070 populorum
2202 994 2487 1069 rumpitur
2528 994 2589 1051 et

287 1124 311 1161 s
331 1098 676 1159 offendicula
697 1098 870 1158 etiam
893 1099 964 1157 de
986 1114 1165 1172 regno
1196 1098 1564 1169 suscitantur,
1603 1100 1887 1157 terrarum
1915 1112 2137 1172 quoque
2165 1096 2387 1157 fructus
2416 1094 2588 1154 dimi-

327 1202 584 1261 nuuntur
623 1204 682 1260 et
735 1200 972 1261 seruitia
1011 1200 1347 1276 populorum
1390 1200 1835 1274 praepediuntur
1856 1244 1871 1273 ,
1924 1199 2091 1259 multi
2142 1200 2318 1259 etiam
2360 1199 2588 1259 dolores

327 1304 769 1378 prosperitatem
797 1302 962 1377 103111
989 1301 1251 1363 inficiunt
1265 1349 1280 1376 ,
1327 1320 1588 1363 carorum
1619 1304 1679 1364 et
1707 1302 2013 1363 liberorum
2044 1304 2255 1362 mortes
2284 1300 2587 1360 tristitiam

328 1400 648 1479 conferunt,
691 1407 942 1467 hostium
985 1408 1250 1467 incursus
1289 1406 1616 1481 prouincias
1662 1405 1907 1479 undique
1935 1407 2191 1479 uastant,
2242 1404 2461 1464 bestiae
2490 1420 2585 1462 ar·

325 1512 648 1570 mentorum
677 1512 736 1570 et
763 1526 1029 1585 pecorum
1056 1526 1263 1584 greges
1293 1508 1645 1581 dilacerant,
1690 1511 2061 1585 tempestates
2104 1508 2259 1567 ueris
2288 1509 2347 1567 et
2374 1506 2583 1565 hiemis

255 1636 308 1674 10
327 1618 610 1676 terrarum
664 1613 1070 1673 fecunditatem
1121 1614 1181 1671 et
1207 1612 1382 1673 maris
1431 1611 1752 1672 ministeria
1780 1611 2113 1687 prohibent,
2172 1613 2231 1671 et
2278 1608 2582 1684 aliquando

324 1714 630 1776 fulminum
657 1716 807 1776 ictus
851 1718 1079 1807 segetes
1108 1718 1168 1776 et
1194 1716 1461 1775 arborum
1487 1716 1657 1775 flores
1686 1718 1747 1774 et
1772 1714 2072 1790 pampinos
2101 1714 2363 1774 exurunt.
2410 1726 2583 1784 super

324 1819 520 1879 omnia
548 1835 682 1879 uero
713 1819 867 1893 regis
895 1817 1184 1878 iniustitia
1206 1836 1319 1879 non
1347 1817 1532 1879 solum
1553 1817 1918 1893 praesentis
1900 1816 2131 1892 imperii
2160 1816 2365 1877 faciem
2392 1814 2586 1876 fuscat

323 1922 428 1981 sed
457 1923 632 1982 etiam
661 1922 808 1982 filios
838 1938 971 1981 suos
1000 1925 1059 1982 01
1086 1926 1356 1997 nepotes,
1387 1939 1458 1982 ne
1479 1924 1613 1996 post
1641 1939 1703 1982 se
1730 1922 1894 1996 10301
1922 1921 2299 1982 hereditatem
2327 1920 2583 1988 teneant,

323 2025 610 2085 obscurat.
655 2027 890 2099 propter
915 2026 1202 2100 piaculum
1231 2024 1384 2085 enim
1412 2025 1729 2085 Salomonis
1758 2042 1997 2100 regnum
2026 2026 2225 2085 domus
2253 2024 2437 2083 Israel
2464 2023 2583 2083 Do·

247 2154 300 2193 15
323 2128 513 2188 minus
541 2129 612 2187 de
640 2128 904 2188 manibus
947 2128 1192 2188 filiorum
1231 2129 1355 2189 eius
1399 2128 1691 2202 dispersit.
1725 2130 1785 2189 et
1811 2132 2046 2203 propter
2073 2127 2359 2187 iustitiam
2386 2126 2576 2187 Dauid

320 2232 478 2305 regis
527 2230 819 2291 lucernam
869 2232 940 2290 de
991 2231 1205 2290 semine
1225 2229 1361 2291 ‘eius
1411 2248 1631 2305 semper
1661 2230 1722 2290 in
1750 2230 2112 2291 Hierusalem
2152 2230 2403 2305 reliquit.
2446 2246 2579 2292 0000

325 2340 601 2412 quantum
642 2335 865 2395 iustitia
889 2336 1050 2410 regis
1079 2335 1306 2396 saeculo
1356 2336 1550 2395 ualeat
1563 2381 1580 2409 ,
1634 2335 1990 2397 intuentibus
2040 2334 2341 2410 perspicue
2390 2322 2577 2410 patet.

322 2456 434 2513 pax
463 2438 798 2513 populorum
827 2442 918 2499 est
932 2483 947 2509 ‚
977 2440 1362 2498 tutamentum
1388 2438 1608 2512 patriae
1626 2484 1641 2511 ,
1672 2436 1985 2497 inmunitas
2012 2438 2199 2511 plebis
2213 2484 2228 2511 ,
2259 2440 2577 2499 munimen-

319 2546 443 2602 tum
502 2542 693 2618 gentis
708 2588 723 2616 ,
767 2558 904 2602 cura
939 2541 1276 2617 languorum
1294 2587 1309 2614 ,
1368 2539 1641 2617 gaudium
1669 2540 1960 2602 hominum
1973 2586 1989 2615 ,
2048 2526 2354 2616 temperies
2406 2545 2575 2621 aeris,

237 2665 296 2704 20
328 2646 607 2706 serenitas
651 2647 826 2705 maris
849 2692 864 2718 ‚
915 2649 1104 2706 terrae
1152 2645 1472 2705 fecunditas
1491 2690 1506 2717 ,
1573 2643 1847 2733 solacium
1894 2661 2201 2720 pauperum
2219 2692 2234 2720 ,
2287 2648 2576 2709 hereditas

319 2749 567 2810 filiorum
595 2751 654 2808 et
687 2750 916 2809 sibimet
950 2749 1064 2824 ipsi
1095 2765 1227 2824 spes
1256 2749 1482 2808 futurae
1502 2748 1898 2808 beatitudinis.
1941 2751 2195 2809 attamen
2236 2751 2382 2811 sciat
2426 2757 2575 2828 quod

317 2851 470 2913 sicut
497 2853 701 2912 throno
730 2853 1022 2913 hominum
1042 2852 1261 2927 primus
1297 2851 1643 2912 constitutus
1672 2854 1792 2924 est,
1824 2851 1907 2912 sic
1936 2855 1994 2912 et
2023 2853 2083 2911 in
2110 2853 2330 2928 poenis,
2400 2857 2453 2916 si
2483 2858 2575 2916 iu-

306 2955 526 3015 stitiam
575 2973 691 3016 non
730 2955 932 3016 fecerit
945 3003 960 3029 ,
1020 2935 1328 3030 primatum
1376 2955 1680 3015 habiturus
1728 2957 1835 3015 est.
1880 2972 2073 3016 omnes
2113 2975 2357 3033 namque
2387 2978 2563 3034 quos-

303 3075 543 3133 cumque
573 3062 897 3133 peccatores
939 3061 1046 3118 sub
1075 3075 1138 3119 00
1167 3058 1228 3117 111
1267 3059 1556 3132 praesenti
1583 3057 1809 3132 habuit,
1856 3068 2030 3133 supra
2058 3077 2119 3119 se
2146 3062 2311 3121 modo
2342 3062 2561 3138 plagali

223 3184 279 3223 25
301 3162 363 3221 in
397 3161 502 3221 illa
531 3177 714 3236 poena
740 3162 995 3223 habebit.

438 3417 470 3470 1
506 3414 679 3485 103111]
717 3415 922 3485 regiam
966 3415 1018 3470 V
1183 3416 1220 3470 2
1253 3415 1552 3484 perducunt
1583 3415 1809 3471 meliora
1851 3416 1905 3471 V
2072 3418 2107 3472 3
2140 3435 2365 3489 regnum
2400 3436 2557 3475 suum

298 3500 428 3556 aaa.
474 3499 525 3554 G
556 3517 624 3554 m.
662 3503 716 3566 2,
749 3517 849 3555 om.
897 3501 952 3554 V
1187 3517 1292 3555 non
1327 3517 1370 3554 s.
1407 3501 1464 3555 h.
1498 3501 1674 3571 legem
1708 3519 1743 3558 v
1994 3504 2252 3558 nimirum
2288 3521 2391 3560 om.
2428 3507 2489 3560 X

295 3587 332 3640 4
368 3587 583 3655 imperii
617 3586 964 3642 aduersitatis
999 3587 1064 3642 X
1331 3587 1590 3642 tolerabit
1633 3588 1714 3644 Vv
1987 3589 2183 3645 ideirco
2218 3607 2359 3646 corr.
2394 3609 2461 3646 m
2504 3593 2563 3646 in

291 3672 434 3727 circo
478 3672 530 3728 G
730 3688 833 3742 pax
866 3687 1024 3742 saepe
1056 3690 1090 3728 v
1296 3674 1332 3728 5
1365 3672 1751 3728 deminuuntur
1791 3673 1846 3730 V
2044 3675 2079 3729 6
2113 3676 2387 3730 0010111110
2422 3677 2483 3730 X

293 3760 460 3812 etiam
503 3757 653 3825 0¹1⁷,
689 3759 746 3812 et
778 3759 916 3812 uarii
959 3757 1099 3813 (ΡΧ
1268 3759 1302 3812 9
1336 3761 1685 3828 tempestates
1714 3775 1769 3814 u.
1806 3776 1851 3814 0.
1888 3760 1947 3817 11.
1981 3763 2247 3815 terrarum
2282 3777 2384 3818 om.
2420 3763 2482 3816 X

289 3844 433 3898 ueris
467 3844 544 3914 et]
591 3843 643 3899 G
675 3843 806 3898 adn.
844 3845 907 3898 ὑπ
941 3860 1107 3915 πεπρ.
1141 3839 1211 3900 in.
1247 3847 1316 3900 2:
1366 3843 1527 3898 aliter
1570 3845 1713 3900 aeris
1746 3847 1803 3900 01
1837 3845 2033 3900 hiemis
2082 3847 2231 3915 peria
2264 3846 2489 3902 turbata

290 3929 362 3984 10
393 3928 796 4000 fecunditatem]
832 3932 975 3985 terre
1008 3929 1136 3984 add.
1173 3929 1236 3984 X
1266 3947 1310 3986 s.
1351 3930 1386 3985 l.
1409 3947 1478 3986 m.
1503 3933 1545 3985 2
1752 3933 1821 3986 12
1854 3932 1915 3986 111
1948 3932 2167 3986 iustitia
2200 3948 2271 3988 ee:
2304 3933 2525 3988 iustitia

296 4014 350 4069 G
381 4031 453 4070 m.
488 4019 524 4070 2
726 4015 1023 4086 praesentis
1057 4031 1159 4071 om.
1193 4016 1258 4071 X
1469 4017 1691 4073 fuscant
1733 4017 1800 4085 G,
1834 4017 2083 4072 obfuscat
2115 4035 2150 4074 v
2360 4019 2428 4074 13
2463 4036 2530 4074 ne
2558 4022 2575 4090 J

285 4103 344 4154 et
377 4117 442 4156 ne
488 4100 542 4154 V
765 4102 834 4155 14
866 4100 1155 4157 obscurant
1193 4103 1268 4156 6²
1521 4103 1590 4158 15
1624 4105 1739 4158 eius
1774 4120 1845 4159 ex
1877 4105 1956 4159 eis
2002 4103 2055 4160 G
2088 4121 2161 4160 m.
2197 4107 2241 4160 2
2482 4105 2567 4160 di-

283 4187 553 4256 sperserat
595 4187 649 4242 V
851 4188 918 4242 16
952 4203 1160 4259 semper
1195 4203 1296 4244 om.
1333 4187 1397 4242 X
1610 4189 1677 4244 17
1714 4189 1863 4244 ualet
1905 4189 1958 4245 V
2182 4190 2252 4245 18
2286 4195 2371 4247 est
2406 4193 2555 4248 enim

285 4285 390 4341 pax
425 4271 746 4341 populorum
792 4274 1042 4328 tutamen
1076 4289 1110 4329 v
1449 4275 1911 4330 munitamentum
1946 4291 2019 4331 ex
2054 4276 2393 4332 munitatum
2437 4278 2489 4333 V

285 4357 360 4412 20
391 4361 602 4411 terrena
635 4357 699 4411 X
932 4357 1000 4412 21
1035 4357 1259 4414 0111111101
1301 4359 1435 4430 ipsis
1478 4360 1533 4417 V
1755 4361 1895 4416 sciat
1927 4377 2019 4416 rex
2057 4380 2092 4419 v
2356 4363 2426 4418 23
2460 4365 2570 4432 pri-

287 4446 468 4497 matus
513 4443 566 4498 G
593 4503 596 4508 ,
739 4444 810 4499 24
843 4460 998 4514 snper
1034 4445 1096 4499 X
1263 4445 1471 4516 plagali
1501 4445 1625 4514 GV,
1660 4447 1958 4503 miserabili
1982 4449 2057 4515 X,
2096 4448 2433 4518 implacabili
2459 4465 2491 4503 0

283 4529 355 4584 25
389 4545 556 4598 poena
598 4529 660 4595 V,
697 4528 882 4585 futura
915 4546 1084 4600 poena
1128 4530 1254 4596 GX,
1288 4547 1340 4601 p.
1376 4531 1564 4588 futura
1597 4552 1631 4590 υ
