3217 5150
987 512 1076 567 De'
1109 512 1377 582 duplici
1411 511 1741 581 martyrio
1776 529 1819 566 c.
1860 512 2077 567 14—17.
2525 512 2645 601 231

398 675 664 749 gentium
694 674 908 733 doctor.
967 674 1073 733 hoc
1115 674 1174 731 et
1203 673 1274 731 ad
1307 675 1586 746 martyres
1616 675 1769 731 recte
1798 671 2344 731 accommodabitur:
2397 670 2519 729 uita
2560 668 2654 727 in-

398 778 568 837 firma
598 780 656 836 et
689 778 974 837 contemta
989 821 1003 849 ,
1057 792 1210 851 mors
1240 775 1439 849 grauis
1467 793 1535 834 ac
1564 778 1789 848 potens:
1831 776 1946 833 iam
1994 792 2110 834 non
2159 777 2251 833 est
2274 792 2379 848 par
2405 774 2651 834 omnium

395 884 716 956 martyrum
737 880 798 938 in
829 880 1130 939 tormentis
1159 878 1446 950 alacritas,
1477 879 1948 953 quemadmodum
1976 894 2082 936 nec
2112 893 2306 937 omnes
2332 879 2527 937 eodem
2550 894 2649 951 ge·
2688 868 2701 881 ’

397 998 536 1043 nere
567 984 768 1043 mortis
799 982 1200 1057 defunguntur.
1232 985 1354 1043 tres
1383 982 1472 1041 illi
1501 982 1657 1042 beati
1684 982 1847 1057 pueri
1876 982 1937 1041 in
1965 981 2171 1042 mediis
2202 981 2444 1041 flammis
2486 981 2649 1039 inue-

343 1102 374 1140 5
399 1104 538 1148 nere
568 1086 936 1160 refrigerium
966 1089 1025 1146 et
1055 1085 1203 1161 septi
1231 1086 1470 1147 innocuo
1501 1086 1777 1145 elemento
1808 1083 1967 1145 uelut
1997 1083 2058 1142 in
2088 1082 2342 1143 conclaui
2371 1084 2652 1143 canebant

393 1192 669 1266 hymnum
699 1189 956 1249 Domino.
998 1189 1202 1248 Daniel
1232 1189 1371 1250 item
1401 1189 1547 1249 citra
1577 1206 1781 1249 noxam
1812 1188 2039 1247 leonum
2068 1186 2335 1247 sodalitio
2377 1190 2465 1246 est
2492 1204 2647 1247 usus.

391 1294 598 1353 beatus
625 1293 907 1366 Andreas,
953 1295 1020 1351 ut
1046 1294 1223 1353 habet
1251 1294 1498 1353 humana
1525 1292 1753 1367 quidem
1784 1292 2045 1364 historia,
2078 1292 2177 1350 sed
2207 1289 2353 1349 satis
2379 1290 2649 1364 probatae

395 1395 544 1469 fidei,
581 1396 838 1469 gaudens
867 1395 1090 1470 sibique
1120 1395 1419 1470 gratulans
1449 1396 1574 1455 ibat
1601 1396 1675 1455 ad
1706 1411 1947 1455 crucem.
1981 1393 2081 1453 alii
2110 1392 2353 1453 diutinis
2382 1410 2447 1451 ac
2468 1392 2647 1451 uariis

390 1498 738 1559 cruciatibus
769 1498 1011 1558 subinde
1041 1499 1358 1559 moriuntur
1386 1515 1490 1558 nec
1519 1502 1710 1558 tamen
1740 1500 1923 1557 morte
1952 1478 2123 1557 datur
2166 1496 2329 1555 finire
2374 1496 2641 1557 dolorem.

311 1617 374 1655 ιο
395 1605 486 1661 est
513 1601 698 1677 igitur
727 1604 786 1661 et
813 1602 960 1663 illud
989 1603 1112 1662 ueri
1155 1603 1424 1678 martyris
1454 1604 1562 1662 hoc
1611 1616 1835 1677 quoque
1864 1604 2048 1661 totum
2081 1600 2321 1660 arbitrio
2352 1599 2457 1659 Dei
2487 1616 2643 1659 com-

390 1706 638 1765 mittere.
685 1706 846 1765 nouit
874 1705 975 1766 ille
1006 1706 1143 1781 quid
1172 1705 1438 1781 expediat
1465 1706 1632 1765 nobis
1680 1708 1740 1765 et
1770 1705 1905 1779 quid
1934 1706 2009 1764 ad
2039 1704 2223 1779 ipsius
2253 1704 2492 1777 gloriam
2523 1720 2647 1762 ma·-

391 1808 540 1868 1ime
571 1808 926 1868 conducibile
957 1809 1053 1870 sit.
1100 1812 1326 1869 tantum
1355 1809 1500 1868 illud
1529 1808 1758 1869 assidue
1788 1808 2152 1883 cogitandum
2182 1809 2300 1866 est:
2356 1806 2511 1865 siue
2540 1805 2645 1864 ui·
2704 1820 2715 1827 ·

387 1912 630 1971 uimus
687 1911 846 1971 siue
889 1913 1264 1985 morimur,
1333 1912 1620 1974 Domini
1687 1929 1953 1973 sumus.
2014 1930 2145 1981 nec,
2177 1910 2288 1970 sibi
2348 1908 2649 1983 quisquam

388 2014 714 2089 displiceat,
769 2016 820 2073 si
873 2032 1102 2089 corpore
1153 2017 1372 2091 pariter
1402 2021 1462 2077 et
1493 2018 1681 2077 animo
1736 2017 1951 2077 sentiat
1995 2030 2229 2091 grauem
2270 2031 2337 2073 ac
2366 2013 2645 2073 diutinam

303 2134 364 2173 ιε
389 2117 743 2191 molestiam,
803 2122 1028 2179 tantum
1072 2120 1214 2180 fidat
1264 2121 1318 2181 ei
1368 2121 1461 2181 cui
1491 2125 1690 2181 certat.
1751 2121 1819 2180 is
1862 2137 1999 2180 uon
2041 2118 2377 2194 patietur
2421 2134 2643 2191 quem-

384 2239 586 2296 quam
632 2224 917 2283 teutari
963 2241 1186 2298 supra
1249 2225 1321 2283 id
1386 2226 1573 2300 quod
1641 2227 1921 2299 potest,
1981 2225 2105 2285 sed
2149 2222 2381 2283 faciet
2423 2220 2639 2279 etiam

384 2342 534 2385 cum
577 2328 1005 2388 tentatione
1049 2331 1508 2403 prouentum.
1557 2332 1834 2405 quosdam
1864 2330 2075 2388 electos
2103 2326 2391 2387 interdum
2419 2324 2640 2398 patitur

381 2429 442 2487 in
471 2429 774 2489 tormentis
802 2431 1061 2503 deficere,
1091 2435 1157 2491 ut
1186 2436 1502 2506 agnoscant
1523 2433 1978 2493 imbecillitatem
2003 2448 2182 2502 suam,
2214 2430 2385 2503 atque
2409 2427 2633 2487 eosdem

379 2534 512 2608 post
539 2533 880 2594 fortissimos
912 2534 1100 2595 reddit
1127 2536 1189 2595 in
1216 2536 1545 2596 certamine.
1577 2536 1685 2596 hac
1715 2534 2139 2610 dispensatione
2168 2533 2373 2592 Petrus
2404 2534 2493 2590 ter
2521 2530 2625 2589 ab·

299 2655 364 2695 2⁰
381 2639 618 2712 negauit
647 2638 990 2711 Dominum,·
1021 2643 1088 2698 ut
1117 2640 1351 2700 edoctus
1381 2657 1551 2714 quam
1603 2640 1752 2699 nihil
1780 2642 1977 2714 posset
2026 2639 2147 2697 suis
2178 2636 2399 2696 uiribus
2428 2632 2629 2693 confir·

378 2742 562 2799 maret
593 2740 802 2800 fratres
832 2759 982 2802 suos.
1035 2744 1310 2817 quomodo
1342 2745 1532 2803 autem
1561 2743 1962 2802 confirmaret?
2016 2743 2081 2800 ut
2111 2740 2223 2800 sibi
2253 2737 2430 2798 diffisi
2481 2737 2625 2794 fidu-

379 2843 528 2902 ciam
557 2861 778 2904 omnem
804 2843 1148 2906 collocarent
1177 2846 1238 2904 in
1261 2845 1518 2906 Domino.
2300 2861 2304 2868 ·

470 2947 579 3006 Sed
608 2948 722 3006 iam
751 2949 978 3022 tempus
1010 2954 1098 3009 est
1113 2995 1128 3021 ,
1159 2953 1227 3008 ut
1256 2950 1326 3008 de
1356 2949 1538 3010 altero
1582 2951 1845 3026 martyrii
1873 2966 2077 3025 genere
2106 2950 2453 3010 disseramus
2492 2944 2673 3006 cari-1
2688 2948 2722 3003 7

385 3051 496 3110 tati
525 3055 678 3123 tuae,
712 3052 782 3112 de
806 3069 918 3126 quo
943 3053 1116 3112 etiam
1147 3054 1468 3113 accuratius
1497 3058 1586 3114 est
1617 3055 2040 3128 disputandum,
2072 3053 2221 3127 quod
2249 3051 2531 3112 occultum
2563 3049 2640 3111 sit

305 3167 366 3209 2⁵
385 3155 448 3214 et
467 3155 717 3214 omnium
745 3157 1063 3230 temporum
1084 3173 1405 3218 commune:
1437 3174 1623 3231 neque
1653 3159 1805 3220 enim
1830 3175 2051 3232 semper
2071 3156 2336 3216 saeuiunt
2357 3155 2635 3228 Nerones,

379 3255 744 3332 Diocletiani,
775 3257 935 3319 Decii
957 3275 1024 3318 ac
1045 3259 1371 3320 Maximini:
1405 3279 1715 3336 numquam
1744 3265 1937 3320 tamen
1968 3263 2153 3320 cessat
2181 3259 2440 3320 diabolus
2469 3276 2635 3318 exer·

385 3374 514 3421 cere
545 3361 760 3421 Christi
773 3362 1059 3452 ·militiam
1087 3364 1391 3438 professos.
1447 3367 1507 3424 et
1553 3364 1821 3427 fortassis
1872 3367 2039 3424 erunt
2096 3364 2334 3439 posthac
2386 3364 2631 3422 donante

381 3462 610 3524 Christo
641 3467 918 3540 tempora,
972 3467 1179 3540 quibus
1227 3468 1420 3528 nullae
1472 3473 1841 3543 tyrannorum
1890 3466 2317 3541 persecutiones
2368 3465 2637 3539 affligent

381 3567 710 3628 ecclesiam:
755 3586 1060 3644 numquam
1089 3573 1284 3630 tamen
1313 3571 1580 3632 defutura
1611 3576 1749 3632 sunt
1780 3572 2108 3644 certamina,
2141 3587 2447 3644 numquam
2476 3586 2629 3628 mar-

305 3688 366 3730 so
383 3670 536 3746 tyria
563 3672 772 3746 quibus
803 3673 1058 3734 homiues
1085 3673 1168 3750 pii
1199 3673 1522 3749 glorificent
1551 3675 1754 3736 Deum.
1811 3675 2053 3735 ecclesia
2081 3674 2307 3749 quidem
2338 3673 2523 3734 adhuc
2568 3672 2629 3731 in

379 3775 488 3833 hoc
517 3773 718 3834 exsilio
751 3773 1009 3836 militans
1053 3777 1436 3850 peculiaribus
1466 3778 1697 3852 gaudiis
1726 3777 2025 3853 applaudit
2052 3777 2127 3837 iis
2144 3823 2159 3850 ,
2190 3779 2289 3852 qui
2318 3778 2379 3836 in
2408 3776 2627 3852 profes-

379 3876 538 3936 sione
581 3877 824 3937 nomiuis
855 3879 990 3938 Iesu
1034 3881 1253 3940 animas
1295 3897 1430 3941 suas
1470 3881 1721 3941 fideliter
1764 3883 2165 3957 deposuerunt,
2218 3884 2277 3940 et
2327 3881 2399 3940 ad
2430 3881 2633 3940 horum

378 3980 680 4041 memorias
709 3997 920 4055 magna
946 3998 1076 4041 cum
1105 3983 1404 4045 alacritate
1433 3986 1821 4046 concurritur:
1878 3985 1981 4044 sed
2034 3984 2277 4044 caeleste
2320 3985 2628 4054 theatrum,

377 4083 710 4158 angelorum
739 4085 1026 4161 myriades
1055 4087 1114 4145 et
1141 4087 1420 4148 iustorum
1462 4105 1590 4148 cum
1640 4088 1867 4148 Christo
1910 4087 2274 4161 regnantium
2302 4087 2627 4146 innumera-

305 4207 360 4250 ιι
379 4185 518 4246 bilis
545 4188 789 4262 populus
843 4189 1201 4264 applaudunt
1251 4193 1533 4266 omnibus,
1595 4193 1695 4267 qui
1739 4192 2015 4252 sinceram
2046 4191 2211 4250 fidem
2244 4193 2302 4250 et
2332 4189 2627 4250 caritatem

516 4441 582 4496 12
617 4441 766 4497 Rom.
809 4443 890 4506 14,
926 4445 974 4498 8.
1187 4444 1256 4497 15
1288 4444 1314 4497 I
1353 4443 1467 4498 Cor.
1507 4445 1587 4510 10,
1628 4446 1713 4499 13.
