3217 5150
912 523 1002 576 De
1038 523 1238 578 laude
1271 525 1589 592 martyrii
1636 541 1679 578 c.
1715 525 1869 580 2-5.
2446 532 2547 595 29⁶

262 681 522 756 infringi,
579 682 681 741 sed
734 683 884 755 quod
933 682 1213 742 redundet
1254 684 1328 742 ad
1369 682 1584 758 gloriae
1627 685 1933 759 cumulum,
1988 688 2121 746 dum
2164 686 2527 745 circumstre-

261 786 450 859 pentis
500 786 697 860 populi
737 789 923 844 terror
972 785 1271 859 inpauidos
1325 787 1544 846 animos
1575 788 1677 846 dat
1706 789 1885 848 dolori
1928 791 1987 848 et
2016 789 2187 848 minis
2216 787 2531 848 frendentis

261 887 512 948 inuidiae
565 888 725 948 addit
767 889 840 947 ad
867 888 1122 962 titulum,
1174 891 1321 963 quod
1364 893 1591 949 tantum
1633 891 1744 950 sibi
1782 908 1942 951 mens
1972 894 2191 953 crescat
2219 891 2281 950 in
2310 908 2529 966 pugna,

263 995 544 1065 quantum
585 1009 648 1052 se
677 992 776 1050 ille
806 993 1098 1065 putauerit
1140 993 1388 1065 uincere,
1420 1010 1522 1067 per
1551 1011 1721 1067 quem
1752 994 2017 1054 Christus
2043 994 2328 1055 hominem
2358 993 2535 1054 uolu-

220 1119 242 1153 .·.
264 1094 378 1154 erit
419 1112 706 1155 coronare.
753 1097 890 1154 tunc
933 1112 1067 1169 ergo
1113 1112 1274 1154 omne
1305 1095 1436 1156 fidei
1481 1097 1655 1157 robur
1704 1098 2020 1171 expeditur,
2052 1101 2189 1158 tunc
2217 1097 2537 1158 credulitas

261 1198 664 1272 conprobatur,
721 1215 847 1258 cum
899 1197 960 1257 in
1011 1215 1296 1259 sermones
1347 1198 1512 1272 uulgi
1563 1201 1747 1273 adque
1787 1201 1850 1259 in
1890 1201 2255 1274 opprobrium
2296 1199 2531 1260 ueneris

259 1318 498 1375 cumque
539 1302 598 1360 te
644 1303 844 1360 contra
883 1300 1020 1360 illas
1049 1301 1352 1375 populares
1380 1303 1637 1362 insanias
1667 1303 1940 1378 religiosa
1968 1306 2156 1363 mente
2186 1302 2529 1374 firmaueriS,

258 1404 604 1464 conuincens
634 1403 856 1463 scilicet
886 1422 954 1464 ac
980 1420 1304 1479 repugnans
1334 1405 1604 1481 quicquid
1634 1408 1742 1466 sub
1768 1423 2013 1481 persone.
2038 1408 2141 1466 tua
2171 1407 2233 1465 in
2262 1404 2533 1464 iniuriam

259 1507 478 1568 Christi
519 1508 792 1582 profanus
833 1524 1016 1566 sermo
1058 1506 1394 1568 iactauerit:
1439 1512 1507 1567 ut
1549 1526 1675 1569 cum
1706 1511 1943 1569 aduerso
1974 1508 2120 1568 mari
2147 1509 2326 1568 moles
2356 1525 2531 1583 oppo-

186 1630 240 1669 ιο
260 1611 376 1671 sita
425 1611 760 1683 reluctatur,
797 1610 1006 1670 feriant
1055 1609 1191 1669 licet
1241 1612 1451 1670 fluctus
1493 1614 1551 1671 et
1600 1612 1924 1672 reuolutum
1970 1628 2180 1685 aequor
2219 1609 2533 1670 identidem

255 1714 472 1790 pulset,
523 1717 717 1774 tamen
763 1714 963 1773 haeret
1013 1712 1303 1774 inmobilis
1348 1715 1535 1774 uirtus
1564 1730 1670 1774 nec
1714 1713 1885 1774 undis
1916 1713 2547 1789 circumspumantibus.

257 1818 531 1892 adoperta
571 1817 908 1889 succumbit,
961 1818 1140 1877 donec
1177 1833 1282 1890 per
1323 1817 1583 1890 scopulos
1625 1817 1716 1877 uis
1759 1818 1986 1892 digesta
2027 1835 2089 1876 se
2122 1817 2442 1891 supprimat
2472 1818 2535 1876 et

258 1921 620 1995 superiacens
649 1920 710 1979 in
740 1921 938 1994 aperto
967 1919 1157 1980 litoris
1187 1919 1376 1994 spatia
1403 1921 1581 1980 ictum
1611 1937 1822 1994 aequor
1850 1921 2077 1980 euadat.

346 2024 492 2094 Quid
533 2024 685 2083 enim
725 2026 816 2082 est
859 2025 922 2083 in
961 2024 1082 2084 illis
1122 2043 1292 2100 quam
1332 2041 1515 2084 sermo
1545 2041 1761 2084 uacuus
1791 2026 1851 2084 ct
1880 2024 2047 2084 inane
2078 2023 2437 2098 conloquium
2466 2017 2529 2082 et
2550 2027 2609 2087 5-

182 2149 236 2186 ιε
258 2127 438 2186 animi
466 2127 736 2201 uoluptas
765 2144 945 2201 praua
973 2127 1293 2198 uerborum,
1327 2127 1478 2186 sicut
1507 2126 1785 2200 scriptum
1816 2129 1937 2186 est:
1979 2127 2225 2187 oculos
2254 2126 2529 2186 habent

256 2232 330 2288 et
371 2246 506 2289 non
551 2229 828 2302 uident,
875 2245 1086 2288 aures
1130 2230 1414 2289 habent
1456 2231 1531 2288 et
1573 2246 1709 2289 non
1753 2229 2101 2288 audiunt:
2147 2231 2530 2302 grauatum

256 2335 376 2392 est
441 2351 560 2394 cor
623 2332 990 2407 insipiens
1057 2351 1325 2406 eorum,
1391 2350 1475 2392 ne
1530 2333 1814 2407 quando
1871 2334 2405 2392 conuertantur
2460 2334 2531 2394 et

258 2437 535 2496 saluom
579 2436 711 2496 illo
728 2455 773 2495 S.
818 2453 931 2496 non
961 2437 1112 2496 enim
1144 2437 1376 2496 dubium
1407 2438 1494 2496 est
1523 2435 1665 2510 quin
1693 2436 1802 2495 hoc
1830 2434 2092 2510 omnibus
2124 2434 2349 2514 dixerit,
2384 2453 2527 2509 quo·

257 2558 387 2599 rum
419 2541 562 2600 dura
587 2557 748 2601 mens
778 2555 1006 2619 semper
1034 2542 1092 2601 et
1122 2540 1414 2601 obstinata
1461 2539 1707 2615 pectoris
1736 2539 1940 2600 feritas
1970 2556 2007 2598 a
2035 2539 2334 2600 deuotione
2365 2538 2536 2598 uitali
2605 2565 2607 2568 >

181 2664 240 2704 20
259 2646 465 2719 fugata
495 2644 764 2704 dissentit
794 2642 1034 2705 ducente
1063 2645 1368 2717 dementia,
1399 2644 1590 2704 furore
1620 2643 1897 2718 rapiente,
1944 2642 2097 2702 omni
2126 2643 2369 2718 denique
2400 2643 2535 2702 illos

261 2747 602 2807 inmanitate
641 2750 884 2807 uexante
925 2765 1040 2823 qua
1080 2748 1434 2821 instigantur
1478 2746 1695 2821 pariter
1722 2764 1791 2807 ac
1820 2748 2117 2806 feruntur:
2162 2749 2229 2805 ut
2259 2765 2387 2806 cum
2416 2744 2535 2805 illis

476 2948 546 3003 15
581 2948 669 3001 Ps.
710 2948 831 3012 113,
868 2947 956 3003 14.
995 2946 1062 3001 cf.
1101 2947 1190 3001 Es.
1229 2946 1284 3012 6,
1319 2948 1353 3001 9
1387 2962 1465 3017 sq.

403 3157 434 3209 1
471 3156 658 3225 refrigi
697 3156 744 3227 Q
974 3157 1010 3211 2
1043 3159 1238 3226 terror]
1273 3174 1476 3211 *error*
1513 3158 1586 3224 N,
1624 3172 1771 3209 error
1810 3157 1924 3227 QT,
1963 3155 2127 3210 errori
2164 3157 2219 3210 L
2450 3157 2535 3210 in-

261 3240 492 3312 pauidus
527 3242 692 3313 LQT
937 3243 1149 3296 animus
1183 3244 1246 3297 N
1251 3245 1377 3315 ὨΤ
1626 3242 1822 3296 doloris
1863 3244 1965 3306 QT
2213 3242 2532 3311 frendentis]

263 3328 566 3395 frequentis
609 3328 714 3398 QT
933 3329 970 3385 3
1007 3328 1162 3383 addit
1197 3330 1271 3395 N,
1312 3316 1464 3384 addi.
1500 3331 1578 3394 L,
1620 3315 1756 3383 addi*
1784 3330 1887 3392 QT
1938 3380 1943 3385 ,
2103 3328 2172 3382 ad
2208 3344 2310 3382 om.
2352 3329 2399 3391 o

260 3416 481 3468 tantum
503 3415 578 3479 N,
605 3417 868 3483 quantum
891 3416 1062 3486 LQT,
1091 3434 1191 3472 om.
1217 3435 1252 3473 v
1453 3417 1510 3471 in
1534 3418 1733 3487 pugna]
1762 3416 2028 3485 inpugnat
2058 3418 2109 3471 T
2314 3416 2354 3473 4
2377 3432 2537 3485 quem

261 3516 362 3555 om.
407 3500 512 3571 ΩΤ
713 3502 748 3555 5
786 3517 992 3556 omnem
1031 3505 1077 3565 Q
1279 3503 1439 3557 fidem
1478 3504 1540 3568 Q,
1576 3503 1680 3557 fide
1719 3503 1770 3556 T
1970 3502 2285 3571 expenditur
2318 3502 2412 3557 Nv

262 3585 560 3640 crudelitas
595 3586 662 3641 N
879 3589 911 3641 7
947 3589 1146 3657 contra]
1185 3590 1327 3643 inter
1365 3590 1466 3660 ΩΤ
1684 3589 1720 3643 8
1756 3590 2035 3643 conuinces
2072 3587 2126 3642 L
2342 3588 2402 3641 in
2435 3604 2537 3643 om.

261 3672 403 3735 N¹Q
643 3674 677 3727 9
713 3675 778 3727 ut
809 3690 910 3728 om.
951 3676 997 3745 Q
1235 3676 1392 3745 mari]
1430 3676 1563 3729 mali
1602 3675 1707 3746 ΩΤ
1943 3674 2129 3744 moles]
2168 3674 2313 3729 uoles
2350 3675 2402 3729 T

267 3758 342 3814 10
374 3784 400 3812 ,.
425 3786 454 3812 a
475 3759 607 3814 licet
645 3762 707 3824 Q,
743 3763 800 3814 te
835 3762 966 3816 licet
1001 3762 1075 3817 M
1242 3764 1308 3816 11
1346 3765 1462 3816 eret
1495 3762 1802 3816 immobiles
1842 3763 1947 3824 QT
2124 3761 2192 3813 12
2228 3760 2537 3815 succumbet

262 3845 339 3908 N,
379 3860 434 3899 se
459 3846 757 3901 succumbit
784 3848 831 3911 Q
861 3848 1190 3913 (subcumbit
1214 3850 1304 3917 M)
1489 3849 1596 3918 uis]
1633 3848 1725 3902 uix
1758 3848 1924 3918 LNQ
2105 3846 2351 3916 degestas
2396 3848 2557 3911 Q¹T,.

263 3930 443 3985 deicta
469 3949 536 3986 ex
559 3932 792 3987 deiectas
815 3934 891 3987 Μ
1092 3934 1158 3988 13
1194 3935 1550 4005 superiacens]
1587 3936 1729 3989 saxis
1765 3932 1893 3988 add.
1922 3949 1953 3987 v
2158 3936 2347 4001 aperta
2370 3932 2463 3987 Nv

264 4016 449 4087 spacio
473 4018 544 4072 Μ
567 4020 766 4088 (spatia
793 4020 861 4090 Q)
1067 4021 1235 4075 ictum
1258 4022 1470 4090 scripsi,
1495 4022 1665 4074 istum
1690 4020 1821 4091 LN,
1845 4019 2023 4089 ipsum
2057 4019 2170 4088 ΩΤ,
2205 4019 2411 4073 uictum
2433 4035 2467 4073 υ

267 4104 342 4160 14
378 4105 557 4174 quam]
595 4104 743 4159 aliud
780 4122 942 4175 quam
975 4122 1010 4161 v
1227 4108 1293 4161 15
1329 4108 1513 4177 animi]
1549 4107 1793 4161 inanium
1828 4123 1863 4161 v
2068 4106 2318 4159 uoluntas
2354 4104 2478 4159 LN

268 4190 345 4247 17
383 4194 767 4245 conuersantur
805 4192 858 4247 T
1111 4195 1179 4249 18
1215 4194 1440 4265 saluem]
1479 4210 1663 4247 sanem
1703 4192 1808 4263 Qu,
1848 4194 2037 4247 sanent
2077 4193 2129 4247 T
2382 4191 2541 4260 quin}

264 4277 363 4345 qui
400 4276 458 4330 in
494 4277 744 4348 LN¹QT
934 4277 999 4332 de
1034 4279 1281 4333 omnibus
1316 4298 1350 4335 v
1559 4280 1627 4333 19
1664 4282 1720 4333 et
1754 4294 1853 4333 om.
1895 4278 1999 4349 ΩΤ
2202 4294 2235 4331 a
2268 4292 2370 4332 om.
2408 4277 2476 4331 N

263 4362 342 4419 20
377 4361 606 4417 dissenti
648 4365 700 4419 T
899 4364 1110 4420 furores
1146 4366 1200 4421 L
1404 4367 1471 4421 21
1509 4380 1619 4435 qua
1651 4380 1753 4420 om.
1792 4364 1867 4419 M
1883 4365 2023 4433 (ea-h
2050 4364 2117 4434 Q)
2327 4362 2553 4431 stigan-

261 4453 360 4504 tur
394 4449 636 4515 L²M²N,
670 4450 882 4519 stigant
915 4452 1004 4505 uel
1037 4451 1110 4506 M
1113 4454 1129 4483 ¹
1139 4451 1200 4521 Q,
1233 4452 1484 4523 tigantnr
1527 4453 1579 4507 T
2496 4480 2501 4485 ·
