3217 5150
1069 561 1162 615 De
1197 560 1633 630 Spectaculis
1680 574 1724 614 c.
1762 557 1915 612 5-7.
2584 557 2629 621 9

355 721 418 781 in
445 721 594 781 illud
624 720 860 794 pudoris
889 720 1108 794 publici
1137 720 1520 794 lupanarium,
1565 721 1639 780 ad
1667 718 2069 779 obscoenitatis
2092 717 2509 792 magisterium,
2550 731 2627 774 ne

355 825 496 900 quid
536 826 756 884 secreto
799 822 992 882 minus
1034 824 1244 897 agatur
1281 841 1452 897 quam
1496 825 1646 897 quod
1686 824 1747 882 in
1786 823 2013 896 publico
2056 821 2330 881 discitur:
2376 823 2435 880 et
2476 820 2628 878 inter

357 931 514 1004 ipsas
564 926 723 1002 leges
774 926 1006 986 docetur
1056 927 1327 1000 quicquid
1375 926 1602 1001 legibus
1658 925 2040 985 interdicitur.
2088 923 2228 998 quid
2279 925 2431 982 inter
2480 925 2623 981 haec

359 1031 709 1092 christianus
745 1029 931 1089 fidelis
973 1029 1114 1088 facit
1154 1029 1245 1090 cui
1285 1031 1431 1090 uitia
1469 1047 1584 1090 non
1624 1029 1759 1089 licet
1801 1045 1905 1088 nec
1944 1029 2219 1102 cogitare,
2260 1026 2399 1100 quid
2429 1025 2622 1086 oblec-

354 1239 456 1299 fiat
496 1239 570 1298 ad
616 1237 892 1298 crimina?
937 1238 1107 1298 discit
1146 1241 1206 1298 et
1250 1238 1438 1298 facere
1480 1240 1617 1298 dum
1656 1236 1975 1298 consuescit
2004 1235 2218 1295 uidere.
2264 1233 2398 1292 illas
2426 1235 2621 1292 tamen

356 1360 498 1419 quas
563 1341 877 1402 infelicitas
939 1359 1045 1401 sua
1105 1341 1166 1400 in
1241 1344 1577 1403 seruitutem
1648 1339 1944 1414 prostituit
2012 1337 2276 1398 libidinis
2358 1336 2621 1411 publicae

355 1445 602 1506 occultat
646 1444 805 1504 locus
855 1447 914 1504 et
965 1445 1206 1505 dedecus
1248 1463 1412 1505 suum
1443 1447 1514 1505 de
1544 1444 1783 1505 latebris
1834 1441 2232 1504 consolantur:
2278 1439 2623 1498 erubescunt

353 1548 538 1608 uideri
565 1547 742 1608 etiam
771 1565 912 1621 quae
942 1548 1214 1622 pudorem
1242 1549 1639 1609 uendiderunt.
1686 1551 1749 1607 at
1777 1547 1934 1606 istud
1960 1545 2253 1620 publicum
2304 1544 2623 1602 monstrum

283 1675 339 1715 10
357 1652 616 1712 omnibus
666 1651 992 1711 uidentibus
1045 1652 1266 1726 geritur
1317 1653 1376 1710 et
1425 1652 1862 1726 prostitutarum
1913 1649 2193 1709 transitur
2222 1645 2616 1707 obscoenitas:

354 1756 678 1830 quaesitum
731 1757 822 1814 est
886 1756 1162 1829 quomodo
1226 1756 1568 1815 adulterium
1620 1773 1690 1815 ex
1752 1752 1931 1814 oculis
1990 1753 2405 1812 admitteretur.
2485 1748 2619 1808 huic

353 1858 614 1920 dedecori
665 1858 1006 1932 condignum
1070 1859 1315 1918 dedecus
1367 1857 1785 1931 superducitur,
1854 1857 2021 1916 homo
2087 1854 2305 1914 fractus
2358 1852 2619 1912 omnibus

353 1962 624 2022 membris
675 1965 734 2022 et
784 1961 878 2021 uir
926 1960 1083 2020 ultra
1133 1961 1470 2021 muliebrem
1523 1958 1823 2020 mollitiem
1865 1959 2179 2018 dissolutus
2193 2003 2208 2030 ‚
2264 1957 2356 2016 cui
2398 1973 2493 2015 ars
2533 1955 2621 2015 ‘sit

354 2067 530 2126 uerba
573 2065 832 2124 manibus
874 2064 1168 2138 expedire:
1217 2067 1277 2124 et
1316 2067 1547 2138 propter
1603 2081 1777 2122 unum
1827 2062 2016 2122 nescio
2060 2079 2229 2135 quem
2267 2076 2373 2119 nec
2425 2058 2617 2119 uirum

289 2185 462 2228 mec
501 2167 769 2228 feminam
806 2169 1189 2228 commonetur
1233 2167 1443 2226 ciuitas
1485 2169 1610 2228 tota
1654 2169 1719 2226 ut
1748 2165 2103 2224 desaltentur
2132 2163 2427 2224 fabulosae
2457 2161 2615 2221 anti-

357 2272 640 2346 quitatum
667 2270 956 2331 libidines.
1001 2272 1087 2330 ita
1117 2274 1339 2332 amatur
1369 2270 1642 2345 quicquid
1671 2287 1785 2329 non
1813 2269 1951 2330 licet
1978 2272 2043 2328 ut
2073 2285 2218 2342 quae
2250 2266 2423 2326 etiam
2453 2266 2617 2324 aetas

350 2375 744 2447 absconderat,
775 2373 882 2434 sub
913 2372 1110 2433 oculos
1143 2374 1414 2434 memoria
1443 2375 1696 2433 reducat.

435 2477 569 2538 Non
609 2480 699 2537 est
739 2477 968 2536 libidini
1005 2477 1148 2536 satis
1192 2476 1360 2536 malis
1403 2477 1522 2536 suis
1561 2474 1650 2535 uti
1696 2474 2093 2550 praesentibus
2110 2519 2124 2546 ,
2178 2473 2315 2533 nisi.
2335 2489 2501 2532 suum
2544 2471 2611 2530 de
2637 2478 2676 2536 ”1

351 2580 674 2657 spectaculo
716 2581 932 2640 faciant
959 2580 1021 2637 in
1050 2597 1161 2654 quo
1181 2580 1354 2640 etiam
1385 2582 1542 2640 aetas
1575 2580 1829 2653 superior
1858 2580 2165 2638 errauerat.
2196 2576 2489 2647 nonlicet,
2522 2574 2614 2634 in-

279 2704 340 2745 eo
359 2702 546 2760 quam,
588 2685 788 2743 adesse
818 2684 1148 2743 christianis
1179 2682 1462 2755 fidelibus,
1505 2700 1619 2743 non
1658 2683 1795 2743 licet
1835 2682 2058 2742 omnino
2088 2697 2192 2740 nec
2221 2678 2342 2738 illis
2372 2696 2512 2752 quos
2542 2680 2618 2739 ad

351 2788 722 2849 delinimenta
771 2787 993 2845 aurium
1032 2788 1106 2845 ad
1144 2802 1336 2846 omnes
1387 2785 1596 2861 ubique
1642 2786 1877 2846 Graecia
1924 2786 2236 2844 instructos
2282 2782 2405 2842 suis
2448 2782 2618 2842 uanis

356 2891 576 2952 artibus
620 2890 820 2950 mittit.
869 2891 1170 2965 clangores
1212 2892 1385 2951 tubae
1428 2890 1665 2950 bellicos
1708 2890 1857 2950 alter
1896 2890 2155 2949 imitatur
2194 2904 2415 2957 raucOS,
2468 2886 2617 2945 alter

350 2995 622 3070 lugubres
663 3012 831 3055 sonos
875 2994 1085 3069 spiritu
1125 2993 1327 3053 tibiam
1357 2994 1591 3054 inflante
1631 2994 1973 3065 moderatur,
2002 2992 2149 3051 alter
2179 3008 2305 3051 cum
2326 2988 2527 3050 ‚choris
2559 2990 2619 3048 et

478 3197 520 3271 *1
567 3197 626 3250 in
661 3197 698 3248 i.
735 3211 788 3263 p.
833 3194 1039 3264 publici
1071 3208 1144 3263 νμ
1158 3233 1172 3259 ,
1218 3192 1336 3247 illic
1380 3193 1448 3247 ad
1492 3192 1750 3261 pudorem
1796 3191 2072 3261 publicum
2110 3192 2193 3246 Zv
2464 3191 2619 3258 lupa·

350 3276 542 3337 narum
579 3284 645 3347 Z,
679 3280 952 3350 lupanaris
989 3280 1119 3335 Bal.
1325 3280 1362 3333 2
1397 3278 1540 3348 quod
1575 3295 1676 3334 om.
1715 3279 1768 3333 Z
1991 3278 2027 3332 3
2060 3278 2206 3332 inter
2238 3277 2479 3347 haethic
2502 3278 2557 3331 Z

347 3370 388 3425 4
419 3368 556 3423 facit
588 3367 762 3439 fidelis
798 3367 1142 3434 (christianus
1175 3368 1299 3435 om.)
1324 3366 1378 3419 Z
1579 3366 1693 3435 nec]
1730 3381 1838 3419 non
1865 3366 1921 3418 Z
2118 3364 2154 3418 5
2186 3363 2451 3433 libidinis]
2490 3362 2621 3432 quid

349 3454 612 3524 prospicit
646 3452 894 3507 libidines
930 3453 984 3506 Z
1219 3454 1253 3507 6
1289 3455 1343 3506 et
1377 3468 1476 3507 om.
1511 3468 1584 3521 rp.
1834 3451 1963 3505 illae
1995 3466 2030 3504 v
2283 3450 2313 3503 7
2350 3449 2421 3504 ad
2454 3449 2619 3504 serui·

347 3542 523 3595 tutem
557 3556 637 3605 νυ,
673 3556 770 3595 om.
810 3541 865 3594 Z
1065 3539 1351 3608 prostituit
1384 3556 1474 3607 νμ,
1509 3538 1741 3592 inseruit
1776 3540 1831 3591 et
1864 3536 2161 3605 prostrauit
2196 3538 2280 3591 Ζυ
2484 3535 2618 3591 libi·

349 3627 494 3682 dinis
528 3643 580 3695 p.
618 3641 666 3683 o.
703 3627 851 3680 locus
884 3641 972 3694 νμ,
1007 3625 1260 3681 libidines
1295 3625 1536 3693 publicas
1574 3624 1849 3678 occultant
1882 3622 2043 3677 belua
2088 3623 2177 3676 uel
2201 3624 2283 3677 Ζυ
2322 3622 2437 3677 nisi
2470 3623 2621 3691 quod

351 3714 509 3769 belua
544 3712 633 3766 uel
668 3728 768 3766 om.
792 3728 826 3767 v
1021 3712 1056 3765 8
1089 3711 1313 3765 latebris
1349 3726 1449 3765 om.
1473 3726 1506 3763 r
1712 3710 1780 3763 10
1814 3710 2038 3779 geritur]
2076 3709 2409 3763 concurritur
2432 3710 2484 3763 Z

349 3799 764 3868 prostitutorum
799 3812 832 3851 r
1037 3799 1104 3852 11
1141 3797 1424 3867 quomodo]
1462 3783 1566 3865 qffo
1602 3816 1643 3866 μ
1850 3811 1911 3849 ex
1944 3810 2045 3851 om.
2082 3795 2167 3851 Zv
2372 3794 2439 3849 12
2473 3809 2620 3848 cum-

346 3884 577 3954 dignnm
611 3903 651 3953 μ
874 3882 1076 3937 farctus
1115 3886 1182 3952 μ,ι
1403 3882 1472 3937 13
1505 3883 1781 3937 mulierem
1817 3882 1868 3935 Z
2094 3881 2387 3935 mollitiam
2420 3881 2513 3949 Ζμ

349 3971 1124 4039 arssiteaearsetfam.2
1273 3968 1659 4024 l4etom.Z
1796 3967 2285 4022 16etiamom.Z
2421 3965 2619 4021 flab-

349 4056 563 4111 scondit
587 4057 639 4109 Z
775 4056 956 4110 oculos
991 4055 1208 4124 scripsi,
1246 4055 1442 4109 occulis
1466 4056 1534 4121 Z,
1571 4054 1845 4108 oculorum
1867 4068 1975 4123 νμυ
2129 4053 2441 4107 memoriam
2466 4053 2549 4107 Zv

347 4140 669 4197 reducantur
701 4158 736 4197 v
931 4140 1276 4213 18,libidinis
1311 4156 1384 4211 νμ
1580 4140 1693 4193 suis
1730 4155 1831 4197 om.
1867 4154 1899 4192 r
2094 4139 2267 4208 suum]
2305 4155 2461 4193 usum
2498 4140 2552 4193 Z

357 4230 424 4285 19
457 4229 626 4283 faciat
661 4230 744 4283 Ζυ
933 4228 1102 4297 aetas]
1142 4231 1199 4283 et
1232 4245 1266 4283 a
1299 4245 1372 4298 τμ
1561 4225 1926 4296 superioribus
1960 4240 1995 4280 r
2163 4227 2233 4280 21
2268 4226 2620 4281 delinimenta

349 4316 582 4384 aurium]
627 4316 890 4371 elementa
936 4315 1148 4369 aurium
1192 4331 1281 4383 νμ,
1327 4313 1592 4369 liniendas
1640 4329 1792 4367 aures
1837 4313 1903 4376 Z,
1938 4310 2331 4367 oblectamenta
2364 4327 2411 4366 a.
2446 4329 2480 4368 v

347 4401 420 4455 22
452 4400 586 4455 tuba
618 4417 692 4471 m
871 4423 878 4433 ·
909 4401 980 4457 23
1012 4404 1076 4455 ut
1110 4401 1360 4471 lugubres
1394 4401 1448 4454 Z
1664 4399 1805 4454 tibia
1838 4414 1929 4469 m,
1962 4398 2127 4454 tibias
2164 4400 2216 4453 Z
2437 4398 2618 4453 mode—

349 4488 496 4542 retur
532 4489 584 4542 Z
785 4488 962 4542 choris
998 4491 1054 4542 et
1090 4502 1211 4542 cum
1246 4502 1345 4543 om.
1383 4487 1435 4541 Z
