3217 5150
661 523 780 589 186
1597 517 1963 587 Appendix.

652 679 964 752 propter
1017 692 1218 750 quem
1263 676 1610 737 Christus
1652 678 1989 737 mortuus
2030 679 2169 739 est.
2252 680 2313 739 et
2362 678 2601 741 iterum:
2646 680 2913 741 bonum

651 783 774 843 est
811 797 948 841 non
993 782 1428 841 manducare
1473 796 1763 841 carnem
1802 796 2033 853 neque
2090 780 2351 843 bibere
2392 782 2641 843 uinum
2678 798 2913 858 neque

651 886 726 945 in
768 900 908 958 quo
951 885 1190 945 frater
1229 886 1408 944 tuus
1461 882 1797 945 offendit
1850 886 1979 944 aut
2018 882 2587 946 scandalizatur
2638 888 2763 947 aut
2802 886 2910 947 in-

650 989 1022 1049 firmatur.
1067 992 1130 1049 et
1153 986 1268 1047 alio
1295 986 1439 1059 loco,
1467 988 1635 1059 hoc,
1668 986 1891 1061 inquit,
1919 985 2251 1047 iudicate
2278 986 2553 1064 magis,
2580 1006 2665 1051 ne
2690 1006 2905 1066 pona·

647 1092 752 1153 tis
793 1091 1332 1152 offendiculum
1375 1092 1500 1150 aut
1541 1089 1974 1149 scandalum
2000 1090 2247 1151 fratri.
2277 1094 2341 1152 et
2368 1092 2439 1152 de
2462 1094 2645 1153 semet
2668 1092 2791 1167 ipso
2820 1092 2907 1153 sic
2930 1116 2959 1153 s

649 1197 762 1257 ait:
809 1194 1330 1272 propterquod
1373 1193 1439 1253 si
1483 1193 1695 1253 cibus
1723 1194 2186 1254 scandalizat
2216 1193 2557 1269 fratrem,
2599 1195 2739 1257 iam
2766 1213 2905 1257 non

647 1299 1090 1361 manducabo
1131 1314 1418 1357 carnem
1483 1297 1556 1355 in
1597 1299 2012 1370 aeternum,
2076 1314 2163 1357 ne
2232 1296 2543 1359 fratrem
2604 1300 2905 1360 scanda-

648 1401 788 1463 lize
801 1420 876 1462 m.
921 1418 1049 1462 cum
1079 1416 1214 1475 ergo
1243 1416 1346 1459 nos
1373 1399 1570 1473 pulsat
1597 1398 2011 1461 coniunctionis
2031 1398 2204 1460 huius
2226 1400 2493 1462 molestia
2516 1402 2901 1475 detestabilis,

647 1506 760 1567 etsi
807 1504 1096 1565 adulteros
1149 1520 1262 1563 non
1311 1504 1502 1577 potest
1551 1502 1760 1575 facere,
1812 1502 1954 1563 facit
2008 1506 2200 1565 tamen
2238 1504 2473 1565 lenones
2518 1503 2799 1567 adulteris
2846 1508 2907 1565 et

647 1608 902 1669 incestis.
933 1608 1064 1683 quis
1091 1605 1246 1667 enim
1277 1606 1518 1667 alterius
1545 1606 1737 1666 cordis
1764 1608 2051 1667 scrutator
2078 1606 2417 1681 qmlitatom
2446 1608 2891 1683 uniuscuiusque
2927 1624 2985 1664 ιο

645 1712 964 1787 perpendat
991 1712 1051 1769 et
1077 1726 1184 1784 pro
1201 1709 1386 1769 altera
1413 1724 1655 1784 persona
1674 1712 1875 1769 contra
1894 1711 2137 1770 satanan
2156 1713 2525 1785 repugnator,
2550 1711 2703 1773 circa
2722 1710 2902 1773 Deum

645 1832 780 1875 uero
829 1814 1068 1873 idoneus
1105 1811 1406 1872 fideiussor
1449 1828 1576 1871 esse
1626 1815 1995 1885 praesumat?
2040 1812 2113 1873 de
2152 1816 2333 1874 semet
2375 1814 2503 1888 ipso
2532 1815 2765 1875 desnens
2792 1818 2901 1885 est,

648 1918 750 1993 qui
780 1916 1002 1991 aliquid
1047 1916 1368 1993 pollicetur,
1419 1932 1536 1976 non
1563 1916 1751 1977 dicam
1794 1917 1847 1977 si
1898 1916 2072 1977 etiam
2122 1934 2225 1991 pro
2275 1917 2493 1979 femina
2540 1919 2900 1993 sponsiomm

645 2037 857 2097 ponere
884 2020 1165 2093 uideatur,
1211 2036 1341 2080 cum
1390 2019 1608 2079 Paulus
1636 2018 1931 2095 apostolus
1960 2018 2045 2079 sic
2092 2021 2162 2080 de
2212 2034 2279 2080 ae
2304 2020 2645 2095 prenuntiat
2670 2022 2895 2083 dicens:

643 2140 780 2185 non
821 2124 992 2198 quia
1033 2124 1172 2183 iam
1213 2123 1466 2197 accepi
1509 2126 1635 2182 aut
1676 2120 1815 2183 iam
1856 2122 2331 2183 iustificatns
2384 2140 2537 2183 sum
2592 2127 2722 2185 aut
2764 2123 2901 2185 iam
2922 2146 2977 2185 ιε

643 2226 1042 2301 perfectus
1086 2244 1269 2299 sum,
1315 2242 1582 2301 sequor
1624 2229 1867 2286 autem
1908 2227 1971 2285 si
2000 2226 2617 2301 conprehendam,
2661 2227 2739 2287 in
2768 2244 2901 2302 quo

643 2334 716 2391 et
755 2330 1318 2405 conprehensus
1391 2346 1542 2389 sum
1600 2345 1637 2388 a
1678 2328 1997 2389 Christo.
2063 2328 2373 2401 fratres,
2439 2346 2571 2403 ego
2614 2347 2721 2391 me
2763 2346 2903 2391 non

643 2434 978 2495 arbitror
1021 2432 1687 2508 comprehendisse
1729 2433 1995 2493 adhuct
2062 2450 2273 2493 unum
2319 2435 2586 2507 tamen,
2656 2436 2899 2508 peste·

641 2537 846 2598 riora
888 2536 1174 2612 quidem
1219 2535 1718 2611 obliuiscens,
1765 2536 1836 2597 ad
1880 2552 2174 2611 eaquae
2204 2539 2375 2599 sunt
2416 2538 2591 2598 ante
2634 2538 2900 2612 petens

637 2641 724 2699 ad
789 2641 1120 2715 regulam
1183 2658 1449 2716 sequor
1512 2641 1601 2700 ad
1664 2641 1973 2716 palmam
2030 2656 2393 2714 supernae
2456 2641 2975 2702 necationisso

635 2743 923 2804 Domini
964 2744 1212 2804 nostri
1253 2745 1421 2805 Iesu
1463 2743 1772 2804 Christi.
1818 2743 2159 2818 quicumque
2188 2759 2325 2818 ergo
2375 2742 2619 2817 perfecti
2660 2761 2891 2816 sumus,

635 2848 746 2906 hoc
773 2845 1104 2909 sentiamus.
1166 2846 1481 2920 etiterum,
1537 2846 1754 2921 mihi,
1822 2847 2045 2922 inquit,
2110 2863 2235 2922 pro
2290 2846 2583 2908 minimo
2628 2851 2779 2922 est,
2817 2851 2895 2907 ut

635 2967 674 3010 a
713 2949 926 3010 uobis
969 2949 1255 3010 iudicer
1295 2953 1426 3010 aut
1465 2951 1550 3009 ab
1581 2950 1889 3010 humano
1918 2949 2065 3010 die:
2098 2951 2225 3012 sed
2251 2967 2483 3024 neque
2513 2950 2889 3026 meipsum

635 3051 896 3118 iudico.
939 3053 1067 3127 qui
1109 3054 1350 3112 autem
1391 3069 1496 3114 me
1539 3053 1857 3126 iudicat,
1902 3053 2249 3114 Dominus
2290 3056 2431 3114 est.
2476 3055 2536 3114 et
2580 3053 2699 3116 alio
2742 3055 2885 3126 loco,

639 3156 920 3227 beatus,
963 3155 1171 3230 inquit,
1216 3155 1340 3230 qui
1380 3173 1524 3215 non
1551 3155 1836 3217 iudicat
1864 3159 2091 3217 semet
2129 3157 2400 3232 ipsum,
2444 3157 2519 3218 in
2561 3173 2699 3232 quo
2728 3175 2959 3232 pro-as

634 3258 762 3318 bat
803 3256 1050 3318 alium.
1137 3257 1402 3332 quamuis
1445 3274 1581 3332 ergo
1626 3275 1731 3319 nos
1781 3275 1885 3321 nec
1936 3261 2007 3320 de
2056 3263 2255 3322 nostra
2302 3260 2625 3322 stabilitate
2669 3263 2887 3324 eertum

633 3360 854 3435 aliquid
897 3361 1208 3421 habeamus
1237 3361 1488 3436 quisine
1517 3363 1831 3423 cessatione
1860 3362 2213 3424 concutimur
2255 3362 2409 3424 inter
2436 3364 2646 3424 fluctus
2676 3363 2889 3426 saeculi

768 3624 800 3677 1
837 3623 992 3680 Rom.
1030 3624 1112 3688 14,
1153 3625 1234 3679 16.
1599 3627 1639 3680 4
1672 3625 1823 3679 Rom.
1864 3625 1948 3694 14,
1983 3625 2066 3679 13.
2422 3626 2455 3680 6
2490 3625 2521 3680 Ι
2556 3625 2673 3681 Cor.
2710 3626 2765 3691 8,
2799 3626 2881 3681 13.

633 3709 698 3762 15
733 3707 875 3764 Phil.
919 3709 973 3778 3,
1012 3710 1230 3765 12-14.
1436 3711 1506 3766 22
1541 3711 1570 3766 I
1606 3711 1725 3766 Cor.
1760 3712 1811 3776 4,
1848 3711 1899 3766 3.
2106 3712 2177 3768 25
2209 3711 2364 3767 Rom.
2406 3713 2488 3778 14,
2522 3711 2605 3768 22.

761 3930 797 3985 3
831 3931 890 3985 ἰιι
925 3946 1031 4000 quo
1072 3932 1131 3999 0,
1168 3933 1444 3990 ostendere
1477 3934 1538 3988 in
1573 3949 1677 4004 quo
1712 3951 1746 3989 υ
1988 3935 2277 3990 offenditur
2312 3953 2345 3992 v
2584 3937 2619 3993 6
2654 3937 2877 3992 fratrem

623 4031 801 4072 meum
835 4033 870 4072 v
1027 4019 1062 4073 9
1097 4017 1312 4075 lenones
1355 4021 1414 4086 0,
1449 4019 1658 4089 peiores
1694 4037 1729 4076 v
1900 4021 1971 4076 10
2002 4021 2177 4077 cordis
2211 4023 2437 4078 alterius
2472 4039 2509 4080 υ
2669 4023 2739 4079 13
2770 4041 2875 4080 non

632 4103 716 4168 0¹,
752 4119 822 4158 ne
864 4103 996 4173 0²0,-
1029 4105 1102 4171 cf.
1140 4121 1260 4176 cap.
1295 4111 1368 4162 18
1540 4107 1610 4162 14
1640 4109 1953 4176 pronuntiet
1988 4126 2023 4164 v
2192 4109 2263 4164 16
2296 4109 2361 4179 si]
2398 4109 2447 4163 si
2482 4109 2745 4184 quomodo
2776 4125 2812 4166 υ

623 4189 688 4243 17
725 4205 811 4244 me
847 4189 894 4245 0
924 4205 968 4245 s.
1005 4191 1038 4246 l.
1074 4208 1143 4246 m.
1179 4195 1220 4246 2
1516 4193 1584 4248 18
1621 4193 2031 4264 adprehendisse
2074 4195 2121 4252 0
2426 4195 2603 4250 adhuc
2636 4211 2741 4251 ont.
2776 4211 2811 4252 υ

621 4277 688 4330 19
723 4279 910 4345 petens
945 4276 1005 4342 0,
1039 4277 1198 4347 pedes
1232 4294 1267 4335 υ
1447 4279 1513 4334 21
1553 4280 1769 4350 christi]
1804 4279 1999 4335 christi
2034 4297 2231 4351 sequor
2268 4281 2317 4338 0
2484 4282 2553 4336 22
2590 4285 2645 4337 et
2679 4282 2873 4336 iterum

540 4355 552 4366 ‘
617 4363 659 4415 2
695 4363 849 4419 codd.
887 4361 1138 4430 Baluzii,
1175 4379 1277 4419 om.
1319 4367 1369 4419 0
1563 4365 1635 4421 23
1668 4365 1723 4420 h.
1760 4365 1865 4436 die]
1901 4367 2138 4422 humana
2170 4368 2276 4422 fide
2312 4367 2359 4424 G
2564 4368 2635 4422 24
2668 4367 2870 4424 iudicat

619 4463 772 4504 mev
976 4448 1550 4507 wincelaus
