3217 5150
623 506 708 569 86
1177 516 1186 527 ·
1566 499 1931 568 Appendix.

621 663 683 719 et
711 659 770 717 in
801 658 1100 733 euangelio
1123 659 1184 717 in
1205 658 1314 719 hoc
1337 660 1498 719 modo
1522 659 1918 733 praedicatur:
1952 660 2231 733 diliges
2262 658 2635 719 Dominum
2664 660 2885 720 Deum

624 765 822 821 tuum
865 761 938 819 in
980 762 1134 819 toto
1191 763 1404 821 corde
1449 764 1572 820 tuo
1618 765 1688 821 et
1732 762 1805 820 in
1848 765 2005 821 tota
2048 764 2287 822 anima
2330 766 2455 821 tua
2496 767 2566 822 et
2608 763 2682 821 in
2726 766 2889 824 tota

621 864 1083 939 cogitatione
1142 866 1294 941 tua,
1374 866 1465 937 et,
1528 865 1806 939 diliges
1862 865 2261 939 proximum
2320 866 2463 924 tibi
2518 868 2889 940 tamquam

621 970 713 1026 te.
760 968 832 1025 in
875 966 990 1025 his
1056 966 1237 1026 enim
1305 968 1586 1027 duobus
1626 968 2063 1042 praeceptis
2121 972 2279 1031 tota
2334 968 2456 1028 lex
2499 970 2773 1043 pendet
2819 972 2891 1029 et

622 1071 1052 1146 prophetae,
1122 1070 1271 1129 sicut
1315 1074 1374 1129 et
1417 1072 1659 1132 Ioannes
1704 1072 2061 1145 euangelista
2105 1072 2279 1132 dicit:
2348 1073 2420 1132 et
2478 1072 2705 1133 omnis
2764 1075 2935 1148 quis

623 1173 887 1247 diligit
932 1190 1010 1231 ex
1055 1173 1194 1233 Deo
1239 1176 1453 1233 natus
1497 1177 1610 1233 est
1654 1177 1724 1232 et
1768 1175 2153 1248 cognoscit
2198 1176 2432 1249 Deum,
2481 1176 2647 1250 quia
2691 1176 2889 1236 Deus

625 1275 940 1335 dilectio
1006 1279 1136 1335 est.
1203 1277 1374 1335 sicuti
1429 1279 1488 1336 et
1543 1278 1697 1337 Deus
1754 1279 1869 1336 ait:
1938 1278 2044 1337 ita
2109 1278 2297 1336 enim
2364 1279 2634 1338 dilexit
2696 1279 2889 1339 Deus

622 1381 952 1438 mundum
995 1382 1072 1438 ut
1113 1378 1366 1438 filium
1431 1398 1635 1439 suum
1698 1382 1989 1440 unicum
2054 1381 2284 1453 daret,
2354 1384 2429 1440 ut
2488 1382 2718 1441 omnis
2764 1382 2891 1457 qui

623 1482 696 1542 in
740 1501 888 1543 eum
933 1484 1266 1544 crederet
1307 1502 1442 1542 non
1485 1484 1801 1557 periret,
1860 1484 1979 1544 sed
2024 1484 2330 1544 haberet
2374 1485 2604 1544 uitam
2647 1488 2887 1545 aeter-

621 1603 797 1645 nam.
844 1590 909 1646 ut
938 1587 1240 1645 manifeste
1269 1590 1574 1661 appareret
1603 1604 1733 1647 eum
1764 1587 1865 1661 qui
1895 1588 2041 1647 hanc
2070 1588 2347 1663 diligendi
2378 1606 2480 1647 nos
2511 1591 2571 1647 et
2601 1588 2882 1662 diligendi
2902 1606 2962 1645 ιο

619 1706 660 1749 a
703 1690 866 1749 nobis
920 1688 1278 1749 dilectionem
1320 1690 1380 1748 in
1424 1709 1486 1749 se
1515 1707 1629 1751 non
1679 1691 1887 1749 habeat
1940 1691 2097 1751 inani
2148 1691 2499 1751 confessione
2530 1694 2589 1751 et
2618 1690 2886 1765 passione

623 1791 773 1853 nihil
816 1792 1105 1866 proficere,
1159 1794 1382 1867 quando
1415 1794 1602 1867 ipsum
1632 1797 1873 1867 apparet
1902 1797 1961 1853 et
1992 1796 2217 1853 constat
2248 1794 2593 1854 haereticum
2621 1809 2749 1853 esse
2780 1794 2883 1868 qui

624 1896 686 1955 in
737 1894 912 1954 alium
959 1895 1138 1954 Deum
1191 1896 1386 1955 credat
1436 1896 1560 1955 siue
1616 1896 1909 1956 Christum
1960 1896 2135 1956 alium
2189 1896 2433 1971 accipiat
2484 1914 2655 1970 quam
2714 1914 2884 1971 quem

623 1998 940 2071 scripturae
997 1999 1132 2058 noui
1183 2002 1244 2057 et
1295 1998 1510 2059 ueteris
1568 1998 1906 2058 testamenti
1962 2000 2265 2059 manifeste
2323 1998 2674 2073 praedicant,
2736 2016 2885 2073 quae

625 2103 848 2175 patrem
900 2102 1344 2175 omnipotentem
1393 2106 1709 2162 creatorem
1762 2103 2012 2163 omnium
2062 2104 2121 2162 et
2172 2102 2353 2161 filium
2412 2102 2535 2161 eius
2594 2102 2717 2161 sine
2775 2103 2881 2163 ob·
2906 2124 2959 2163 ιε

621 2204 898 2265 scuritate
951 2204 1312 2263 annuntiant.
1367 2204 1594 2265 eueniet
1647 2204 1800 2265 enim
1848 2206 1932 2265 eis
1985 2208 2052 2264 ut
2100 2204 2204 2264 alii
2244 2205 2317 2265 ab
2348 2204 2461 2265 alio
2492 2204 2609 2264 Deo
2640 2203 2889 2267 salutem

625 2308 996 2389 exspectanti,
1027 2314 1096 2365 ut
1115 2310 1254 2367 tunc
1276 2309 1500 2368 demum
1523 2311 1723 2368 contra
1745 2308 2066 2383 opinionem
2086 2326 2249 2367 suam
2270 2326 2306 2368 a
2328 2308 2555 2368 Christo
2573 2307 2682 2368 Dei
2702 2309 2889 2383 patris

621 2410 1029 2483 omnipotentis
1061 2411 1332 2471 creatoris
1361 2412 1499 2485 filie,
1544 2428 1713 2486 quem
1741 2411 2302 2486 blasphemauerunt,
2334 2411 2397 2469 in
2425 2428 2664 2486 poenam
2694 2416 2885 2472 aeter-

620 2530 756 2573 nam
817 2514 1170 2588 damnentur,
1231 2532 1356 2577 cum
1415 2513 1668 2574 iudicare
1726 2514 1881 2574 Deus
1943 2514 2195 2590 cooperit
2254 2515 2533 2576 absconsa
2592 2515 2887 2576 hominum

625 2619 933 2678 secundum
984 2617 1344 2692 euangelium
1395 2636 1498 2692 per
1551 2618 1844 2678 Christum
1896 2619 2105 2691 Iesum,
2160 2635 2226 2678 eo
2271 2619 2422 2691 quod
2460 2618 2519 2678 in
2550 2617 2741 2692 ipsum
2770 2636 2887 2679 non
2906 2635 2961 2678 20

625 2721 986 2795 crediderint,
1018 2722 1157 2781 licet
1185 2722 1365 2795 ipsius
1394 2722 1621 2782 nomine
1651 2721 1836 2782 abluti
1866 2723 2002 2782 sint.

545 2833 626 2892 14
711 2825 789 2883 Et
837 2842 1016 2899 usque
1067 2825 1206 2884 adeo
1257 2841 1418 2884 omne
1471 2825 1621 2884 illud
1678 2825 2093 2884 haereticorum
2151 2825 2438 2900 baptisma
2496 2826 2887 2886 intercedente

627 2926 818 3001 aliquo
870 2927 1176 2988 interuallo
1227 2927 1500 3001 temporis
1555 2927 1767 3001 corrigi
1818 2930 2009 3002 potest
2025 2973 2040 3001 ,
2097 2927 2148 2987 si
2194 2927 2323 3002 quis
2380 2929 2764 3003 superuixerit
2828 2932 2891 2988 et

625 3028 795 3089 fidem
847 3031 1172 3103 correxerit,
1226 3033 1292 3090 ut
1335 3031 1488 3089 Deus
1539 3033 1736 3092 noster
1778 3030 1838 3089 in
1886 3031 2181 3105 euangelio
2234 3031 2539 3091 secundum
2568 3031 2783 3091 Lucam
2812 3033 2888 3090 ad

625 3133 938 3206 discipulos
979 3151 1112 3194 suos
1154 3135 1378 3194 locutus
1430 3137 1521 3194 est
1571 3134 1799 3193 dicens:
1847 3134 2073 3196 habeo
2120 3137 2358 3194 autem
2402 3134 2605 3194 aliud
2648 3134 2885 3208 bapti·
2905 3147 2959 3190 τε

625 3253 778 3296 sma
819 3236 1204 3311 baptizari.
1249 3237 1387 3296 item
1417 3237 1727 3296 secundum
1756 3237 2011 3296 Marcum
2056 3239 2129 3296 ad
2178 3237 2327 3296 filios
2358 3237 2635 3296 Zebedaei
2686 3237 2885 3296 eadem

625 3339 848 3399 ratione
915 3339 1154 3399 dixerit:
1222 3339 1544 3414 potentis
1611 3339 1864 3399 bibere
1930 3339 2231 3400 calicem
2290 3356 2491 3415 quem
2536 3357 2665 3414 ego
2716 3339 2891 3400 bibo

625 3444 753 3501 aut
795 3442 1251 3516 baptismate
1297 3459 1429 3516 quo
1473 3459 1602 3517 ego
1648 3443 1983 3516 baptizor
2026 3443 2439 3517 baptizari?
2503 3444 2654 3518 quod
2714 3442 2891 3503 sciret

627 3545 891 3604 homines
933 3563 1046 3605 non
1090 3546 1274 3605 solum
1320 3562 1468 3620 aqua
1509 3563 1709 3604 uerum
1748 3545 1921 3605 etiam
1964 3547 2241 3620 sanguine
2283 3564 2385 3606 suo
2415 3545 2643 3620 proprio
2674 3545 2891 3606 habere

628 3646 928 3721 baptizari,
974 3647 1060 3706 ita
1101 3650 1168 3708 ut
1197 3651 1256 3707 et
1285 3649 1404 3708 solo
1449 3649 1555 3708 hoc
1594 3649 1942 3722 baptismate
1982 3649 2260 3723 baptizati
2301 3649 2469 3708 fidem
2515 3648 2799 3722 integram
2829 3651 2890 3709 et
2908 3667 2965 3708 ao

625 3749 1014 3825 dignationem
1045 3750 1323 3812 sinceram
1351 3751 1570 3812 lauacri
1599 3751 1823 3824 possint
1868 3751 2109 3826 adipisci
2138 3753 2197 3812 et
2226 3754 2467 3826 utroque
2497 3752 2661 3811 modo
2691 3751 2888 3825 bapti-

768 3977 800 4030 1
837 3977 991 4030 Dent.
1029 3979 1078 4043 6,
1112 3978 1162 4032 5.
1211 3977 1412 4032 Matth.
1449 3978 1533 4043 22,
1570 3977 1794 4032 37-40.
1920 3977 1955 4031 5
1990 3977 2035 4031 1.
2072 3977 2151 4033 Io.
2186 3977 2238 4042 4,
2277 3978 2324 4034 7.
2360 3977 2409 4031 8.
2540 3977 2570 4030 7
2607 3976 2683 4030 Io.
2720 3977 2769 4039 3,
2811 3977 2896 4031 16.

625 4061 699 4118 25
733 4063 858 4117 Luc.
899 4063 980 4128 12,
1019 4064 1102 4117 50.
1309 4064 1377 4118 27
1413 4063 1577 4118 Marc.
1616 4063 1699 4128 10,
1734 4063 1821 4118 38.

770 4259 838 4312 12
873 4259 1081 4328 quando
1117 4260 1293 4328 ipsum
1327 4260 1543 4328 scripsi,
1581 4275 1743 4328 quam
1780 4260 1845 4312 ut
1880 4258 1998 4328 ipsa
2033 4259 2167 4324 cod„
2214 4258 2467 4327 quoniam
2501 4275 2559 4313 re
2594 4259 2712 4329 ipsa
2748 4262 2898 4316 coni.

633 4347 910 4402 Baluzius
919 4368 940 4416 ;
977 4364 1138 4416 quam
1173 4350 1237 4402 ut
1271 4349 1446 4417 ipsum
1482 4350 1739 4416 appareat
1762 4349 1818 4401 et
1840 4349 2050 4402 constet
2077 4348 2217 4402 coni.
2254 4347 2533 4418 Rn'yaltt'uo
2742 4349 2808 4402 17
2834 4351 2903 4403 ut

629 4435 830 4490 addidi
965 4436 1036 4490 24
1057 4435 1213 4490 deum
1237 4438 1476 4490 nostrum
1500 4433 1616 4490 cod.
1641 4440 1695 4490 et
1716 4451 1749 4490 v
1886 4434 1954 4489 31
1988 4433 2375 4504 dignationem]
2401 4433 2743 4490 dilectionem
2772 4435 2901 4506 Εἰς.
