3217 5150
632 501 639 522 ¹
754 517 977 564 nxx1v

753 654 1037 728 martire,
1098 653 1343 735 Incipit
1402 653 1601 718 oratio
1653 651 1946 734 cipriani
2003 653 2318 730 martiris,
2377 653 2538 718 Item
2595 655 2806 718 oratio
2863 653 3038 718 beati

754 765 1055 846 cypriani
1100 766 1391 829 martiris
1433 783 1626 846 quam
1671 764 1782 828 sub
1827 765 1995 828 diem
2033 764 2362 845 passionis
2403 783 2514 830 sue
2553 764 2744 845 dixit,
2791 764 3041 830 Passio

756 862 877 944 sci‘
875 878 1172 960 cypriani
1193 861 1301 959 epi
1317 882 1373 942 et
1396 877 1718 958 martyr-is.
1749 877 1816 942 in
1839 876 2008 942 calco
2039 877 2242 942 exstat
2273 876 2680 959 subscriptio:
2719 876 3036 958 Explicit

758 990 1051 1073 epistolae
1088 989 1347 1072 yloriosi
1387 989 1682 1054 martiris
1719 987 2004 1069 cipriani
2043 974 2461 1070 eartayinesis
2487 964 2604 1067 θῖἷ
2621 989 2738 1069 qui
2771 995 3034 1070 quanta

756 1101 1105 1184 eloquent-ia
1133 1103 1495 1182 quantaque
1522 1099 1813 1164 doctrina
1841 1099 2010 1164 inter
2037 1099 2368 1164 catholicos
2395 1100 2664 1164 doctores
2693 1102 3034 1182 refulserit

758 1214 1005 1298 epistole
1054 1214 1187 1278 eius
1236 1211 1744 1295 splendidissime
1787 1211 2118 1276 uerborum
2161 1215 2394 1276 ornatu
2440 1212 3040 1294 sententiarumque

758 1326 1033 1392 ubertate
1077 1325 1301 1406 optime
1348 1323 1784 1406 testificant-ur.
1837 1323 2058 1389 deinde
2097 1339 2256 1388 nouo
2297 1324 2766 1407 signaturamm
2809 1325 3040 1390 ordine

760 1439 963 1504 A—-D
994 1436 1423 1520 quaterniones
1452 1437 1747 1502 secuntur
1776 1435 2130 1500 exhibentes
2155 1434 2346 1500 libros
2372 1437 2498 1500 tres
2523 1435 2632 1500 Aa
2661 1433 3036 1511 Quirinum

762 1569 1025 1633 quorum
1069 1548 1293 1615 tertius
1332 1548 1605 1614 ineditus
1636 1550 1771 1613 erat
1801 1567 1962 1624 cum
1975 1546 2090 1612 hac
2119 1546 2553 1631 inscriptione:
2599 1547 2854 1628 Incipit
2879 1569 3036 1630 pro-

670 1711 683 1727 .
762 1661 939 1745 loyus
966 1662 1041 1725 in
1072 1661 1261 1725 libros
1299 1659 1463 1725 beati
1500 1658 1788 1740 cipriani
1817 1657 2110 1722 martiris
2139 1663 2360 1724 contra
2387 1658 2616 1724 Iudeos
2643 1659 2870 1724 editos.
2921 1663 3038 1742 qui

760 1773 1009 1856 quidem
1046 1771 1339 1854 proloyus
1378 1747 1465 1835 cst
1494 1769 1768 1852 epistula
1807 1769 2012 1851 quoda
2051 1769 2140 1834 ad
2179 1757 2450 1851 quirinu
2477 1772 2743 1851 scripta,
2773 1774 2846 1836 et
2877 1773 3038 1836 sub-

760 1886 1121 1969 scriptione:
1154 1883 1445 1964 Explicit
1474 1883 1631 1947 liber
1651 1884 1876 1947 tercius
1896 1882 2098 1964 cecilij
2117 1882 2402 1963 cipriani
2425 1882 2684 1966 yloriosi
2705 1885 3036 1948 martiris.

761 1996 1237 2077 Archicpiseopi
1280 1994 1788 2077 carthaginensis
1831 1992 2118 2059 Oratoris
2161 1994 2666 2059 excellentissimi
2693 1995 2787 2059 ad
2815 1997 3036 2076 quiri-

762 2127 939 2172 num.
976 2108 1045 2171 in
1064 2125 1183 2188 quo
1201 2107 1357 2171 libro
1372 2108 1531 2172 sicut
1546 2112 1601 2171 ct
1623 2107 1692 2172 in
1709 2106 1944 2171 duobus
1953 2106 2276 2187 prioribus
2292 2106 2449 2188 fides
2469 2105 2784 2172 catholica
2804 2112 3039 2170 contra

762 2219 1091 2284 iudeorum
1142 2223 1197 2284 et
1243 2219 1578 2302 yentilium
1635 2239 1873 2284 errores
1927 2237 2262 2284 sacrarum
2317 2218 2798 2299 scripturarum
2857 2220 3034 2282 testi-

762 2330 997 2394 moniis
1006 2330 1345 2413 fortissime
1358 2331 1652 2394 munitur
1670 2334 1726 2393 et
1741 2329 2174 2394 corroboratur
2189 2329 2298 2394 deo
2309 2330 2574 2413 qratias.
2601 2347 2868 2412 operum
2885 2349 3038 2413 pars

758 2442 947 2526 ‘longe
976 2442 1245 2507 maxima
1268 2461 1340 2507 ex
1363 2443 1634 2508 editione
1662 2442 1936 2525 principe
1958 2442 2024 2506 in
2045 2440 2203 2506 hanc
2233 2443 2480 2524 recepta
2507 2443 2603 2506 est
2631 2461 2782 2506 cum
2809 2442 3024 2507 isdem

765 2552 1007 2621 mendis
1028 2553 1351 2637 isdemque
1373 2553 1611 2619 lacunis
1635 2553 1808 2619 nulla
1822 2553 2248 2621 emendatione
2263 2573 2336 2619 ex
2352 2554 2476 2621 alio
2497 2553 2704 2647 codice
2729 2554 3030 2636 repetita,

764 2665 833 2731 in
863 2667 1069 2749 eisque
1110 2666 1287 2733 nulla
1328 2667 1423 2730 est
1466 2664 1653 2730 huius
1695 2666 1987 2732 editionis
2027 2667 2381 2732 auctoritas.
2425 2666 2520 2731 est
2549 2682 2696 2729 uero
2741 2668 3037 2731 maxima

766 2779 832 2843 in
884 2778 1154 2861 ineditis,
1214 2795 1476 2860 quorum
1526 2777 1824 2842 nonnulla
1877 2795 2122 2860 perraro
2173 2777 2236 2843 in
2289 2776 2602 2843 codicibus
2664 2782 3042 2853 occurrunt,

768 2890 943 2956 uelut
982 2890 1185 2955 libelli
1214 2888 1315 2955 De
1342 2890 1493 2954 bono
1514 2889 1870 2970 pudicitiae
1900 2890 1962 2953 et
1991 2889 2100 2953 Ad
2131 2888 2594 2965 Nouatianum,
2636 2906 2794 2971 quos
2822 2891 3044 2971 primo

753 3002 846 3068 'ab
864 3004 1121 3067 Erasmo
1144 3002 1345 3067 editos
1366 3020 1497 3067 esse
1520 3019 1732 3065 omnes
1757 2999 2036 3066 credunt.
2065 3000 2159 3067 ita
2181 3001 2364 3065 huius
2395 3000 2687 3066 editionis
2715 3004 3043 3068 memoria

766 3114 1027 3179 interiit.
1072 3113 1128 3178 si
1156 3116 1366 3179 autem
1406 3132 1541 3180 eam
1585 3132 1698 3179 nec
1726 3114 1984 3179 Erasmo
2029 3112 2368 3179 innotuisse
2397 3112 2868 3188 schoenemann
2905 3115 2950 3178 l.
2983 3134 3038 3179 c.

768 3244 828 3307 p.
851 3226 975 3289 110
990 3224 1163 3302 dicit,
1190 3226 1381 3301 errat;
1406 3244 1553 3291 nam
1566 3227 1643 3291 de
1658 3225 1872 3291 libello
1897 3225 2098 3307 priore
2119 3225 2185 3290 in
2207 3224 2710 3291 annotationibus
2727 3226 3045 3291 Erasmus

766 3338 919 3405 haec
962 3337 1170 3402 docet:
1216 3335 1380 3400 hunc
1408 3337 1483 3400 in
1510 3340 1713 3402 uetere
1759 3336 2040 3416 quadam
2083 3337 2396 3401 aeditione
2437 3354 2732 3400 excusum
2775 3342 3050 3417 repperi

767 3450 874 3515 scd
896 3448 1255 3543 mendosum
1280 3447 1428 3511 locis
1451 3447 1890 3529 compluribus,
1919 3468 2028 3513 nec
2052 3447 2232 3512 licuit
2253 3447 2482 3513 mederi
2505 3448 2750 3513 cunctis
2771 3451 3040 3529 erratis,

768 3560 930 3643 quod
947 3581 1075 3625 non
1090 3564 1469 3625 succurreret
1486 3558 1692 3625 ullum
1709 3558 1894 3623 aliud
1915 3558 2252 3639 exemplar.
2285 3559 2572 3640 quamuis
2594 3560 2762 3623 unde
2787 3560 3038 3625 librum

768 3673 879 3738 Ad
896 3673 1357 3749 Nouatianum‚
1385 3669 1734 3753 Auyustini
1763 3690 2118 3747 sermonem,
2151 3670 2314 3735 duas
2335 3670 2646 3735 orationes
2667 3688 2826 3752 quae
2850 3672 3040 3737 dein-

770 3804 911 3867 ceps
942 3785 1149 3849 edidit·
1160 3783 1609 3867 deprompserit
1633 3801 1752 3847 non
1777 3784 1964 3861 dicat,
1995 3784 2206 3849 tamen
2232 3782 2388 3864 quin
2410 3802 2484 3847 ex
2507 3782 2722 3847 eadem
2747 3783 3038 3847 editione

768 3894 1058 3961 fluxerint
1086 3896 1337 3978 propter
1368 3894 1573 3960 textus
1604 3912 1970 3961 consensum
2000 3893 2280 3959 dubitari
2303 3895 2538 3977 nequit.
2567 3894 2680 3965 sed
2704 3894 3036 3979 integrum

770 4008 1060 4074 editionis
1090 4007 1399 4089 exemplar
1420 4007 1757 4087 inspexisse
1779 4023 1898 4071 non
1923 4002 2192 4073 uidetur.
2225 4024 2372 4071 nam
2395 4007 2658 4071 tertium
2673 4006 2787 4069 Ad
2807 4008 3042 4088 Quiri·

768 4140 927 4185 num
972 4120 1205 4185 librum
1246 4114 1333 4184 ‘in
1364 4117 2004 4202 uulgatis;·00dicibus
2045 4136 2168 4183 non
2215 4118 2506 4183 habitum
2537 4136 2614 4183 ex
2642 4117 3041 4183 bibliotheca

770 4219 1218 4310 Iemblacensi’‚
1262 4250 1334 4295 ex
1376 4230 1583 4295 codice
1633 4230 1894 4295 fortasse
1939 4229 2153 4295 eodem
2183 4248 2254 4294 ex
2286 4247 2406 4312 quo
2453 4229 2692 4294 librum
2723 4229 2802 4294 de
2833 4229 3042 4295 laude

768 4343 1069 4423 martyrii
1098 4342 1339 4425 primus
1368 4341 1584 4424 edidit,
1617 4361 1682 4407 se
1712 4340 2322 4441 adiecissetestatur.
2365 4342 2529 4406 inter
2557 4342 3044 4409 uetustissimas

768 4452 1061 4538 Cypriani
1121 4455 1417 4519 editiones
1475 4454 1673 4518 fertur
1731 4453 2093 4519 Parisiensis
2153 4473 2206 4519 a.
2275 4452 2443 4518 1500
2501 4454 2670 4535 apud
2731 4454 3048 4521 Iodocum
