3217 5150
633 500 750 561 152
1031 480 1070 525 ⁸
1560 493 1924 565 Appendix.

655 972 837 1069 XII.
915 972 1058 1070 DE
1134 970 1703 1072 DVODEGIM
1764 970 2288 1072 ABVSIVIS
2354 972 2854 1073 SAEGVLI.
2938 1122 2955 1135 ,

1526 1387 1981 1449 PRAEFATIO.

711 1540 1028 1624 Duodecim
1069 1561 1310 1622 abusiua
1350 1563 1487 1621 sunt
1533 1560 1764 1621 saeculi.
1817 1562 1925 1623 hoc
1977 1563 2095 1622 est:
2150 1561 2380 1636 sapiens
2423 1561 2544 1621 eine
2590 1559 2879 1635 operibus,

631 1681 805 1727 senex
835 1666 957 1725 sine
987 1660 1264 1739 religione
1281 1710 1296 1736 ,
1337 1663 1673 1724 adulescens
1706 1664 1829 1724 sine
1853 1664 2211 1725 oboedientia
2226 1710 2240 1738 ,
2282 1665 2445 1725 diues
2476 1664 2598 1725 sine
2626 1665 2877 1725 eleemo-

629 1786 772 1845 syna
788 1814 804 1842 ‚
848 1768 1060 1829 femina
1101 1768 1224 1827 sine
1266 1766 1545 1842 pudicitia
1559 1812 1575 1840 ,
1605 1766 1869 1827 dominus
1915 1768 2037 1827 sine
2068 1768 2286 1829 uirtute
2302 1813 2318 1841 ,
2349 1766 2697 1828 christianus
2738 1785 2873 1827 con-
2895 1778 2921 1817 ⁵

630 1873 914 1933 tentioeus
931 1917 946 1946 ,
977 1889 1191 1946 pauper
1229 1872 1512 1947 superbus
1526 1917 1543 1945 ‚
1575 1888 1673 1931 rex
1702 1872 1935 1948 iniquus
1950 1918 1966 1946 ,
1997 1873 2298 1947 episcopua
2327 1871 2638 1947 neglegens
2655 1917 2672 1945 ‚
2712 1870 2879 1945 plebe

635 1976 759 2035 eine
788 1974 1109 2051 disciplina,
1161 1974 1404 2051 populus
1435 1975 1559 2035 sine
1587 1974 1739 2050 lege.
1772 1974 1856 2037 sic
1883 1976 2216 2037 ‘suffocatur
2275 1974 2529 2036 iustitia:
2572 1974 2714 2035 haec
2744 1977 2883 2033 sunt

636 2078 930 2140 duodecim
952 2078 1192 2139 abuaina
1213 2077 1428 2139 saeculi
1445 2096 1546 2153 per
1570 2095 1715 2153 quae
1744 2078 1957 2139 saeculi
1978 2082 2124 2153 rota,
2156 2078 2207 2138 si
2236 2077 2298 2137 in
2328 2077 2427 2137 illo
2457 2077 2691 2151 fuerint,
2723 2078 2881 2139 deci-

633 2179 791 2256 pitur
830 2183 890 2240 et
917 2182 992 2242 ad
1019 2182 1224 2241 tartari
1265 2182 1530 2241 tenebras
1573 2182 1732 2242 nullo
1775 2182 2117 2257 impediente
2158 2181 2417 2242 iustitiae
2460 2180 2733 2257 suffragio
2776 2198 2879 2255 per

631 2281 847 2343 iustum
875 2283 981 2345 Dei
1010 2272 1282 2345 iudicium
1307 2286 1550 2345 rotatur.
2896 2310 2949 2349 ιο

1261 2470 1581 2529 SAPIENS
1628 2468 1802 2530 SINE
1846 2468 2240 2531 OPERIBVS.

580 2633 612 2690 1
722 2630 915 2691 Primo
945 2631 1070 2691 sine
1097 2629 1262 2690 bonis
1292 2628 1554 2703 operibus
1583 2628 1815 2703 sapiens
1838 2629 1897 2688 et
1922 2627 2279 2706 praedicator
2304 2627 2357 2687 si
2383 2627 2575 2700 fuerit,
2606 2627 2707 2702 qui
2728 2627 2881 2700 quod

637 2751 891 2795 sermone
941 2735 1136 2806 docet,
1179 2731 1402 2792 actibus
1441 2732 1669 2806 explere
1730 2729 2003 2806 neglegit.
2056 2732 2345 2791 auditores
2385 2730 2539 2790 enim
2590 2729 2881 2790 doctrinae

638 2836 792 2896 dicta
832 2837 1200 2896 contemnunt
1215 2879 1230 2906 ,
1282 2852 1409 2895 cum
1447 2833 1861 2908 praedicatoria
1909 2851 2081 2908 opera
2122 2853 2157 2894 a
2196 2832 2634 2908 praedicationis
2688 2835 2882 2894 uerbis

632 2937 955 3012 discrepare
985 2937 1372 3012 conspiciunt:
1415 2953 1724 3010 numquam
1751 2937 1901 2997 enim
1930 2937 1995 2997 fit
2026 2937 2227 2998 efficax
2254 2935 2637 3011 praedicantis
2680 2939 2877 2998 aucto·
2900 2953 2953 2993 ιε

633 3040 798 3115 ritae,
829 3039 944 3100 nisi
971 3058 1096 3100 eam
1125 3041 1328 3100 effectu
1359 3040 1546 3114 operis
1575 3041 1730 3101 cordi
1760 3041 2025 3101 adfixerit
2051 3040 2354 3114 audientis,
2385 3040 2725 3115 praesertim
2754 3058 2883 3100 cum

633 3146 693 3204 et
722 3143 843 3218 ipse
874 3143 1087 3218 doctor,
1119 3141 1254 3202 siin
1271 3141 1543 3204 uitiorum
1565 3160 1810 3204 amorem
1833 3145 2101 3218 delapsus
2144 3143 2339 3216 fuerit,
2368 3143 2607 3202 alterius
2630 3143 2881 3204 doctoris

631 3246 1100 3308 medicamentum
1136 3245 1259 3305 suis
1300 3245 1631 3306 uulneribus
1684 3247 1953 3307 adhibere
1994 3247 2392 3321 paruipendat.
2447 3247 2597 3306 unde
2648 3248 2709 3305 et
2756 3247 2879 3320 ipse

631 3347 906 3410 Dominus
935 3348 996 3408 in
1025 3348 1319 3423 euangelio
1377 3348 1448 3408 de
1498 3348 1755 3410 doctrina
1784 3349 1997 3423 pariter
2048 3352 2107 3410 et
2156 3349 2301 3409 bono
2352 3365 2518 3424 opere
2570 3347 2881 3423 discipulos

769 3651 974 3722 Incipit
1007 3651 1073 3706 de
1104 3649 1384 3705 duodecim
1419 3649 1661 3704 abuaiuis
1698 3650 1898 3705 saeculi
1943 3651 2013 3715 G,
2057 3651 2262 3720 Incipit
2305 3651 2537 3720 epistula
2572 3654 2747 3706 sancti
2782 3652 2888 3721 Cy-

633 3739 811 3808 priani
845 3737 1096 3807 martyria
1139 3735 1203 3801 V,
1249 3735 1455 3806 Incipit
1497 3735 1717 3792 libellus
1752 3737 1929 3794 sancti
1962 3737 2203 3806 Cipi-iani
2236 3738 2471 3807 episcopi
2506 3737 2572 3792 de
2606 3736 2889 3793 duodecim

633 3826 872 3881 abueiuis
909 3825 1108 3879 saeculi
1131 3825 1199 3878 X.
1239 3855 1303 3865 —
1340 3824 1372 3878 7
1407 3824 1504 3895 sic]
1541 3824 1738 3896 quibua
1781 3823 1836 3878 V
1963 3824 2113 3895 haec]
2150 3825 2294 3881 enim
2317 3825 2445 3882 add.
2479 3825 2533 3880 G
2554 3841 2596 3880 ε.
2620 3826 2659 3881 1.
2680 3843 2751 3880 m.
2776 3829 2819 3881 2

630 3911 666 3966 8
700 3928 794 3982 per
826 3927 960 3980 quae
995 3911 1193 3965 saeculi
1226 3927 1326 3967 om.
1366 3909 1430 3966 X
1562 3911 1733 3965 fuerit
1775 3909 1830 3964 V
1960 3913 1995 3966 9
2028 3910 2283 3981 suffragio
2320 3928 2421 3967 om.
2470 3911 2521 3965 V
2656 3912 2721 3966 11
2758 3929 2803 3966 a.
2842 3929 2888 3967 e.

630 3997 877 4067 operibus
911 3997 1068 4052 bonis
1113 3997 1181 4062 G,
1215 4015 1257 4052 s.
1293 4015 1337 4051 a.
1372 3997 1528 4052 bonis
1561 3997 1811 4068 operibus
1847 3997 1909 4051 Χ
1916 4016 1936 4066 ‚-
1970 4013 2071 4053 om.
2108 3999 2250 4054 hanc
2284 4004 2339 4054 et
2372 3999 2611 4069 reliquae
2644 4000 2889 4069 incrip-

629 4084 803 4138 tiones
844 4082 926 4138 Vv
1063 4084 1130 4138 12
1165 4084 1355 4155 primo]
1391 4085 1595 4154 primus
1632 4084 1907 4139 abusionis
1942 4083 2141 4154 gradus
2176 4087 2260 4138 eet
2297 4086 2347 4139 ei
2380 4103 2415 4142 υ
2560 4085 2611 4140 ai
2644 4101 2745 4141 ont.
2784 4105 2819 4142 v

632 4168 702 4223 14
733 4167 883 4222 dicta
915 4169 1087 4224 facere
1119 4188 1154 4227 v
1404 4171 1472 4225 15
1505 4170 1588 4240 fit]
1626 4170 1693 4224 fit
1729 4172 1843 4224 tam
1887 4168 1942 4223 V
2197 4170 2577 4243 praedicantis]
2616 4173 2887 4228 constitu·

634 4254 776 4310 entis
809 4273 844 4311 v
1003 4258 1070 4312 16
1107 4258 1244 4327 eam]
1279 4257 1446 4312 etiam
1492 4256 1543 4310 V
1709 4255 1903 4310 affectu
1949 4256 2167 4312 G¹V¹X
2335 4259 2401 4312 17
2438 4259 2486 4311 ei
2518 4257 2631 4312 Ge.
2656 4258 2692 4314 1.
2722 4275 2791 4314 m-
2818 4262 2890 4324 23

633 4342 685 4396 si
718 4343 777 4396 in
811 4358 910 4397 om.
957 4343 1009 4400 V
1229 4359 1405 4398 amore
1443 4342 1502 4396 X
1746 4340 1989 4412 dilapsus
2032 4342 2138 4398 ΘΧ
2378 4345 2445 4398 18
2478 4343 2725 4399 adhiberi
2770 4345 2823 4400 V

632 4428 976 4498 paruipendit
1009 4430 1100 4486 Xv
1306 4431 1373 4485 19
1406 4428 1489 4498 de]
1527 4443 1647 4483 cum
1682 4427 1749 4482 de
1792 4427 1847 4482 V
