<?xml version="1.0" encoding="UTF-8"?>
<!DOCTYPE html PUBLIC "-//W3C//DTD XHTML 1.0 Transitional//EN"
    "http://www.w3.org/TR/xhtml1/DTD/xhtml1-transitional.dtd">
<html xmlns="http://www.w3.org/1999/xhtml" xml:lang="en" lang="en">
 <head>
  <title>
</title>
<meta http-equiv="Content-Type" content="text/html;charset=utf-8" />
  <meta name='ocr-system' content='tesseract 3.04.00' />
  <meta name='ocr-capabilities' content='ocr_page ocr_carea ocr_par ocr_line ocrx_word'/>
</head>
<body>
  <div class='ocr_page' id='page_1' title='image "./corpusscriptoru29wissgoog_0299.png"; bbox 0 0 3217 5150; ppageno 0'>
   <div class='ocr_carea' id='block_1_1' title="bbox 1300 461 2572 532">
    <p class='ocr_par' dir='ltr' id='par_1_1' title="bbox 1300 461 2572 532">
     <span class='ocr_line' id='line_1_1' title="bbox 1300 461 2572 532; baseline -0.002 -17"><span class='ocrx_word' id='word_1_1' title='bbox 1300 461 1624 515; x_wconf 76' lang='lat' dir='ltr'><strong>Carmina.</strong></span> <span class='ocrx_word' id='word_1_2' title='bbox 2444 461 2572 532; x_wconf 81' lang='lat'><strong>293</strong></span> 
     </span>
    </p>
   </div>
   <div class='ocr_carea' id='block_1_2' title="bbox 556 620 2448 2763">
    <p class='ocr_par' dir='ltr' id='par_1_2' title="bbox 556 620 2448 2763">
     <span class='ocr_line' id='line_1_2' title="bbox 712 620 2404 696; baseline 0 -17"><span class='ocrx_word' id='word_1_3' title='bbox 712 621 987 696; x_wconf 85' lang='lat' dir='ltr'><strong>Tempore</strong></span> <span class='ocrx_word' id='word_1_4' title='bbox 1014 637 1143 680; x_wconf 85' lang='lat' dir='ltr'><strong>mox</strong></span> <span class='ocrx_word' id='word_1_5' title='bbox 1168 636 1277 694; x_wconf 88' lang='lat' dir='ltr'><strong>quo</strong></span> <span class='ocrx_word' id='word_1_6' title='bbox 1308 620 1407 679; x_wconf 80' lang='lat' dir='ltr'><strong>lux</strong></span> <span class='ocrx_word' id='word_1_7' title='bbox 1434 620 1703 680; x_wconf 76' lang='lat' dir='ltr'>tenebras</span> <span class='ocrx_word' id='word_1_8' title='bbox 1735 623 1846 680; x_wconf 83' lang='lat' dir='ltr'><strong>iam</strong></span> <span class='ocrx_word' id='word_1_9' title='bbox 1876 621 2130 682; x_wconf 73' lang='lat' dir='ltr'><strong>scindere</strong></span> <span class='ocrx_word' id='word_1_10' title='bbox 2161 621 2404 695; x_wconf 78' lang='lat' dir='ltr'><strong>temptet</strong></span> 
     </span>
     <span class='ocr_line' id='line_1_3' title="bbox 708 723 2062 798; baseline 0.001 -16"><span class='ocrx_word' id='word_1_11' title='bbox 708 724 787 783; x_wconf 85' lang='lat' dir='ltr'><strong>Et</strong></span> <span class='ocrx_word' id='word_1_12' title='bbox 814 723 1031 783; x_wconf 86' lang='lat' dir='ltr'><strong>bicolor</strong></span> <span class='ocrx_word' id='word_1_13' title='bbox 1059 723 1202 783; x_wconf 77' lang='lat' dir='ltr'><strong>caeli</strong></span> <span class='ocrx_word' id='word_1_14' title='bbox 1230 723 1409 784; x_wconf 81' lang='lat' dir='ltr'><strong>facies</strong></span> <span class='ocrx_word' id='word_1_15' title='bbox 1440 723 1509 784; x_wconf 89' lang='lat' dir='ltr'><strong>de</strong></span> <span class='ocrx_word' id='word_1_16' title='bbox 1539 727 1706 785; x_wconf 87' lang='lat' dir='ltr'><strong>nocte</strong></span> <span class='ocrx_word' id='word_1_17' title='bbox 1736 725 1940 798; x_wconf 88' lang='lat' dir='ltr'><strong>dieque</strong></span> <span class='ocrx_word' id='word_1_18' title='bbox 1971 728 2062 784; x_wconf 89' lang='lat' dir='ltr'><strong>est</strong></span> 
     </span>
     <span class='ocr_line' id='line_1_4' title="bbox 712 825 2174 901; baseline 0.001 -16"><span class='ocrx_word' id='word_1_19' title='bbox 712 827 1018 886; x_wconf 80' lang='lat' dir='ltr'><strong>Instabant</strong></span> <span class='ocrx_word' id='word_1_20' title='bbox 1044 827 1281 886; x_wconf 89' lang='lat' dir='ltr'><strong>iuuenes</strong></span> <span class='ocrx_word' id='word_1_21' title='bbox 1312 825 1650 886; x_wconf 77' lang='lat' dir='ltr'>chaldaeam</span> <span class='ocrx_word' id='word_1_22' title='bbox 1681 829 1916 900; x_wconf 84' lang='lat' dir='ltr'><strong>educere</strong></span> <span class='ocrx_word' id='word_1_23' title='bbox 1945 829 2174 901; x_wconf 77' lang='lat' dir='ltr'><strong>gentem</strong></span> 
     </span>
     <span class='ocr_line' id='line_1_5' title="bbox 714 917 2166 1004; baseline -0.001 -16"><span class='ocrx_word' id='word_1_24' title='bbox 714 929 800 988; x_wconf 81' lang='lat' dir='ltr'><strong>Ex</strong></span> <span class='ocrx_word' id='word_1_25' title='bbox 828 927 1083 990; x_wconf 79' lang='lat' dir='ltr'>Sodomis</span> <span class='ocrx_word' id='word_1_26' title='bbox 1113 928 1433 1004; x_wconf 79' lang='lat' dir='ltr'><strong>iustamque</strong></span> <span class='ocrx_word' id='word_1_27' title='bbox 1463 917 1689 989; x_wconf 76' lang='lat' dir='ltr'><strong>domum</strong></span> <span class='ocrx_word' id='word_1_28' title='bbox 1719 930 1929 990; x_wconf 82' lang='lat' dir='ltr'><strong>donare</strong></span> <span class='ocrx_word' id='word_1_29' title='bbox 1960 929 2166 990; x_wconf 79' lang='lat' dir='ltr'><strong>saluti:</strong></span> 
     </span>
     <span class='ocr_line' id='line_1_6' title="bbox 588 1031 2240 1108; baseline 0 -16"><span class='ocrx_word' id='word_1_30' title='bbox 588 1033 670 1092; x_wconf 86' lang='grc'><strong>85</strong></span> <span class='ocrx_word' id='word_1_31' title='bbox 714 1032 821 1092; x_wconf 76' lang='lat' dir='ltr'><strong>Eis</strong></span> <span class='ocrx_word' id='word_1_32' title='bbox 850 1049 957 1107; x_wconf 80' lang='lat' dir='ltr'><strong>age</strong></span> <span class='ocrx_word' id='word_1_33' title='bbox 986 1033 1136 1092; x_wconf 85' lang='lat' dir='ltr'><strong>Loth</strong></span> <span class='ocrx_word' id='word_1_34' title='bbox 1166 1047 1402 1108; x_wconf 82' lang='lat' dir='ltr'><strong>exsurge</strong></span> <span class='ocrx_word' id='word_1_35' title='bbox 1432 1035 1700 1107; x_wconf 80' lang='lat' dir='ltr'><strong>tuamque</strong></span> <span class='ocrx_word' id='word_1_36' title='bbox 1730 1034 1962 1093; x_wconf 83' lang='lat' dir='ltr'><strong>adsume</strong></span> <span class='ocrx_word' id='word_1_37' title='bbox 1990 1031 2240 1107; x_wconf 76' lang='lat' dir='ltr'><strong>iugalem</strong></span> 
     </span>
     <span class='ocr_line' id='line_1_7' title="bbox 712 1135 2118 1211; baseline 0.001 -16"><span class='ocrx_word' id='word_1_38' title='bbox 712 1137 791 1195; x_wconf 86' lang='lat' dir='ltr'><strong>Et</strong></span> <span class='ocrx_word' id='word_1_39' title='bbox 816 1139 983 1196; x_wconf 75' lang='lat' dir='ltr'><strong>natas</strong></span> <span class='ocrx_word' id='word_1_40' title='bbox 1012 1135 1271 1210; x_wconf 78' lang='lat' dir='ltr'><strong>duplices</strong></span> <span class='ocrx_word' id='word_1_41' title='bbox 1298 1139 1467 1211; x_wconf 82' lang='lat' dir='ltr'><strong>atque</strong></span> <span class='ocrx_word' id='word_1_42' title='bbox 1496 1137 1631 1197; x_wconf 87' lang='lat' dir='ltr'><strong>hinc</strong></span> <span class='ocrx_word' id='word_1_43' title='bbox 1661 1137 2007 1196; x_wconf 85' lang='lat' dir='ltr'><strong>exterminus</strong></span> <span class='ocrx_word' id='word_1_44' title='bbox 2036 1136 2118 1197; x_wconf 82' lang='lat' dir='ltr'><strong>ito</strong></span> 
     </span>
     <span class='ocr_line' id='line_1_8' title="bbox 714 1237 2448 1314; baseline -0.001 -15"><span class='ocrx_word' id='word_1_45' title='bbox 714 1239 1095 1299; x_wconf 74' lang='lat' dir='ltr'><strong>Praeueniens</strong></span> <span class='ocrx_word' id='word_1_46' title='bbox 1126 1241 1421 1300; x_wconf 88' lang='lat' dir='ltr'><strong>Sodomum</strong></span> <span class='ocrx_word' id='word_1_47' title='bbox 1448 1255 1678 1314; x_wconf 79' lang='lat' dir='ltr'><strong>poenas.</strong></span> <span class='ocrx_word' id='word_1_48' title='bbox 1709 1240 1972 1300; x_wconf 87' lang='lat' dir='ltr'><strong>manibus</strong></span> <span class='ocrx_word' id='word_1_49' title='bbox 2004 1256 2225 1314; x_wconf 88' lang='lat' dir='ltr'><strong>queque</strong></span> <span class='ocrx_word' id='word_1_50' title='bbox 2248 1237 2448 1298; x_wconf 81' lang='lat' dir='ltr'><strong>amicis</strong></span> 
     </span>
     <span class='ocr_line' id='line_1_9' title="bbox 712 1343 2198 1417; baseline -0.002 -16"><span class='ocrx_word' id='word_1_51' title='bbox 712 1343 1044 1403; x_wconf 80' lang='lat' dir='ltr'>Producant</span> <span class='ocrx_word' id='word_1_52' title='bbox 1072 1343 1325 1417; x_wconf 87' lang='lat' dir='ltr'><strong>trepidos</strong></span> <span class='ocrx_word' id='word_1_53' title='bbox 1348 1346 1407 1403; x_wconf 88' lang='lat' dir='ltr'><strong>et</strong></span> <span class='ocrx_word' id='word_1_54' title='bbox 1437 1343 1649 1403; x_wconf 81' lang='lat' dir='ltr'><strong>ibidem</strong></span> <span class='ocrx_word' id='word_1_55' title='bbox 1681 1345 1868 1403; x_wconf 80' lang='lat' dir='ltr'><strong>cetera</strong></span> <span class='ocrx_word' id='word_1_56' title='bbox 1895 1343 2198 1403; x_wconf 79' lang='lat' dir='ltr'><strong>mandant:</strong></span> 
     </span>
     <span class='ocr_line' id='line_1_10' title="bbox 714 1447 2324 1521; baseline -0.001 -15"><span class='ocrx_word' id='word_1_57' title='bbox 714 1449 887 1508; x_wconf 77' lang='lat' dir='ltr'><strong>Serus</strong></span> <span class='ocrx_word' id='word_1_58' title='bbox 915 1447 1063 1506; x_wconf 89' lang='lat' dir='ltr'><strong>Loth</strong></span> <span class='ocrx_word' id='word_1_59' title='bbox 1094 1447 1339 1506; x_wconf 78' lang='lat' dir='ltr'><strong>animam</strong></span> <span class='ocrx_word' id='word_1_60' title='bbox 1368 1463 1480 1507; x_wconf 89' lang='lat' dir='ltr'><strong>neu</strong></span> <span class='ocrx_word' id='word_1_61' title='bbox 1509 1447 1698 1506; x_wconf 87' lang='lat' dir='ltr'><strong>uisum</strong></span> <span class='ocrx_word' id='word_1_62' title='bbox 1727 1447 1788 1506; x_wconf 91' lang='lat' dir='ltr'><strong>in</strong></span> <span class='ocrx_word' id='word_1_63' title='bbox 1816 1449 1981 1521; x_wconf 82' lang='lat' dir='ltr'><strong>terga</strong></span> <span class='ocrx_word' id='word_1_64' title='bbox 2014 1448 2324 1506; x_wconf 76' lang='lat' dir='ltr'><strong>retrorsum</strong></span> 
     </span>
     <span class='ocr_line' id='line_1_11' title="bbox 589 1549 2254 1624; baseline 0.001 -16"><span class='ocrx_word' id='word_1_65' title='bbox 589 1551 673 1610; x_wconf 88' lang='grc'><strong>90</strong></span> <span class='ocrx_word' id='word_1_66' title='bbox 714 1549 950 1610; x_wconf 76' lang='lat' dir='ltr'><strong>Vertere</strong></span> <span class='ocrx_word' id='word_1_67' title='bbox 979 1550 1127 1610; x_wconf 85' lang='lat' dir='ltr'><strong>forte</strong></span> <span class='ocrx_word' id='word_1_68' title='bbox 1156 1550 1305 1609; x_wconf 90' lang='lat' dir='ltr'><strong>uelis</strong></span> <span class='ocrx_word' id='word_1_69' title='bbox 1335 1552 1589 1624; x_wconf 84' lang='lat' dir='ltr'><strong>coeptum</strong></span> <span class='ocrx_word' id='word_1_70' title='bbox 1623 1550 1716 1608; x_wconf 88' lang='lat' dir='ltr'><strong>uel</strong></span> <span class='ocrx_word' id='word_1_71' title='bbox 1747 1551 1946 1618; x_wconf 84' lang='lat' dir='ltr'><strong>sistere</strong></span> <span class='ocrx_word' id='word_1_72' title='bbox 1964 1559 2254 1624; x_wconf 74' lang='lat' dir='ltr'><strong>‘gl-essum,</strong></span> 
     </span>
     <span class='ocr_line' id='line_1_12' title="bbox 716 1653 2156 1728; baseline -0.001 -15"><span class='ocrx_word' id='word_1_73' title='bbox 716 1655 789 1713; x_wconf 89' lang='lat' dir='ltr'><strong>In</strong></span> <span class='ocrx_word' id='word_1_74' title='bbox 816 1657 1064 1714; x_wconf 88' lang='lat' dir='ltr'><strong>montem</strong></span> <span class='ocrx_word' id='word_1_75' title='bbox 1092 1669 1353 1728; x_wconf 84' lang='lat' dir='ltr'><strong>propera.</strong></span> <span class='ocrx_word' id='word_1_76' title='bbox 1386 1653 1579 1712; x_wconf 85' lang='lat' dir='ltr'><strong>timuit</strong></span> <span class='ocrx_word' id='word_1_77' title='bbox 1606 1653 1758 1712; x_wconf 87' lang='lat' dir='ltr'><strong>Loth</strong></span> <span class='ocrx_word' id='word_1_78' title='bbox 1785 1655 1963 1713; x_wconf 80' lang='lat' dir='ltr'><strong>ardua</strong></span> <span class='ocrx_word' id='word_1_79' title='bbox 1990 1653 2156 1713; x_wconf 78' lang='lat' dir='ltr'><strong>tardo</strong></span> 
     </span>
     <span class='ocr_line' id='line_1_13' title="bbox 710 1755 1960 1832; baseline -0.001 -16"><span class='ocrx_word' id='word_1_80' title='bbox 710 1758 983 1832; x_wconf 81' lang='lat' dir='ltr'><strong>Ereptare</strong></span> <span class='ocrx_word' id='word_1_81' title='bbox 1011 1757 1211 1832; x_wconf 74' lang='lat' dir='ltr'><strong>gradu,</strong></span> <span class='ocrx_word' id='word_1_82' title='bbox 1244 1755 1519 1816; x_wconf 82' lang='lat' dir='ltr'><strong>caelestes</strong></span> <span class='ocrx_word' id='word_1_83' title='bbox 1549 1771 1620 1816; x_wconf 89' lang='lat' dir='ltr'><strong>ne</strong></span> <span class='ocrx_word' id='word_1_84' title='bbox 1655 1756 1813 1829; x_wconf 86' lang='lat' dir='ltr'><strong>prius</strong></span> <span class='ocrx_word' id='word_1_85' title='bbox 1841 1756 1960 1815; x_wconf 82' lang='lat' dir='ltr'><strong>irae</strong></span> 
     </span>
     <span class='ocr_line' id='line_1_14' title="bbox 721 1859 2042 1934; baseline -0.002 -14"><span class='ocrx_word' id='word_1_86' title='bbox 721 1861 1119 1934; x_wconf 83' lang='lat' dir='ltr'><strong>Opprimerent</strong></span> <span class='ocrx_word' id='word_1_87' title='bbox 1141 1859 1305 1920; x_wconf 79' lang='lat' dir='ltr'><strong>ines:</strong></span> <span class='ocrx_word' id='word_1_88' title='bbox 1337 1860 1480 1920; x_wconf 83' lang='lat' dir='ltr'><strong>alios</strong></span> <span class='ocrx_word' id='word_1_89' title='bbox 1512 1861 1814 1933; x_wconf 87' lang='lat' dir='ltr'><strong>deposcere</strong></span> <span class='ocrx_word' id='word_1_90' title='bbox 1842 1859 2042 1933; x_wconf 86' lang='lat' dir='ltr'><strong>portus</strong></span> 
     </span>
     <span class='ocr_line' id='line_1_15' title="bbox 718 1965 2342 2040; baseline 0.001 -16"><span class='ocrx_word' id='word_1_91' title='bbox 718 1965 1089 2038; x_wconf 77' lang='lat' dir='ltr'><strong>Aggreditur,</strong></span> <span class='ocrx_word' id='word_1_92' title='bbox 1118 1981 1351 2040; x_wconf 81' lang='lat' dir='ltr'><strong>paruam</strong></span> <span class='ocrx_word' id='word_1_93' title='bbox 1382 1981 1548 2039; x_wconf 79' lang='lat' dir='ltr'><strong>quam</strong></span> <span class='ocrx_word' id='word_1_94' title='bbox 1579 1966 1776 2024; x_wconf 83' lang='lat' dir='ltr'><strong>contra</strong></span> <span class='ocrx_word' id='word_1_95' title='bbox 1804 1965 2102 2038; x_wconf 74' lang='lat' dir='ltr'><strong>aspexerat</strong></span> <span class='ocrx_word' id='word_1_96' title='bbox 2126 1965 2342 2025; x_wconf 89' lang='lat' dir='ltr'><strong>urbem.</strong></span> 
     </span>
     <span class='ocr_line' id='line_1_16' title="bbox 593 2059 2241 2144; baseline 0 -17"><span class='ocrx_word' id='word_1_97' title='bbox 593 2069 675 2127; x_wconf 83' lang='lat'><strong>95</strong></span> <span class='ocrx_word' id='word_1_98' title='bbox 720 2068 867 2140; x_wconf 91' lang='lat' dir='ltr'><strong>Huc,</strong></span> <span class='ocrx_word' id='word_1_99' title='bbox 898 2059 1104 2142; x_wconf 88' lang='lat' dir='ltr'><strong>inquit,</strong></span> <span class='ocrx_word' id='word_1_100' title='bbox 1135 2068 1275 2144; x_wconf 80' lang='lat' dir='ltr'><strong>fuga</strong></span> <span class='ocrx_word' id='word_1_101' title='bbox 1304 2069 1400 2143; x_wconf 87' lang='lat' dir='ltr'><strong>sit,</strong></span> <span class='ocrx_word' id='word_1_102' title='bbox 1435 2070 1585 2129; x_wconf 87' lang='lat' dir='ltr'><strong>certe</strong></span> <span class='ocrx_word' id='word_1_103' title='bbox 1613 2069 1710 2128; x_wconf 89' lang='lat' dir='ltr'><strong>uix</strong></span> <span class='ocrx_word' id='word_1_104' title='bbox 1738 2067 2032 2129; x_wconf 89' lang='lat' dir='ltr'><strong>moenibus</strong></span> <span class='ocrx_word' id='word_1_105' title='bbox 2062 2069 2241 2141; x_wconf 81' lang='lat' dir='ltr'><strong>extat,</strong></span> 
     </span>
     <span class='ocr_line' id='line_1_17' title="bbox 718 2172 2122 2247; baseline 0 -17"><span class='ocrx_word' id='word_1_106' title='bbox 718 2173 837 2232; x_wconf 87' lang='lat' dir='ltr'><strong>Nec</strong></span> <span class='ocrx_word' id='word_1_107' title='bbox 862 2172 1054 2247; x_wconf 79' lang='lat' dir='ltr'><strong>longe,</strong></span> <span class='ocrx_word' id='word_1_108' title='bbox 1084 2191 1189 2232; x_wconf 90' lang='lat' dir='ltr'><strong>nec</strong></span> <span class='ocrx_word' id='word_1_109' title='bbox 1216 2189 1425 2247; x_wconf 81' lang='lat' dir='ltr'><strong>magna</strong></span> <span class='ocrx_word' id='word_1_110' title='bbox 1454 2173 1615 2232; x_wconf 89' lang='lat' dir='ltr'><strong>mihi.</strong></span> <span class='ocrx_word' id='word_1_111' title='bbox 1649 2173 1842 2232; x_wconf 84' lang='lat' dir='ltr'><strong>fauere</strong></span> <span class='ocrx_word' id='word_1_112' title='bbox 1871 2172 2122 2246; x_wconf 81' lang='lat' dir='ltr'><strong>pauenti,</strong></span> 
     </span>
     <span class='ocr_line' id='line_1_18' title="bbox 678 2275 2002 2350; baseline 0 -16"><span class='ocrx_word' id='word_1_113' title='bbox 678 2335 685 2347; x_wconf 82' lang='grc'><strong>,</strong></span> <span class='ocrx_word' id='word_1_114' title='bbox 722 2275 897 2335; x_wconf 84' lang='lat' dir='ltr'><strong>Vrbis</strong></span> <span class='ocrx_word' id='word_1_115' title='bbox 926 2280 987 2336; x_wconf 91' lang='lat' dir='ltr'><strong>et</strong></span> <span class='ocrx_word' id='word_1_116' title='bbox 1016 2277 1196 2350; x_wconf 83' lang='lat' dir='ltr'><strong>ipsius</strong></span> <span class='ocrx_word' id='word_1_117' title='bbox 1226 2276 1445 2350; x_wconf 80' lang='lat' dir='ltr'><strong>pariter</strong></span> <span class='ocrx_word' id='word_1_118' title='bbox 1474 2291 1696 2336; x_wconf 81' lang='lat' dir='ltr'><strong>cessere</strong></span> <span class='ocrx_word' id='word_1_119' title='bbox 1728 2275 2002 2336; x_wconf 80' lang='lat' dir='ltr'><strong>salutem:</strong></span> 
     </span>
     <span class='ocr_line' id='line_1_19' title="bbox 720 2377 2062 2453; baseline -0.001 -15"><span class='ocrx_word' id='word_1_120' title='bbox 720 2380 895 2453; x_wconf 90' lang='lat' dir='ltr'><strong>Segor</strong></span> <span class='ocrx_word' id='word_1_121' title='bbox 924 2380 1057 2439; x_wconf 90' lang='lat' dir='ltr'><strong>inde</strong></span> <span class='ocrx_word' id='word_1_122' title='bbox 1084 2379 1209 2440; x_wconf 88' lang='lat' dir='ltr'><strong>loco</strong></span> <span class='ocrx_word' id='word_1_123' title='bbox 1238 2397 1442 2439; x_wconf 90' lang='lat' dir='ltr'><strong>nomen</strong></span> <span class='ocrx_word' id='word_1_124' title='bbox 1470 2396 1580 2438; x_wconf 84' lang='lat' dir='ltr'><strong>uox</strong></span> <span class='ocrx_word' id='word_1_125' title='bbox 1608 2379 1854 2438; x_wconf 82' lang='lat' dir='ltr'><strong>barbara</strong></span> <span class='ocrx_word' id='word_1_126' title='bbox 1882 2377 2062 2438; x_wconf 88' lang='lat' dir='ltr'><strong>nouit.</strong></span> 
     </span>
     <span class='ocr_line' id='line_1_20' title="bbox 722 2480 2254 2556; baseline -0.001 -17"><span class='ocrx_word' id='word_1_127' title='bbox 722 2481 880 2540; x_wconf 84' lang='lat' dir='ltr'><strong>Tunc</strong></span> <span class='ocrx_word' id='word_1_128' title='bbox 910 2481 1061 2541; x_wconf 85' lang='lat' dir='ltr'><strong>Loth</strong></span> <span class='ocrx_word' id='word_1_129' title='bbox 1088 2481 1409 2555; x_wconf 76' lang='lat' dir='ltr'><strong>ing-reditur</strong></span> <span class='ocrx_word' id='word_1_130' title='bbox 1439 2482 1633 2556; x_wconf 85' lang='lat' dir='ltr'><strong>Segor,</strong></span> <span class='ocrx_word' id='word_1_131' title='bbox 1669 2480 1838 2540; x_wconf 89' lang='lat' dir='ltr'><strong>simul</strong></span> <span class='ocrx_word' id='word_1_132' title='bbox 1869 2481 2120 2540; x_wconf 85' lang='lat' dir='ltr'><strong>exoritur</strong></span> <span class='ocrx_word' id='word_1_133' title='bbox 2149 2480 2254 2553; x_wconf 87' lang='lat' dir='ltr'><strong>sel,</strong></span> 
     </span>
     <span class='ocr_line' id='line_1_21' title="bbox 556 2582 2359 2660; baseline 0.001 -19"><span class='ocrx_word' id='word_1_134' title='bbox 556 2585 678 2643; x_wconf 91' lang='grc'><strong>100</strong></span> <span class='ocrx_word' id='word_1_135' title='bbox 723 2583 971 2643; x_wconf 75' lang='lat' dir='ltr'><strong>Vltimus</strong></span> <span class='ocrx_word' id='word_1_136' title='bbox 1001 2582 1101 2643; x_wconf 91' lang='lat' dir='ltr'><strong>ille</strong></span> <span class='ocrx_word' id='word_1_137' title='bbox 1131 2585 1355 2657; x_wconf 88' lang='lat' dir='ltr'><strong>quidem</strong></span> <span class='ocrx_word' id='word_1_138' title='bbox 1388 2584 1662 2660; x_wconf 88' lang='lat' dir='ltr'><strong>Sodomis,</strong></span> <span class='ocrx_word' id='word_1_139' title='bbox 1693 2586 1809 2643; x_wconf 81' lang='lat' dir='ltr'><strong>iam</strong></span> <span class='ocrx_word' id='word_1_140' title='bbox 1837 2582 2101 2644; x_wconf 82' lang='lat' dir='ltr'><strong>incendia</strong></span> <span class='ocrx_word' id='word_1_141' title='bbox 2130 2583 2359 2645; x_wconf 86' lang='lat' dir='ltr'><strong>feruens</strong></span> 
     </span>
     <span class='ocr_line' id='line_1_22' title="bbox 558 2670 1801 2763; baseline 0.003 -20"><span class='ocrx_word' id='word_1_142' title='bbox 558 2670 577 2707; x_wconf 79' lang='lat'><strong><em>‘</em></strong></span> <span class='ocrx_word' id='word_1_143' title='bbox 720 2685 909 2745; x_wconf 81' lang='lat' dir='ltr'><strong>Iratus</strong></span> <span class='ocrx_word' id='word_1_144' title='bbox 940 2688 1061 2746; x_wconf 88' lang='lat' dir='ltr'><strong>toto</strong></span> <span class='ocrx_word' id='word_1_145' title='bbox 1090 2688 1281 2747; x_wconf 80' lang='lat' dir='ltr'><strong>radios</strong></span> <span class='ocrx_word' id='word_1_146' title='bbox 1308 2690 1632 2748; x_wconf 79' lang='lat' dir='ltr'><strong>armauerat</strong></span> <span class='ocrx_word' id='word_1_147' title='bbox 1659 2687 1801 2763; x_wconf 80' lang='lat' dir='ltr'><strong>igni.</strong></span> 
     </span>
    </p>
   </div>
   <div class='ocr_carea' id='block_1_3' title="bbox 348 2972 2584 3132">
    <p class='ocr_par' dir='ltr' id='par_1_3' title="bbox 348 2972 2584 3132">
     <span class='ocr_line' id='line_1_23' title="bbox 483 2972 2584 3041; baseline -0 -13"><span class='ocrx_word' id='word_1_148' title='bbox 483 2974 550 3028; x_wconf 84' lang='lat'><strong>81</strong></span> <span class='ocrx_word' id='word_1_149' title='bbox 586 2990 703 3029; x_wconf 85' lang='lat' dir='ltr'><strong>mox</strong></span> <span class='ocrx_word' id='word_1_150' title='bbox 737 2991 836 3028; x_wconf 88' lang='lat' dir='ltr'><strong>om.</strong></span> <span class='ocrx_word' id='word_1_151' title='bbox 874 2975 928 3027; x_wconf 99' lang='lat' dir='ltr'><strong>A</strong></span> <span class='ocrx_word' id='word_1_152' title='bbox 1207 2974 1532 3029; x_wconf 74' lang='lat' dir='ltr'><strong>tenebrescit</strong></span> <span class='ocrx_word' id='word_1_153' title='bbox 1566 2975 1801 3030; x_wconf 86' lang='lat' dir='ltr'><strong>scindere</strong></span> <span class='ocrx_word' id='word_1_154' title='bbox 1833 2975 1908 3041; x_wconf 83' lang='lat' dir='ltr'><strong>H,</strong></span> <span class='ocrx_word' id='word_1_155' title='bbox 1959 2974 2204 3029; x_wconf 78' lang='lat' dir='ltr'><strong>tenebras</strong></span> <span class='ocrx_word' id='word_1_156' title='bbox 2239 2972 2584 3030; x_wconf 80' lang='lat' dir='ltr'><strong>conscendere</strong></span> 
     </span>
     <span class='ocr_line' id='line_1_24' title="bbox 348 3060 2530 3132; baseline -0.001 -14"><span class='ocrx_word' id='word_1_157' title='bbox 348 3061 462 3127; x_wconf 81' lang='lat' dir='ltr'><strong>Rv3</strong></span> <span class='ocrx_word' id='word_1_158' title='bbox 498 3063 539 3117; x_wconf 87' lang='lat' dir='ltr'><strong>t.</strong></span> <span class='ocrx_word' id='word_1_159' title='bbox 576 3060 887 3115; x_wconf 83' lang='lat' dir='ltr'><strong>confundere</strong></span> <span class='ocrx_word' id='word_1_160' title='bbox 923 3062 1094 3131; x_wconf 84' lang='lat' dir='ltr'><strong>gestit</strong></span> <span class='ocrx_word' id='word_1_161' title='bbox 1136 3060 1453 3117; x_wconf 76' lang='lat' dir='ltr'><strong>Gronouius</strong></span> <span class='ocrx_word' id='word_1_162' title='bbox 1783 3062 1854 3115; x_wconf 80' lang='lat'><strong>82</strong></span> <span class='ocrx_word' id='word_1_163' title='bbox 1887 3061 2102 3132; x_wconf 88' lang='lat' dir='ltr'><strong>bicolor]</strong></span> <span class='ocrx_word' id='word_1_164' title='bbox 2141 3060 2247 3116; x_wconf 86' lang='lat' dir='ltr'><strong>tibi</strong></span> <span class='ocrx_word' id='word_1_165' title='bbox 2281 3061 2426 3117; x_wconf 87' lang='lat' dir='ltr'><strong>color</strong></span> <span class='ocrx_word' id='word_1_166' title='bbox 2457 3061 2530 3115; x_wconf 87' lang='lat' dir='ltr'><strong><em>H</em></strong></span> 
     </span>
    </p>
   </div>
   <div class='ocr_carea' id='block_1_4' title="bbox 346 3142 2590 3243">
    <p class='ocr_par' dir='ltr' id='par_1_4' title="bbox 346 3142 2590 3243">
     <span class='ocr_line' id='line_1_25' title="bbox 346 3142 2590 3243; baseline 0 -16"><span class='ocrx_word' id='word_1_167' title='bbox 346 3174 483 3229; x_wconf 66' lang='lat' dir='ltr'><strong>fecie</strong></span> <span class='ocrx_word' id='word_1_168' title='bbox 516 3173 573 3226; x_wconf 90' lang='lat' dir='ltr'><strong>A</strong></span> <span class='ocrx_word' id='word_1_169' title='bbox 832 3174 901 3227; x_wconf 89' lang='lat'><strong>83</strong></span> <span class='ocrx_word' id='word_1_170' title='bbox 936 3171 1213 3227; x_wconf 77' lang='lat' dir='ltr'><strong>instabant</strong></span> <span class='ocrx_word' id='word_1_171' title='bbox 1246 3173 1437 3227; x_wconf 79' lang='lat' dir='ltr'><strong>iubant</strong></span> <span class='ocrx_word' id='word_1_172' title='bbox 1471 3142 1622 3227; x_wconf 63' lang='grc' dir='ltr'><strong>ἰιιιιέἔ</strong></span> <span class='ocrx_word' id='word_1_173' title='bbox 1657 3172 1712 3227; x_wconf 96' lang='lat' dir='ltr'><strong>A</strong></span> <span class='ocrx_word' id='word_1_174' title='bbox 1948 3176 2163 3243; x_wconf 85' lang='lat' dir='ltr'><strong>gentem</strong></span> <span class='ocrx_word' id='word_1_175' title='bbox 2186 3215 2197 3225; x_wconf 90' lang='lat'><strong>.</strong></span> <span class='ocrx_word' id='word_1_176' title='bbox 2220 3214 2231 3225; x_wconf 95' lang='lat'><strong>.</strong></span> <span class='ocrx_word' id='word_1_177' title='bbox 2254 3215 2266 3227; x_wconf 90' lang='lat'><em>.</em></span> <span class='ocrx_word' id='word_1_178' title='bbox 2285 3176 2360 3229; x_wconf 72' lang='lat'><strong>84</strong></span> <span class='ocrx_word' id='word_1_179' title='bbox 2391 3172 2590 3229; x_wconf 72' lang='lat' dir='ltr'><strong>donare</strong></span> 
     </span>
    </p>
   </div>
   <div class='ocr_carea' id='block_1_5' title="bbox 346 3250 2715 3339">
    <p class='ocr_par' dir='ltr' id='par_1_5' title="bbox 346 3250 2715 3339">
     <span class='ocr_line' id='line_1_26' title="bbox 346 3250 2715 3339; baseline -0.002 -15"><span class='ocrx_word' id='word_1_180' title='bbox 346 3284 447 3324; x_wconf 81' lang='lat' dir='ltr'><strong>om.</strong></span> <span class='ocrx_word' id='word_1_181' title='bbox 482 3268 539 3324; x_wconf 82' lang='lat' dir='ltr'><em>R</em></span> <span class='ocrx_word' id='word_1_182' title='bbox 740 3269 809 3322; x_wconf 85' lang='lat'><strong>84</strong></span> <span class='ocrx_word' id='word_1_183' title='bbox 844 3269 923 3339; x_wconf 83' lang='lat' dir='ltr'><strong>ex]</strong></span> <span class='ocrx_word' id='word_1_184' title='bbox 960 3268 1027 3321; x_wconf 84' lang='lat' dir='ltr'><strong>de</strong></span> <span class='ocrx_word' id='word_1_185' title='bbox 1051 3267 1106 3322; x_wconf 96' lang='lat' dir='ltr'><strong>A</strong></span> <span class='ocrx_word' id='word_1_186' title='bbox 1254 3251 1535 3323; x_wconf 56' lang='lat' dir='ltr'><strong>n8&#39;5&#39;1&#39;1eia</strong></span> <span class='ocrx_word' id='word_1_187' title='bbox 1558 3270 1611 3322; x_wconf 90' lang='lat' dir='ltr'><strong>A</strong></span> <span class='ocrx_word' id='word_1_188' title='bbox 1829 3268 1898 3322; x_wconf 87' lang='grc'><strong>86</strong></span> <span class='ocrx_word' id='word_1_189' title='bbox 1932 3266 2202 3337; x_wconf 84' lang='lat' dir='ltr'><strong>dupplices</strong></span> <span class='ocrx_word' id='word_1_190' title='bbox 2237 3267 2294 3323; x_wconf 82' lang='lat' dir='ltr'><em>R</em></span> <span class='ocrx_word' id='word_1_191' title='bbox 2499 3284 2588 3322; x_wconf 81' lang='lat' dir='ltr'><strong>ex·</strong></span> <span class='ocrx_word' id='word_1_192' title='bbox 2705 3250 2715 3279; x_wconf 77' lang='lat'>⁸</span> 
     </span>
    </p>
   </div>
   <div class='ocr_carea' id='block_1_6' title="bbox 344 3352 2676 3941">
    <p class='ocr_par' dir='ltr' id='par_1_6' title="bbox 345 3352 2518 3425">
     <span class='ocr_line' id='line_1_27' title="bbox 345 3352 2518 3425; baseline -0.001 -16"><span class='ocrx_word' id='word_1_193' title='bbox 345 3355 593 3410; x_wconf 72' lang='lat' dir='ltr'><strong>terminis</strong></span> <span class='ocrx_word' id='word_1_194' title='bbox 626 3352 691 3409; x_wconf 88' lang='lat' dir='ltr'><strong><em>H</em></strong></span> <span class='ocrx_word' id='word_1_195' title='bbox 946 3356 1013 3409; x_wconf 89' lang='grc'><strong>87</strong></span> <span class='ocrx_word' id='word_1_196' title='bbox 1050 3356 1361 3425; x_wconf 77' lang='lat' dir='ltr'><strong>proueniens</strong></span> <span class='ocrx_word' id='word_1_197' title='bbox 1396 3356 1451 3409; x_wconf 88' lang='lat' dir='ltr'><strong><em>A</em></strong></span> <span class='ocrx_word' id='word_1_198' title='bbox 1484 3355 1580 3409; x_wconf 77' lang='lat' dir='ltr'><strong>sed</strong></span> <span class='ocrx_word' id='word_1_199' title='bbox 1614 3371 1708 3424; x_wconf 84' lang='lat' dir='ltr'><strong>pre</strong></span> <span class='ocrx_word' id='word_1_200' title='bbox 1745 3371 1815 3409; x_wconf 77' lang='lat' dir='ltr'><strong>ex</strong></span> <span class='ocrx_word' id='word_1_201' title='bbox 1846 3370 1941 3424; x_wconf 84' lang='lat' dir='ltr'><strong>pro</strong></span> <span class='ocrx_word' id='word_1_202' title='bbox 2201 3371 2393 3424; x_wconf 85' lang='lat' dir='ltr'><strong>poenes</strong></span> <span class='ocrx_word' id='word_1_203' title='bbox 2427 3354 2518 3408; x_wconf 76' lang='lat' dir='ltr'><strong>H·</strong></span> 
     </span>
    </p>

    <p class='ocr_par' dir='ltr' id='par_1_7' title="bbox 344 3440 2676 3857">
     <span class='ocr_line' id='line_1_28' title="bbox 349 3440 2588 3512; baseline -0.001 -16"><span class='ocrx_word' id='word_1_204' title='bbox 349 3456 559 3511; x_wconf 83' lang='lat' dir='ltr'><strong>quoque</strong></span> <span class='ocrx_word' id='word_1_205' title='bbox 592 3456 661 3495; x_wconf 79' lang='lat' dir='ltr'><strong>ex</strong></span> <span class='ocrx_word' id='word_1_206' title='bbox 695 3457 831 3512; x_wconf 78' lang='lat' dir='ltr'><strong>aque</strong></span> <span class='ocrx_word' id='word_1_207' title='bbox 865 3444 921 3496; x_wconf 98' lang='lat' dir='ltr'><strong>A</strong></span> <span class='ocrx_word' id='word_1_208' title='bbox 1189 3443 1259 3496; x_wconf 88' lang='lat'><strong>88</strong></span> <span class='ocrx_word' id='word_1_209' title='bbox 1294 3445 1350 3495; x_wconf 91' lang='lat' dir='ltr'><strong>et</strong></span> <span class='ocrx_word' id='word_1_210' title='bbox 1384 3442 1583 3496; x_wconf 85' lang='lat' dir='ltr'><strong>ibidem</strong></span> <span class='ocrx_word' id='word_1_211' title='bbox 1619 3442 1690 3505; x_wconf 89' lang='lat' dir='ltr'><strong>A,</strong></span> <span class='ocrx_word' id='word_1_212' title='bbox 1727 3444 1888 3510; x_wconf 81' lang='lat' dir='ltr'><strong>atque</strong></span> <span class='ocrx_word' id='word_1_213' title='bbox 1923 3442 2053 3496; x_wconf 77' lang='lat' dir='ltr'><strong>haec</strong></span> <span class='ocrx_word' id='word_1_214' title='bbox 2086 3440 2166 3495; x_wconf 91' lang='lat' dir='ltr'><strong>ibi</strong></span> <span class='ocrx_word' id='word_1_215' title='bbox 2203 3440 2307 3506; x_wconf 86' lang='lat' dir='ltr'><strong>Rv,</strong></span> <span class='ocrx_word' id='word_1_216' title='bbox 2343 3441 2454 3508; x_wconf 61' lang='lat' dir='ltr'><strong>atq.</strong></span> <span class='ocrx_word' id='word_1_217' title='bbox 2489 3440 2588 3494; x_wconf 86' lang='lat' dir='ltr'><strong>hec</strong></span> 
     </span>
     <span class='ocr_line' id='line_1_29' title="bbox 344 3526 2588 3598; baseline -0.001 -17"><span class='ocrx_word' id='word_1_218' title='bbox 344 3527 451 3581; x_wconf 79' lang='lat' dir='ltr'><strong>tibi</strong></span> <span class='ocrx_word' id='word_1_219' title='bbox 485 3528 556 3582; x_wconf 82' lang='lat' dir='ltr'><em>H</em></span> <span class='ocrx_word' id='word_1_220' title='bbox 828 3528 897 3583; x_wconf 90' lang='grc'><strong>89</strong></span> <span class='ocrx_word' id='word_1_221' title='bbox 933 3544 1083 3582; x_wconf 80' lang='lat' dir='ltr'><strong>serua</strong></span> <span class='ocrx_word' id='word_1_222' title='bbox 1118 3528 1254 3598; x_wconf 91' lang='lat' dir='ltr'><strong>leth]</strong></span> <span class='ocrx_word' id='word_1_223' title='bbox 1292 3531 1503 3582; x_wconf 81' lang='lat' dir='ltr'><strong>seruato</strong></span> <span class='ocrx_word' id='word_1_224' title='bbox 1540 3528 1614 3593; x_wconf 83' lang='lat' dir='ltr'><strong>R,</strong></span> <span class='ocrx_word' id='word_1_225' title='bbox 1649 3529 1859 3581; x_wconf 78' lang='lat' dir='ltr'><strong>seruato</strong></span> <span class='ocrx_word' id='word_1_226' title='bbox 1897 3530 2108 3581; x_wconf 81' lang='lat' dir='ltr'><strong>seruato</strong></span> <span class='ocrx_word' id='word_1_227' title='bbox 2143 3526 2197 3579; x_wconf 87' lang='lat' dir='ltr'><strong><em>A</em></strong></span> <span class='ocrx_word' id='word_1_228' title='bbox 2482 3541 2588 3579; x_wconf 89' lang='lat' dir='ltr'><strong>neu</strong></span> 
     </span>
     <span class='ocr_line' id='line_1_30' title="bbox 344 3612 2580 3683; baseline -0.001 -14"><span class='ocrx_word' id='word_1_229' title='bbox 344 3612 573 3681; x_wconf 56' lang='lat' dir='ltr'><strong>Miller,</strong></span> <span class='ocrx_word' id='word_1_230' title='bbox 608 3628 675 3667; x_wconf 88' lang='lat' dir='ltr'><strong>ne</strong></span> <span class='ocrx_word' id='word_1_231' title='bbox 708 3612 822 3681; x_wconf 83' lang='lat' dir='ltr'><strong>Hv,</strong></span> <span class='ocrx_word' id='word_1_232' title='bbox 856 3614 913 3667; x_wconf 88' lang='lat' dir='ltr'><strong>in</strong></span> <span class='ocrx_word' id='word_1_233' title='bbox 949 3614 1017 3676; x_wconf 83' lang='lat' dir='ltr'><strong>R,</strong></span> <span class='ocrx_word' id='word_1_234' title='bbox 1052 3628 1153 3667; x_wconf 85' lang='lat' dir='ltr'><strong>om.</strong></span> <span class='ocrx_word' id='word_1_235' title='bbox 1183 3615 1238 3668; x_wconf 89' lang='lat' dir='ltr'><strong><em>A</em></strong></span> <span class='ocrx_word' id='word_1_236' title='bbox 1372 3614 1551 3668; x_wconf 85' lang='lat' dir='ltr'><strong>uisum</strong></span> <span class='ocrx_word' id='word_1_237' title='bbox 1585 3629 1685 3668; x_wconf 89' lang='lat' dir='ltr'><strong>om.</strong></span> <span class='ocrx_word' id='word_1_238' title='bbox 1723 3612 1778 3666; x_wconf 87' lang='lat' dir='ltr'><strong>A</strong></span> <span class='ocrx_word' id='word_1_239' title='bbox 1913 3614 1972 3667; x_wconf 88' lang='lat' dir='ltr'><strong>in</strong></span> <span class='ocrx_word' id='word_1_240' title='bbox 2007 3616 2161 3683; x_wconf 79' lang='lat' dir='ltr'><strong>terga</strong></span> <span class='ocrx_word' id='word_1_241' title='bbox 2195 3615 2432 3667; x_wconf 85' lang='lat' dir='ltr'><strong>retusum</strong></span> <span class='ocrx_word' id='word_1_242' title='bbox 2467 3612 2519 3665; x_wconf 89' lang='lat' dir='ltr'><strong>A</strong></span> <span class='ocrx_word' id='word_1_243' title='bbox 2575 3650 2580 3655; x_wconf 89' lang='lat'>-</span> 
     </span>
     <span class='ocr_line' id='line_1_31' title="bbox 344 3686 2676 3769; baseline -0.001 -14"><span class='ocrx_word' id='word_1_244' title='bbox 344 3702 413 3755; x_wconf 82' lang='lat'><strong>91</strong></span> <span class='ocrx_word' id='word_1_245' title='bbox 448 3702 679 3755; x_wconf 71' lang='lat' dir='ltr'><strong>mentem</strong></span> <span class='ocrx_word' id='word_1_246' title='bbox 712 3702 768 3755; x_wconf 78' lang='lat' dir='ltr'><strong>A</strong></span> <span class='ocrx_word' id='word_1_247' title='bbox 939 3700 1009 3754; x_wconf 83' lang='lat'><strong>92</strong></span> <span class='ocrx_word' id='word_1_248' title='bbox 1042 3702 1199 3756; x_wconf 60' lang='lat' dir='ltr'><strong>irem</strong></span> <span class='ocrx_word' id='word_1_249' title='bbox 1234 3702 1303 3755; x_wconf 83' lang='grc' dir='ltr'><strong>Η</strong></span> <span class='ocrx_word' id='word_1_250' title='bbox 1452 3700 1523 3755; x_wconf 80' lang='grc'><strong>93</strong></span> <span class='ocrx_word' id='word_1_251' title='bbox 1557 3700 1684 3754; x_wconf 81' lang='lat' dir='ltr'><strong>mos</strong></span> <span class='ocrx_word' id='word_1_252' title='bbox 1721 3700 1854 3754; x_wconf 73' lang='lat' dir='ltr'><strong>auos</strong></span> <span class='ocrx_word' id='word_1_253' title='bbox 1890 3686 1968 3765; x_wconf 58' lang='lat' dir='ltr'><strong><em>A,</em></strong></span> <span class='ocrx_word' id='word_1_254' title='bbox 1997 3699 2131 3753; x_wconf 69' lang='lat' dir='ltr'><strong>alios</strong></span> <span class='ocrx_word' id='word_1_255' title='bbox 2166 3699 2339 3769; x_wconf 60' lang='lat' dir='ltr'><strong>igitur</strong></span> <span class='ocrx_word' id='word_1_256' title='bbox 2371 3697 2514 3754; x_wconf 70' lang='lat' dir='ltr'><strong>fflzv</strong></span> <span class='ocrx_word' id='word_1_257' title='bbox 2669 3756 2676 3769; x_wconf 65' lang='grc'><strong>,</strong></span> 
     </span>
     <span class='ocr_line' id='line_1_32' title="bbox 345 3785 2586 3857; baseline -0.001 -17"><span class='ocrx_word' id='word_1_258' title='bbox 345 3786 622 3857; x_wconf 83' lang='lat' dir='ltr'><strong>depostere</strong></span> <span class='ocrx_word' id='word_1_259' title='bbox 655 3787 712 3840; x_wconf 88' lang='lat' dir='ltr'><strong><em>A</em></strong></span> <span class='ocrx_word' id='word_1_260' title='bbox 894 3787 963 3840; x_wconf 84' lang='lat'><strong>94</strong></span> <span class='ocrx_word' id='word_1_261' title='bbox 996 3787 1271 3857; x_wconf 79' lang='lat' dir='ltr'><strong>egreditur</strong></span> <span class='ocrx_word' id='word_1_262' title='bbox 1308 3790 1371 3841; x_wconf 91' lang='lat' dir='ltr'><em>H</em></span> <span class='ocrx_word' id='word_1_263' title='bbox 1535 3801 1807 3856; x_wconf 80' lang='lat' dir='ltr'><strong>paruamq.</strong></span> <span class='ocrx_word' id='word_1_264' title='bbox 1845 3786 2029 3840; x_wconf 77' lang='lat' dir='ltr'><strong>contra</strong></span> <span class='ocrx_word' id='word_1_265' title='bbox 2063 3785 2134 3849; x_wconf 81' lang='lat' dir='ltr'><strong>R,</strong></span> <span class='ocrx_word' id='word_1_266' title='bbox 2169 3800 2388 3853; x_wconf 77' lang='lat' dir='ltr'><strong>paruam</strong></span> <span class='ocrx_word' id='word_1_267' title='bbox 2423 3798 2586 3853; x_wconf 78' lang='lat' dir='ltr'><strong>quam</strong></span> 
     </span>
    </p>

    <p class='ocr_par' dir='ltr' id='par_1_8' title="bbox 346 3869 2592 3941">
     <span class='ocr_line' id='line_1_33' title="bbox 346 3869 2592 3941; baseline -0.001 -14"><span class='ocrx_word' id='word_1_268' title='bbox 346 3886 465 3927; x_wconf 79' lang='lat' dir='ltr'><strong>cum</strong></span> <span class='ocrx_word' id='word_1_269' title='bbox 501 3869 561 3925; x_wconf 83' lang='grc' dir='ltr'><em>Η</em></span> <span class='ocrx_word' id='word_1_270' title='bbox 760 3873 831 3927; x_wconf 85' lang='grc'><strong>95</strong></span> <span class='ocrx_word' id='word_1_271' title='bbox 864 3872 998 3941; x_wconf 78' lang='lat' dir='ltr'><strong>fuge.</strong></span> <span class='ocrx_word' id='word_1_272' title='bbox 1032 3872 1109 3926; x_wconf 87' lang='lat' dir='ltr'><strong>sit</strong></span> <span class='ocrx_word' id='word_1_273' title='bbox 1142 3876 1283 3927; x_wconf 83' lang='lat' dir='ltr'><strong>certe</strong></span> <span class='ocrx_word' id='word_1_274' title='bbox 1320 3874 1390 3937; x_wconf 90' lang='lat' dir='ltr'><strong>A,</strong></span> <span class='ocrx_word' id='word_1_275' title='bbox 1425 3873 1463 3927; x_wconf 82' lang='lat' dir='ltr'><strong>f.</strong></span> <span class='ocrx_word' id='word_1_276' title='bbox 1500 3873 1549 3926; x_wconf 87' lang='lat' dir='ltr'><strong>si</strong></span> <span class='ocrx_word' id='word_1_277' title='bbox 1584 3874 1724 3927; x_wconf 85' lang='lat' dir='ltr'><strong>certe</strong></span> <span class='ocrx_word' id='word_1_278' title='bbox 1747 3872 1824 3936; x_wconf 87' lang='lat' dir='ltr'><strong>H,</strong></span> <span class='ocrx_word' id='word_1_279' title='bbox 1858 3870 2075 3926; x_wconf 86' lang='lat' dir='ltr'><strong>intende</strong></span> <span class='ocrx_word' id='word_1_280' title='bbox 2109 3871 2295 3939; x_wconf 77' lang='lat' dir='ltr'><strong>fugam</strong></span> <span class='ocrx_word' id='word_1_281' title='bbox 2331 3870 2433 3936; x_wconf 73' lang='lat' dir='ltr'><strong>Re,</strong></span> <span class='ocrx_word' id='word_1_282' title='bbox 2468 3885 2592 3926; x_wconf 90' lang='lat' dir='ltr'><strong>con·</strong></span> 
     </span>
    </p>
   </div>
   <div class='ocr_carea' id='block_1_7' title="bbox 345 3956 2594 4534">
    <p class='ocr_par' dir='ltr' id='par_1_9' title="bbox 345 3956 2594 4534">
     <span class='ocr_line' id='line_1_34' title="bbox 346 3956 2594 4029; baseline -0 -17"><span class='ocrx_word' id='word_1_283' title='bbox 346 3958 507 4014; x_wconf 82' lang='lat' dir='ltr'><strong>tendo</strong></span> <span class='ocrx_word' id='word_1_284' title='bbox 539 3959 697 4029; x_wconf 77' lang='lat' dir='ltr'><strong>fugas</strong></span> <span class='ocrx_word' id='word_1_285' title='bbox 732 3976 765 4015; x_wconf 82' lang='lat' dir='ltr'><strong><em>v</em></strong></span> <span class='ocrx_word' id='word_1_286' title='bbox 986 3959 1159 4014; x_wconf 81' lang='lat' dir='ltr'><strong>instat</strong></span> <span class='ocrx_word' id='word_1_287' title='bbox 1192 3962 1249 4015; x_wconf 89' lang='lat' dir='ltr'><strong>A</strong></span> <span class='ocrx_word' id='word_1_288' title='bbox 1473 3961 1541 4015; x_wconf 83' lang='lat'><strong>96</strong></span> <span class='ocrx_word' id='word_1_289' title='bbox 1575 3959 1738 4029; x_wconf 84' lang='lat' dir='ltr'><strong>longa.</strong></span> <span class='ocrx_word' id='word_1_290' title='bbox 1775 3976 1843 4014; x_wconf 74' lang='lat' dir='ltr'><strong>em</strong></span> <span class='ocrx_word' id='word_1_291' title='bbox 1877 3959 2040 4028; x_wconf 85' lang='lat' dir='ltr'><strong>longo</strong></span> <span class='ocrx_word' id='word_1_292' title='bbox 2078 3960 2133 4011; x_wconf 90' lang='lat' dir='ltr'><strong>A</strong></span> <span class='ocrx_word' id='word_1_293' title='bbox 2337 3956 2475 4013; x_wconf 84' lang='lat' dir='ltr'><strong>mihi</strong></span> <span class='ocrx_word' id='word_1_294' title='bbox 2509 3958 2594 4011; x_wconf 87' lang='lat' dir='ltr'><strong>est</strong></span> 
     </span>
     <span class='ocr_line' id='line_1_35' title="bbox 345 4042 2588 4115; baseline 0 -18"><span class='ocrx_word' id='word_1_295' title='bbox 345 4042 478 4110; x_wconf 81' lang='lat' dir='ltr'><strong>HR,</strong></span> <span class='ocrx_word' id='word_1_296' title='bbox 504 4086 517 4100; x_wconf 91' lang='lat'><strong>.</strong></span> <span class='ocrx_word' id='word_1_297' title='bbox 542 4046 639 4100; x_wconf 91' lang='lat' dir='ltr'><strong>Illi</strong></span> <span class='ocrx_word' id='word_1_298' title='bbox 672 4063 705 4101; x_wconf 85' lang='lat' dir='ltr'><strong><em>v</em></strong></span> <span class='ocrx_word' id='word_1_299' title='bbox 910 4046 1091 4100; x_wconf 79' lang='lat' dir='ltr'><strong>fauete</strong></span> <span class='ocrx_word' id='word_1_300' title='bbox 1125 4046 1399 4101; x_wconf 68' lang='lat' dir='ltr'><strong>Mor-elius</strong></span> <span class='ocrx_word' id='word_1_301' title='bbox 1614 4046 1836 4115; x_wconf 80' lang='lat' dir='ltr'><strong>pauenti</strong></span> <span class='ocrx_word' id='word_1_302' title='bbox 1869 4046 2081 4113; x_wconf 77' lang='lat' dir='ltr'><strong>scripsi,</strong></span> <span class='ocrx_word' id='word_1_303' title='bbox 2117 4044 2329 4113; x_wconf 81' lang='lat' dir='ltr'><strong>parenti</strong></span> <span class='ocrx_word' id='word_1_304' title='bbox 2363 4045 2435 4115; x_wconf 89' lang='lat' dir='ltr'><strong>A,</strong></span> <span class='ocrx_word' id='word_1_305' title='bbox 2474 4058 2588 4113; x_wconf 83' lang='lat' dir='ltr'><strong>pre-</strong></span> 
     </span>
     <span class='ocr_line' id='line_1_36' title="bbox 347 4129 2594 4201; baseline -0 -18"><span class='ocrx_word' id='word_1_306' title='bbox 347 4132 493 4183; x_wconf 76' lang='lat' dir='ltr'><strong>canti</strong></span> <span class='ocrx_word' id='word_1_307' title='bbox 528 4132 603 4196; x_wconf 83' lang='lat' dir='ltr'><strong>H,</strong></span> <span class='ocrx_word' id='word_1_308' title='bbox 638 4132 845 4201; x_wconf 82' lang='lat' dir='ltr'><strong>petenti</strong></span> <span class='ocrx_word' id='word_1_309' title='bbox 880 4130 937 4187; x_wconf 80' lang='lat' dir='ltr'><strong><em>R</em></strong></span> <span class='ocrx_word' id='word_1_310' title='bbox 1140 4133 1207 4186; x_wconf 79' lang='lat'><strong>9⁷</strong></span> <span class='ocrx_word' id='word_1_311' title='bbox 1243 4148 1451 4201; x_wconf 83' lang='lat' dir='ltr'><strong>gessere</strong></span> <span class='ocrx_word' id='word_1_312' title='bbox 1486 4133 1575 4188; x_wconf 85' lang='lat' dir='ltr'><strong>Rv</strong></span> <span class='ocrx_word' id='word_1_313' title='bbox 1781 4132 1953 4186; x_wconf 80' lang='lat' dir='ltr'><strong>salute</strong></span> <span class='ocrx_word' id='word_1_314' title='bbox 1987 4132 2047 4185; x_wconf 83' lang='lat' dir='ltr'><strong><em>H</em></strong></span> <span class='ocrx_word' id='word_1_315' title='bbox 2248 4129 2317 4184; x_wconf 88' lang='lat'><strong>98</strong></span> <span class='ocrx_word' id='word_1_316' title='bbox 2349 4130 2473 4185; x_wconf 89' lang='lat' dir='ltr'><strong>inde</strong></span> <span class='ocrx_word' id='word_1_317' title='bbox 2507 4146 2594 4182; x_wconf 84' lang='lat' dir='ltr'><strong>se·</strong></span> 
     </span>
     <span class='ocr_line' id='line_1_37' title="bbox 348 4214 2590 4289; baseline -0.002 -16"><span class='ocrx_word' id='word_1_318' title='bbox 348 4230 448 4282; x_wconf 81' lang='lat' dir='ltr'><strong>gor</strong></span> <span class='ocrx_word' id='word_1_319' title='bbox 478 4216 534 4272; x_wconf 82' lang='lat' dir='ltr'><em>R</em></span> <span class='ocrx_word' id='word_1_320' title='bbox 753 4219 925 4289; x_wconf 88' lang='lat' dir='ltr'><strong>nouit]</strong></span> <span class='ocrx_word' id='word_1_321' title='bbox 964 4220 1133 4274; x_wconf 87' lang='lat' dir='ltr'><strong>creuit</strong></span> <span class='ocrx_word' id='word_1_322' title='bbox 1166 4220 1305 4273; x_wconf 76' lang='lat' dir='ltr'><strong>coni.</strong></span> <span class='ocrx_word' id='word_1_323' title='bbox 1343 4218 1556 4275; x_wconf 56' lang='lat' dir='ltr'><strong>Malleo-</strong></span> <span class='ocrx_word' id='word_1_324' title='bbox 1787 4218 1890 4273; x_wconf 88' lang='grc'><strong>100</strong></span> <span class='ocrx_word' id='word_1_325' title='bbox 1922 4216 2152 4272; x_wconf 84' lang='lat' dir='ltr'><strong>sodomis</strong></span> <span class='ocrx_word' id='word_1_326' title='bbox 2187 4217 2296 4269; x_wconf 79' lang='lat' dir='ltr'><strong>iam</strong></span> <span class='ocrx_word' id='word_1_327' title='bbox 2331 4215 2402 4279; x_wconf 86' lang='lat' dir='ltr'><strong>A,</strong></span> <span class='ocrx_word' id='word_1_328' title='bbox 2439 4214 2590 4269; x_wconf 86' lang='lat' dir='ltr'><strong>sodo-</strong></span> 
     </span>
     <span class='ocr_line' id='line_1_38' title="bbox 348 4294 2591 4377; baseline -0.004 -15"><span class='ocrx_word' id='word_1_329' title='bbox 348 4294 597 4370; x_wconf 81' lang='lat' dir='ltr'><strong>m&#39;umque</strong></span> <span class='ocrx_word' id='word_1_330' title='bbox 619 4304 745 4370; x_wconf 88' lang='lat' dir='ltr'><strong>HR,</strong></span> <span class='ocrx_word' id='word_1_331' title='bbox 782 4307 839 4359; x_wconf 89' lang='lat' dir='ltr'><strong>in</strong></span> <span class='ocrx_word' id='word_1_332' title='bbox 875 4306 1247 4374; x_wconf 77' lang='lat' dir='ltr'><strong>sodomamque</strong></span> <span class='ocrx_word' id='word_1_333' title='bbox 1280 4324 1314 4361; x_wconf 83' lang='lat' dir='ltr'><strong><em>v</em></strong></span> <span class='ocrx_word' id='word_1_334' title='bbox 1516 4306 1747 4377; x_wconf 80' lang='lat' dir='ltr'><strong>feruens]</strong></span> <span class='ocrx_word' id='word_1_335' title='bbox 1786 4320 2002 4359; x_wconf 81' lang='lat' dir='ltr'><strong>seruans</strong></span> <span class='ocrx_word' id='word_1_336' title='bbox 2037 4303 2175 4359; x_wconf 81' lang='lat' dir='ltr'><strong>coni.</strong></span> <span class='ocrx_word' id='word_1_337' title='bbox 2208 4302 2434 4365; x_wconf 66' lang='lat' dir='ltr'><strong>Maller,</strong></span> <span class='ocrx_word' id='word_1_338' title='bbox 2471 4315 2591 4354; x_wconf 86' lang='lat' dir='ltr'><strong>uer·</strong></span> 
     </span>
     <span class='ocr_line' id='line_1_39' title="bbox 350 4387 2590 4461; baseline -0.005 -8"><span class='ocrx_word' id='word_1_339' title='bbox 350 4402 475 4441; x_wconf 66' lang='lat'><strong>8⁸³⁸</strong></span> <span class='ocrx_word' id='word_1_340' title='bbox 506 4387 639 4452; x_wconf 78' lang='lat' dir='ltr'><strong>fort-</strong></span> <span class='ocrx_word' id='word_1_341' title='bbox 676 4390 747 4455; x_wconf 76' lang='lat' dir='ltr'><strong>cf.</strong></span> <span class='ocrx_word' id='word_1_342' title='bbox 794 4391 949 4461; x_wconf 74' lang='lat' dir='ltr'><strong>Very.</strong></span> <span class='ocrx_word' id='word_1_343' title='bbox 989 4393 1133 4447; x_wconf 78' lang='lat' dir='ltr'><strong>Aen.</strong></span> <span class='ocrx_word' id='word_1_344' title='bbox 1176 4392 1257 4446; x_wconf 92' lang='lat' dir='ltr'><strong>II</strong></span> <span class='ocrx_word' id='word_1_345' title='bbox 1285 4394 1375 4460; x_wconf 83' lang='lat'><strong>62,</strong></span> <span class='ocrx_word' id='word_1_346' title='bbox 1411 4392 1515 4447; x_wconf 87' lang='lat' dir='ltr'><strong>XI</strong></span> <span class='ocrx_word' id='word_1_347' title='bbox 1542 4396 1650 4448; x_wconf 80' lang='lat'><strong>704</strong></span> <span class='ocrx_word' id='word_1_348' title='bbox 1807 4390 1907 4445; x_wconf 88' lang='lat'><strong>101</strong></span> <span class='ocrx_word' id='word_1_349' title='bbox 1942 4391 2116 4445; x_wconf 68' lang='lat' dir='ltr'><strong>iratus</strong></span> <span class='ocrx_word' id='word_1_350' title='bbox 2160 4390 2229 4453; x_wconf 92' lang='lat' dir='ltr'><strong>A,</strong></span> <span class='ocrx_word' id='word_1_351' title='bbox 2263 4388 2434 4443; x_wconf 78' lang='lat' dir='ltr'><strong>infert</strong></span> <span class='ocrx_word' id='word_1_352' title='bbox 2466 4402 2590 4442; x_wconf 73' lang='lat' dir='ltr'><strong>nam</strong></span> 
     </span>
     <span class='ocr_line' id='line_1_40' title="bbox 348 4472 1609 4534; baseline 0.002 -6"><span class='ocrx_word' id='word_1_353' title='bbox 348 4472 497 4529; x_wconf 79' lang='lat' dir='ltr'><strong>HRv</strong></span> <span class='ocrx_word' id='word_1_354' title='bbox 701 4477 848 4529; x_wconf 84' lang='lat' dir='ltr'><strong>totos</strong></span> <span class='ocrx_word' id='word_1_355' title='bbox 884 4478 1034 4533; x_wconf 80' lang='lat' dir='ltr'><strong>HRv</strong></span> <span class='ocrx_word' id='word_1_356' title='bbox 1240 4480 1511 4534; x_wconf 78' lang='lat' dir='ltr'><strong>amaueret</strong></span> <span class='ocrx_word' id='word_1_357' title='bbox 1546 4481 1609 4531; x_wconf 86' lang='lat' dir='ltr'><em>H</em></span> 
     </span>
    </p>
   </div>
  </div>
 </body>
</html>
