3217 5150
628 532 757 598 320
1562 533 1930 602 Appendlx.

1000 691 1233 766 Iamque
1264 707 1493 765 precum
1526 693 1692 752 uenia
1718 689 1950 754 flamma
1979 692 2244 754 ueniente
2273 695 2534 767 negatur.

1002 794 1049 852 Ο
1078 794 1309 866 miseri,
1356 796 1620 870 quotiens
1651 796 1817 856 uobis
1847 795 2041 856 diuina
2069 799 2328 870 potestas

999 897 1275 970 Innotuit,
1310 899 1570 971 quotiens
1600 900 1868 960 maiestas
1899 901 2128 973 cognita
2157 899 2280 960 ueri
2299 903 2326 959 ?

826 998 951 1059 280
998 1000 1260 1060 Audistis
1290 1002 1528 1073 sonitus,
1561 1001 1792 1062 uidistis
1821 1003 2054 1077 fulgura
2081 1003 2244 1075 eseli,

996 1102 1242 1164 Assidue
1270 1103 1495 1177 pluuias
1526 1107 1822 1164 uentorum
1851 1110 1910 1165 et
1941 1106 2238 1180 grandinis
2269 1107 2383 1166 iras

994 1205 1249 1280 Experti,
1282 1208 1541 1280 quotiens
1570 1212 1874 1283 nentesque
1905 1210 2134 1284 diesque
2163 1226 2392 1270 serenos
2413 1231 2450 1282 ε,

992 1310 1267 1384 Tempora
1294 1311 1534 1371 fecunda
1564 1313 1777 1372 dabant
1806 1313 1912 1372 Dei
1939 1331 2174 1374 munera
2201 1313 2384 1384 nobie,

994 1412 1109 1472 Ver
1138 1415 1362 1474 abunde
1392 1431 1571 1487 rosas,
1603 1415 1868 1496 frugibus
1897 1433 2002 1474 nee
2031 1416 2215 1476 defuit
2243 1418 2455 1487 aestas,

826 1517 948 1576 285
993 1517 1317 1576 Autumnus
1347 1518 1511 1577 uaria
1538 1518 1850 1592 praebebat
1877 1519 2041 1578 mitia
2069 1537 2252 1593 poma,

994 1622 1222 1694 Semper
1252 1620 1435 1680 hiems
1463 1620 1648 1681 laetas
1678 1620 1942 1695 glacialis
1973 1622 2150 1696 fregit
2177 1621 2380 1682 oliuaS.
2479 1689 2484 1698 ,

995 1723 1211 1783 Cuncta
1240 1725 1390 1784 Deus
1421 1724 1644 1796 tribuit,
1679 1725 1903 1786 bonitas
1933 1742 2037 1785 nee
2067 1725 2250 1786 defuit
2277 1725 2420 1798 ulla,

990 1827 1113 1888 Nee
1140 1845 1243 1901 per
1270 1830 1432 1887 tanta
1461 1828 1642 1886 Deum
1673 1845 1852 1902 genus
1883 1845 2046 1888 omne
2075 1828 2246 1888 sciuit
2275 1830 2600 1888 humanum.

982 1929 1157 1989 Terra
1188 1930 1369 1990 Deum
1400 1931 1653 2002 tremuit,
1683 1933 1894 2004 pontus
1924 1931 2031 1991 Dei
2063 1934 2208 1991 nutu
2237 1931 2507 2007 pependit

820 2033 944 2091 290
988 2032 1065 2090 Et
1094 2031 1303 2092 fluuius
1334 2031 1501 2092 siccis
1530 2034 1790 2106 trepidus
1819 2035 2046 2094 refluxit
2077 2036 2328 2107 hareniS,

988 2134 1064 2194 Et
1093 2135 1359 2209 genitura
1386 2135 1568 2195 Deum
1598 2153 1700 2210 per
1729 2138 1916 2196 omnia
1945 2137 2098 2196 laeta
2127 2138 2359 2197 fatetur.

1071 2239 1187 2299 Vos
1218 2243 1409 2299 tamen
1438 2241 1589 2300 hune
1620 2240 1920 2300 Dominum
1951 2242 2098 2300 eseli
2127 2244 2421 2314 terraeque
2451 2239 2724 2315 negastis,

982 2341 1060 2402 Et
1086 2343 1267 2402 iustos
1296 2343 1487 2416 potius
1517 2345 1734 2404 erudeli
1763 2346 1932 2404 caede
1963 2343 2210 2405 necastis

986 2447 1412 2520 Praeconesque
1440 2447 1548 2506 Dei
1576 2448 1834 2522 plerique
1867 2465 2036 2521 saepe
2065 2447 2334 2521 fugastis

810 2548 933 2609 295
978 2547 1207 2609 Veritas
1236 2550 1298 2609 in
1326 2550 1489 2611 uobis
1518 2568 1619 2624 pro
1649 2549 1884 2611 erimine
1915 2569 2133 2625 semper
2161 2550 2431 2611 inhaesit.

978 2654 1057 2713 Et
1086 2654 1209 2713 ideo
1240 2654 1487 2713 fructum
1517 2654 1754 2728 capietis
1785 2655 2054 2714 sementis
2083 2654 2297 2730 iniqui:

976 2757 1109 2815 Non
1136 2756 1299 2816 scitis
1331 2774 1459 2817 eece
1488 2758 1660 2830 diem,
1691 2776 1858 2833 quem
1889 2775 1990 2818 uos
2020 2758 2206 2818 ridere
2237 2760 2456 2820 soletis.

978 2860 1147 2919 Ibitis
1176 2862 1239 2919 in
1267 2862 1534 2920 tenebras
1566 2861 1721 2935 ignis
1753 2865 1810 2921 et
1839 2861 2134 2935 sulphuris
2163 2863 2314 2923 altas

976 2963 1242 3024 Ardendo
1274 2981 1476 3023 saeuas
1507 2965 1732 3038 passuri
1763 2965 2051 3025 doloribus
2081 2966 2218 3025 iras,

810 3068 934 3126 300
977 3067 1101 3127 Hos
1132 3068 1395 3126 aeternae
1428 3068 1585 3127 iubet
1615 3068 1886 3127 Dominus
1918 3067 2202 3127 discedere
2233 3084 2467 3141 poenae,

977 3170 1069 3229 Ire
1100 3170 1207 3229 sub
1236 3170 1466 3230 ardores
1498 3189 1719 3244 semper
1749 3172 1874 3229 sine
1905 3170 2014 3229 fine
2046 3172 2358 3244 gehennae,

973 3274 1182 3347 Vrgeri
1210 3274 1414 3334 molem
1443 3291 1545 3347 per
1574 3276 1780 3348 stagna
1809 3274 2086 3333 torrentia
2117 3274 2391 3335 flammae.

974 3377 1044 3436 In
1073 3377 1328 3437 flammas
1359 3377 1614 3437 conuerti
1643 3376 1802 3435 iubet
1829 3378 2111 3437 elementa
2141 3377 2414 3437 minantis

728 3679 829 3733 277
866 3678 1049 3731 ueniat
1074 3678 1126 3731 T
1339 3680 1559 3731 necatur
1594 3679 1689 3733 W¹
1965 3680 2070 3734 279
2105 3680 2210 3733 uiri
2251 3682 2303 3735 T
2524 3680 2631 3733 280
2663 3679 2840 3747 fulgo-

593 3780 681 3817 rae
721 3766 834 3828 W¹‚
874 3764 1091 3833 fulgora
1112 3763 1331 3819 DTW²
1466 3764 1567 3817 281
1603 3765 1750 3817 irans
1777 3766 1877 3821 W¹
2013 3766 2116 3820 283
2141 3764 2367 3820 fecunda
2388 3764 2590 3818 dabant
2623 3766 2838 3833 scripsi,

592 3850 952 3907 fecundabant
985 3850 1207 3906 DTWv
1344 3849 1499 3904 uobis
1535 3849 1718 3915 Aldh„
1755 3850 1908 3905 donis
1940 3852 2166 3907 DTWv
2312 3850 2418 3905 284
2451 3850 2687 3904 abundet
2724 3852 2774 3905 T

590 3940 695 3991 285
728 3940 1042 3991 auttumnus
1086 3938 1153 3989 W
1524 3936 1818 4004 praebabat
1867 3938 1959 3990 W¹
2334 3938 2437 3991 286
2470 3938 2680 4005 hiemps
2712 3937 2772 3990 D

591 4010 756 4092 fregit
811 4024 953 4091 rw,
996 4024 1140 4093 regit
1181 4023 1273 4077 Dv
1709 4020 1882 4077 olibas
1931 4023 1990 4077 D
2399 4024 2502 4077 288
2549 4006 2677 4077 ᾱῖιῖῆ
2721 4022 2834 4090 W1,

590 4109 739 4162 dium
780 4110 852 4164 Τι
1080 4109 1183 4163 289
1220 4092 1346 4163 ᾶῖιῖι
1379 4107 1543 4163 DW¹
1773 4108 2054 4177 perpendit
2089 4109 2146 4161 D
2385 4109 2490 4161 290
2523 4110 2700 4162 arenis
2733 4124 2766 4163 v

587 4196 690 4249 291
726 4196 799 4266 et]
837 4212 865 4249 e
902 4196 953 4250 T
1088 4178 1217 4248 ‹11171‘1
1250 4194 1413 4249 ΒΨ*
1552 4192 1756 4247 desinit
1791 4194 2070 4247 Azahezma·
2101 4194 2462 4263 fragmentum
2599 4196 2702 4249 293
2737 4210 2834 4249 om.

596 4283 673 4338 W
804 4282 1047 4351 negastis
1084 4283 1134 4335 T
1371 4280 1471 4333 297
1506 4278 1695 4347 ridere]
1733 4279 1904 4333 redire
1941 4281 1992 4334 T
2231 4282 2334 4337 299
2367 4282 2602 4351 passuris
2641 4282 2770 4337 TW

586 4369 689 4422 300
721 4369 819 4423 hoc
855 4370 972 4423 ΒΤ
1112 4367 1373 4436 aeternae]
1413 4368 1622 4419 certene
1658 4366 1708 4419 T
1853 4366 2135 4437 discedere]
2173 4368 2371 4423 discere
2415 4370 2481 4422 W
2611 4370 2712 4422 301
2749 4385 2833 4423 ar-

538 4528 545 4537 ·
586 4453 710 4508 dore
746 4456 820 4519 W,
857 4454 1039 4509 arbore
1064 4454 1114 4507 Τ
1245 4452 1347 4506 302
1370 4450 1588 4519 urgueri
1619 4452 1698 4509 W
1829 4453 2060 4507 torrenti
2091 4455 2141 4508 Τ
2271 4453 2376 4507 303
2403 4454 2662 4508 elementa
2693 4456 2768 4509 W
