3217 5150
2227 555 2504 603 LXXXIX

243 691 645 770 instituisset,
690 691 1172 774 discrepantium
1214 692 1664 773 scripturarum
1697 691 2080 757 existimatio
2109 711 2232 758 non
2263 693 2507 775 poterat

248 824 372 869 non
419 821 549 868 esse
594 801 893 886 ambigua
934 805 997 867 et
1034 801 1296 868 lubrica.
1344 804 1631 886 equidem
1663 804 1735 868 ut
1772 822 1885 884 par
1925 805 2059 868 erat
2087 804 2154 868 in
2183 803 2508 886 impeditis

250 916 316 981 et
363 915 557 980 uariis
610 911 1119 996 Cyprianicorum
1177 914 1459 979 codicum
1520 913 1981 980 condicionibus
2041 914 2508 999 diligentiorem

251 1046 503 1111 operam
542 1025 609 1091 in
647 1025 765 1090 hac
815 1025 1176 1108 quaestione
1227 1025 1545 1103 collocaui,
1600 1043 1790 1108 quam
1821 1026 1878 1090 si
1906 1025 2062 1090 uiris
2119 1025 2316 1091 doctis
2367 1015 2512 1109 pro-

250 1138 500 1215 bauero,
558 1139 853 1220 quattuor
910 1136 1038 1202 fere
1088 1155 1387 1201 annorum
1433 1136 1816 1203 indefessum
1866 1137 2143 1202 laborem
2195 1157 2316 1220 quo
2367 1137 2511 1220 plus

253 1250 670 1334 quadraginta
708 1248 901 1314 libros
944 1248 1186 1314 excussi
1228 1248 1383 1314 satis
1412 1248 1678 1331 praemii
1707 1250 1963 1314 nactum
1991 1266 2124 1314 esse
2151 1249 2402 1332 putabo.
2446 1250 2513 1314 in

250 1361 437 1426 rebus
467 1360 959 1446 orthographicis
990 1359 1457 1442 antiquissimos
1486 1360 1702 1444 1111103,
1735 1359 2207 1443 Seguierianum
2235 1361 2302 1425 in
2326 1360 2512 1426 libel-

250 1472 353 1552 lis,
384 1472 452 1535 in
475 1472 761 1554 epistulis
782 1473 1021 1555 primae
1042 1470 1323 1538 familiae
1346 1471 1904 1551 Vindobonensem,
1930 1471 2513 1556 wirceburgensem

254 1583 453 1649 etiam
483 1584 546 1649 et
569 1584 939 1649 Trecensem
968 1585 1220 1650 secutus
1250 1602 1392 1648 sum
1420 1583 1704 1650 barbaris
1734 1584 1798 1648 et
1826 1583 2062 1667 plebeis
2092 1583 2358 1663 reiectis,
2389 1584 2514 1650 nisi

252 1695 415 1760 forte
467 1713 539 1760 ea
588 1695 665 1760 ab
719 1697 967 1760 auctore
1025 1695 1161 1778 ipso
1217 1694 1495 1778 profecta
1546 1713 1681 1760 esse
1732 1694 2034 1761 librorum
2094 1711 2388 1762 consensu
2439 1698 2515 1761 ut

252 1807 562 1872 crederem
604 1806 973 1872 adducebar.
1017 1806 1096 1871 ab
1124 1805 1205 1870 iis
1236 1824 1383 1872 uero
1424 1805 1535 1871 ubi
1574 1806 1822 1885 recessi,
1865 1806 2156 1892 grauiora
2185 1809 2250 1872 et
2276 1807 2516 1872 rariora

250 1917 499 1984 enotaui
552 1917 901 2002 diligenter,
953 1918 1195 1983 minora
1244 1926 1368 1983 'non
1416 1917 1593 1996 item,
1646 1917 1826 1984 uelut
1877 1918 1942 1983 in
1988 1918 2216 2001 quibus
2266 1937 2512 1985 summa

254 2029 832 2113 antiquissimorum
890 2029 1112 2095 horum
1170 2029 1486 2094 librorum·
1536 2029 1810 2095 cernitur
1868 2030 2304 2110 inconstantia,
2377 2030 2514 2098 dico

253 2141 803 2206 commutationem
844 2141 1201 2206 litterarum
1242 2161 1317 2205 ae
1348 2143 1411 2206 et
1439 2161 1489 2226 e,
1528 2161 1560 2206 e
1589 2142 1655 2207 et
1681 2141 1727 2220 i,
1759 2161 1802 2223 y
1831 2143 1895 2206 et
1923 2143 1969 2224 i,
1999 2163 2047 2207 u
2075 2144 2141 2208 et
2169 2141 2224 2222 b,
2243 2141 2343 2223 ph
2371 2143 2438 2208 et
2461 2142 2516 2225 f,

252 2251 321 2316 th
362 2255 425 2317 et
452 2257 496 2332 t,
540 2256 566 2316 t
597 2253 659 2317 et
687 2253 751 2332 d,
795 2254 1263 2320 consonantium
1305 2253 1693 2336 liquidarum
1735 2253 2236 2338 geminationem,
2277 2254 2516 2336 aspira-

254 2364 493 2431 tionem
520 2365 703 2432 modo
733 2366 1013 2432 additam
1042 2366 1223 2431 modo
1252 2365 1622 2452 neglectam,
1651 2365 2179 2449 praepositionum
2202 2365 2515 2432 assimila-

256 2475 508 2542 tionem.
561 2477 712 2544 haec
770 2477 965 2545 semel
1007 2477 1109 2542 uel
1155 2476 1522 2560 aliquotiens
1573 2478 1903 2544 adnotasse
1925 2505 1930 2510 ·
1955 2477 2106 2542 satis
2156 2476 2349 2542 habui
2391 2476 2517 2546 nisi

260 2588 371 2654 ubi
414 2589 571 2655 talia
614 2589 695 2653 ad
737 2588 1237 2673 inuestigandam
1282 2590 1656 2672 scripturam
1704 2608 1918 2655 ueram
1961 2588 2201 2671 aliquid
2245 2588 2514 2654 conferre

256 2699 638 2767 uiderentur.
691 2700 839 2767 huic
886 2699 1255 2783 praefationi
1306 2700 1493 2766 finem
1542 2700 1860 2782 imponere
1902 2717 2024 2765 non
2063 2717 2334 2782 possum,
2391 2700 2516 2764 nisi

254 2812 418 2877 uiris
466 2812 843 2879 doctissimis
896 2813 1131 2898 gratias
1180 2830 1361 2898 egero
1412 2812 1718 2877 maximas
1771 2812 1878 2895 qui
1926 2811 2073 2877 huic
2115 2830 2300 2878 curae
2343 2831 2517 2878 meae
2619 2870 2624 2875 .

255 2940 509 3007 operam
580 2942 761 2990 suam
825 2920 1097 2990 humane
1166 2942 1395 2990 nauare
1468 2924 1818 3003 noluerunt,
1890 2923 2180 3006 inprimis
2245 2923 2518 2988 Ioanni

256 3034 559 3103 Vahlen
628 3037 730 3101 cui
790 3036 955 3122 grati
1025 3037 1221 3104 animi
1288 3035 1666 3102 testificandi
1726 3052 1908 3101 causa
1961 3034 2122 3101 hanc
2179 3034 2516 3101 editionem
2559 3024 2562 3029 ’

258 3145 486 3227 dicaui,
548 3148 770 3214 deinde
828 3128 1097 3214 cerole
1154 3147 1414 3228 Helm,
1484 3147 1841 3232 Augusto
1897 3146 2514 3231 Reifferscheid,

258 3238 683 3325 Gnilielmo
704 3260 1032 3337 duRieu,
1058 3258 1788 3343 LeopoldoDelisle,
1815 3259 2152 3325 Antonio
2175 3258 2516 3343 Ruland,

227 3366 660 3449 ‘W.N01te,
694 3368 966 3437 Carolo
995 3370 1529 3451 Aldenhoven,
1559 3370 1913 3457 Augusto
1945 3368 2016 3437 Ο.
2047 3372 2160 3437 Fr.
2193 3371 2516 3453 Lorenz,

256 3482 365 3565 qui
414 3483 645 3565 partim
701 3483 1001 3549 librorum
1059 3504 1249 3551 manu
1306 3466 1676 3566 sci-iptorum
1727 3482 1886 3547 mihi
1937 3482 2179 3565 copiam
2237 3482 2518 3549 fecerunt

255 3594 487 3676 partim
527 3612 627 3660 eos
668 3594 935 3661 officiose
974 3595 1371 3678 inspexerunt
1410 3613 1740 3678 meumque
1779 3596 1846 3661 in
1875 3612 2058 3660 usum
2101 3574 2515 3661 contulerunt.
2576 3569 2584 3585 ⁸

341 3704 576 3789 Scripsi
606 3706 1006 3775 Vindobonae
1034 3726 1246 3774 mense
1274 3707 1565 3795 Augusto
1594 3728 1653 3775 a.
1688 3688 1888 3773 187οζ

1691 4100 2102 4167 Guilelmus
2145 4098 2429 4164 flartel.
