3217 5150
1668 475 1876 529 Iudex

627 483 754 549 398

625 634 842 703 operari,
887 635 1140 702 operatio,
1209 649 1378 702 opera,
1437 630 1554 685 uid.
1614 631 1775 728 elee-¹

695 717 916 770 mosyna

625 771 856 840 Ophitae
892 770 1006 833 781,
1047 772 1112 824 13

625 839 854 907 Optatus
890 840 1032 893 inter
1083 839 1307 892 lectores
1341 837 1615 891 doctorum
1652 852 1745 889 au·
1770 841 1775 914 Ι
1800 834 2025 890 Ostanes

1868 629 2129 711 serpentis
2166 628 2451 682 imitantur
2485 628 2602 691 199,
2635 628 2733 693 23,
2766 628 2939 708 flam-

1770 759 1775 812 :
1867 696 2515 889 Ξθῶωέἒιῗωζῗεέω
2583 713 2618 764 p
2831 712 2937 749 '¹¹¹¹

693 907 954 962 dientium
1011 907 1337 961 constitutus
1389 906 1507 969 548,
1544 906 1602 971 7,
1639 905 1745 973 Op-
1799 904 1955 959 Ozias
1991 920 2080 957 rex
2218 946 2231 969 ,
2264 905 2354 969 22,
2392 904 2439 956 A
2474 902 2594 966 258,
2630 903 2696 955 16

691 980 842 1029 tatu
877 976 1268 1045 hypodiaconus
1292 975 1411 1039 548,
1435 976 1497 1039 43
1532 974 1651 1037 571,
1682 935 1775 1025 13¹

625 1045 808 1099 orandi
862 1046 1088 1099 formam
1141 1044 1389 1098 Christus
1442 1042 1592 1096 dedit
1628 1011 1775 1104 267,Ι

696 1116 782 1177 15,
815 1115 1074 1167 orationis
1095 1113 1392 1166 dominicae
1413 1113 1747 1165 sacramenta

695 1184 812 1245 272,
839 1184 894 1247 7,
931 1182 1092 1237 aliter
1127 1198 1276 1236 orare
1311 1196 1472 1249 quam
1497 1180 1745 1236 Christus
1798 1166 2061 1235 Paconius
2094 1182 2213 1245 472,
2248 1181 2319 1235 22

695 1252 877 1305 docuit
927 1268 1032 1305 non
1085 1252 1394 1319 ignorantia
1446 1249 1537 1303 sed
1589 1248 1747 1317 culpa
1800 1249 2157 1319 paenitentia:
2194 1248 2326 1302 deus
2362 1250 2432 1303 ad
2466 1250 2564 1303 hoc
2586 1252 2669 1302 est
2703 1248 2925 1316 patiens

692 1321 810 1382 268,
847 1322 908 1385 5,
967 1320 1234 1373 efficacior
1291 1318 1491 1373 Christi
1551 1318 1745 1387 petitio

693 1390 810 1453 268,
846 1390 1026 1451 9.16;
1080 1388 1198 1451 267,
1253 1389 1348 1453 18;
1408 1387 1538 1456 quid
1596 1402 1747 1440 orare

691 1457 973 1511 debeamus
1010 1456 1127 1521 270,
1165 1458 1258 1521 21,
1318 1456 1530 1525 singula
1581 1455 1747 1509 orati-

691 1528 806 1579 onis
842 1526 1134 1580 dominicae
1187 1526 1367 1593 capita
1419 1524 1749 1594 explicantur

691 1596 808 1658 271,
843 1595 904 1659 4,
939 1595 1056 1656 272,
1097 1595 1188 1661 12,
1235 1594 1353 1659 273,
1388 1595 1446 1659 3,
1497 1593 1618 1657 274,
1654 1593 1749 1658 22,

691 1664 808 1727 275,
843 1665 939 1729 21,
975 1664 1091 1725 276,
1127 1664 1225 1730 21,
1280 1663 1397 1727 280,
1433 1663 1495 1728 3,
1527 1662 1649 1726 283,
1684 1661 1748 1728 8,

691 1732 809 1795 285,
845 1733 939 1796 25,
973 1732 1092 1795 287,
1127 1732 1186 1797 7,
1221 1748 1326 1785 non
1360 1731 1538 1784 uerbis
1573 1729 1667 1783 sed
1694 1732 1750 1783 et

693 1801 852 1855 factis
889 1800 1134 1855 Christus
1189 1817 1282 1853 suo
1330 1815 1470 1854 exem
1509 1800 1562 1853 lo
1599 1814 1748 1851 orare

695 1886 791 1923 nos
838 1869 1019 1923 docuit
1053 1870 1172 1932 288,
1200 1870 1291 1935 14,
1342 1868 1457 1922 ines
1491 1884 1586 1921 cax
1642 1863 1778 1920 ste-¹

694 1938 812 1991 rilis
847 1938 1017 1991 oratio
1055 1938 1171 2001 290,
1213 1939 1294 1991 13.
1330 1938 1426 2001 26;
1483 1935 1748 1990 orationes

653 2004 660 2011 ’
695 2006 1038 2074 eleemosynis
1085 2005 1330 2059 adiuuari
1381 2006 1576 2060 debent
1629 2005 1747 2069 377,

696 2075 790 2139 13,
827 2092 851 2127 s
889 2074 1146 2127 iritaliter
1175 2074 1428 2128 orandum
1454 2074 1492 2126 i.
1517 2090 1562 2127 e.
1585 2074 1747 2127 orati-

1870 1322 1934 1373 ut
1984 1334 2083 1373 nos
2133 1319 2409 1387 paeniteat
2462 1322 2517 1371 et
2572 1318 2929 1372 reformemur

1870 1388 1985 1452 147,
2014 1388 2079 1441 16
2102 1404 2180 1455 sq.
2208 1388 2421 1441 mulieri
2444 1387 2741 1455 paenitenti
2764 1385 2932 1463 Chr}-

1870 1460 1985 1509 stus
2019 1457 2235 1509 ueniam
2271 1454 2422 1509 dedit
2458 1458 2503 1508 A
2532 1457 2616 1520 61,
2644 1459 2701 1521 1,
2904 1483 2933 1494 -

1868 1525 2110 1579 tentibus
2164 1525 2382 1578 restitui
2418 1528 2597 1594 potest
2632 1540 2703 1593 qu
2802 1538 2933 1591 per-

1869 1593 2119 1647 diderunt
2142 1594 2189 1646 A
2214 1594 2296 1657 60,
2322 1594 2421 1658 28,
2456 1609 2559 1647 non
2588 1594 2935 1661 paenitentes

1870 1677 2006 1730 quae
2040 1665 2292 1715 maneant
2314 1664 2362 1714 A
2387 1664 2470 1723 66,
2494 1664 2552 1724 5,
2592 1660 2935 1731 paenitentia.
2988 1673 3001 1685 ·

1872 1747 2031 1799 quam
2067 1732 2141 1783 sit
2171 1730 2339 1799 lapsis
2362 1731 2659 1785 necessaria
2682 1732 2798 1795 551,
2824 1728 2933 1793 22,

1906 1799 2271 1853 aenitentibus
2330 1816 2423 1853 cur
2482 1800 2635 1854 uenia
2684 1816 2793 1853 non
2848 1798 2935 1850 sit

1908 1868 2177 1949 eneganda
2202 1868 2321 1932 639,
2345 1869 2407 1933 8,
2434 1869 2529 1937 qui
2544 1885 2608 1922 ex
2628 1872 2745 1922 toto
2770 1866 2933 1921 corde

1870 1937 2707 2075 sssfflfflsswfflm
2728 1936 2935 2060 22,

1870 2074 1987 2129 uari
2008 2074 2127 2137 647,
2152 2076 2245 2137 13,
2285 2076 2377 2142 qui
2406 2074 2793 2143 paenitentiam
2818 2088 2935 2127 non

696 2143 812 2197 onis
873 2159 1021 2196 orma
1055 2158 1088 2195 a
1124 2142 1337 2197 Christo
1371 2142 1500 2196 data
1532 2142 1654 2207 268,
1689 2144 1747 2208 1,

695 2211 953 2265 orandum
990 2214 1074 2265 est
1107 2211 1344 2265 modeste
1377 2212 1496 2273 268,
1534 2212 1615 2265 18.
1652 2212 1748 2276 22,

697 2280 814 2348 269,
838 2282 899 2343 2,
936 2281 1118 2333 Annae
1144 2282 1199 2333 ct
1222 2281 1494 2350 publicani
1513 2280 1749 2347 exemplo

1868 2143 2087 2265 ffiffl}
2104 2158 2274 2265 ’5Ρέ
2288 2144 2939 2281 ἳῗὲἕᾞῗιὲᾒὲοἶῗεξῗὶ

1872 2254 2135 2350 deprecari
2192 2281 2309 2345 641,
2359 2282 2451 2346 19,
2528 2280 2937 2350 paenitentibus

693 2350 812 2412 269,
852 2351 932 2403 11.
970 2350 1062 2411 25,
1127 2353 1327 2403 secrete
1359 2350 1477 2413 268,
1511 2349 1606 2414 23,
1642 2365 1748 2403 non
1871 2364 2273 2418 praeproperam
2326 2350 2539 2403 ueniam
2593 2349 2717 2403 dare
2766 2364 2937 2418 quam

697 2418 1022 2487 singillatim
1059 2418 1178 2481 271,
1212 2418 1265 2473 4.
1303 2422 1363 2485 9,
1422 2418 1588 2471 trium
1622 2434 1749 2488 pue-
1872 2419 1945 2472 sit
1978 2432 2283 2485 pez-uersum
2318 2418 2436 2483 646,
2472 2420 2507 2473 8
2530 2433 2608 2485 sq.
2644 2418 2762 2482 647,
2784 2416 2821 2470 4
2849 2432 2939 2485 sq.

695 2504 874 2541 rorum
961 2502 994 2539 a
1031 2488 1428 2556 ostolorumque
1513 2487 1748 2556 exemplo
1870 2486 1987 2541 uid.
2022 2486 2164 2555 lapsi

695 2556 814 2617 271,
850 2557 934 2610 14.
1009 2556 1067 2621 3,
1122 2571 1276 2609 mane
1310 2556 1430 2620 292,
1465 2555 1560 2616 23,
1615 2570 1751 2610 rece-
1805 2556 1987 2611 Pallor
2019 2570 2216 2608 numen
2248 2554 2336 2620 21,
2374 2555 2441 2610 10

699 2625 855 2679 dente
901 2625 986 2679 die
1020 2625 1140 2688 293,
1173 2629 1236 2690 4,
1293 2642 1388 2679 cur
1438 2626 1548 2678 tres
1635 2624 1752 2678 ueri
1806 2641 1975 2748 pagg6
2003 2624 2299 2694 Cyprianus
2356 2625 2477 2688 485,
2538 2625 2625 2690 19,
2682 2626 2800 2687 549,
2866 2625 2901 2679 2
2922 2647 2945 2688 ;

695 2694 882 2748 horam
908 2694 1128 2746 tertiam
1147 2697 1349 2746 sextam
1367 2709 1608 2747 nonamo
1702 2710 1753 2745 r·
1978 2734 1990 2756 ,
2028 2695 2119 2758 16,
2156 2693 2275 2756 557,
2310 2693 2367 2759 2,
2403 2693 2521 2757 572,
2557 2694 2591 2747 9

697 2764 944 2818 uauerint
979 2763 1097 2826 292,
1131 2763 1195 2826 4,
1251 2762 1506 2816 orandum
1553 2765 1637 2814 est
1672 2761 1753 2814 in-
1807 2762 2019 2831 Papisci
2052 2761 2398 2815 Alexandrini
2422 2760 2608 2816 Iudaei
2630 2761 2937 2831 disputatio

699 2833 906 2885 stanter
943 2831 1058 2895 184,
1084 2832 1145 2896 9,
1178 2830 1298 2890 498,
1321 2831 1416 2893 25,
1451 2831 1757 2885 innocentia
1876 2847 1995 2885 cum
2029 2831 2215 2884 Iasone
2252 2830 2316 2884 de
2350 2831 2611 2900 religione
2648 2832 2695 2885 A
2720 2831 2839 2895 128,
2865 2831 2941 2884 13

699 2899 925 2954 fidenter
982 2901 1123 2967 petit
1159 2902 1215 2952 et
1249 2901 1504 2968 impetrat
1542 2900 1659 2962 172,
1695 2899 1755 2962 7,
1808 2900 1987 2968 Papus
2024 2899 2207 2953 consul
2240 2915 2287 2951 a.
2328 2899 2431 2953 243
2464 2901 2513 2953 A
2549 2901 2670 2964 268,
2708 2900 2772 2952 19

699 2969 904 3038 petenti
942 2984 974 3022 a
1007 2968 1102 3022 deo
1141 2983 1250 3022 non
1303 2983 1510 3038 semper
1543 2965 1758 3022 concedi
1811 2967 2087 3037 paradisus
2146 2967 2465 3022 describitur
2520 2970 2567 3023 A
2602 2970 2688 3034 43,
2740 2969 2812 3029 Δ17
2852 2985 2939 3036 sq.

701 3036 953 3106 exemplis
989 3053 1049 3089 ex
1088 3037 1286 3090 licatur
1319 3037 1438 3101 250,
1464 3037 1556 3103 23,
1594 3038 1759 3091 orati·
1794 3089 1809 3100 ,
1882 3039 1927 3092 Α
1978 3038 2098 3100 316,
2159 3036 2259 3090 193
2306 3054 2382 3107 sq.
2444 3037 2677 3107 paradisi
2732 3036 2939 3105 gaudia

702 3121 856 3159 onem
909 3104 1043 3158 dissi
1081 3105 1220 3158 entis
1274 3121 1394 3158 cum
1429 3105 1596 3160 fratre
1631 3105 1760 3158 deus
1880 3105 1999 3170 665,
2036 3106 2105 3158 10

629 3193 636 3202 ·
700 3190 807 3228 non
844 3175 1035 3242 recipit
1070 3173 1188 3236 285,
1212 3174 1274 3238 2,
1309 3174 1495 3228 orandi
1529 3191 1669 3228 nunc
1704 3176 1761 3227 et
1815 3173 2123 3244 parentibus
2155 3174 2224 3227 ob
2318 3175 2547 3230 uendum
2594 3175 2711 3238 170,
2748 3175 2814 3228 13
2852 3190 2936 3242 sq.

703 3260 729 3296 s
767 3242 880 3296 atia
950 3245 1006 3296 et
1077 3245 1410 3296 sacramenta
1481 3244 1761 3298 creuerunt
1920 3244 2063 3296 atres
2098 3243 2239 3296 circa
2338 3243 2411 3298 'os
2438 3259 2647 3314 asperos
2682 3259 2794 3296 esse
2826 3257 2939 3296 non

771 3312 820 3376 2,
857 3311 952 3378 23,
1006 3313 1132 3364 ante
1190 3311 1484 3366 orationem
1522 3311 1763 3366 sacerdos

766 3380 1009 3434 aemittit
1042 3380 1432 3462 praefationem
1470 3381 1588 3444 289,
1627 3381 1695 3433 15
1787 3422 1791 3431 .

633 3466 695 3504 οι·
733 3451 904 3504 inatio
941 3450 1132 3503 clerica
1168 3455 1220 3502 et
1255 3449 1498 3504 ordinare
1518 3449 1639 3514 423,
1668 3449 1763 3514 13,

703 3519 821 3582 466,
859 3519 952 3584 10,
1005 3519 1124 3580 581,
1165 3518 1255 3585 12,
1302 3518 1420 3582 727,
1455 3519 1505 3572 6.
1545 3519 1607 3581 7,
1646 3517 1762 3581 741,

706 3589 766 3652 9,
802 3586 1071 3641 ordinatio
1110 3586 1196 3640 dei
1233 3587 1351 3650 226,
1385 3587 1464 3642 10.
1491 3587 1584 3652 21,
1624 3585 1763 3640 ordi-

704 3657 943 3710 nationis
996 3656 1080 3710 101
1125 3656 1243 3720 218,
1277 3656 1372 3721 25,
1408 3655 1526 3720 465,
1564 3656 1657 3722 18³
1698 3640 1793 3753 -ι

705 3726 876 3779 forma
909 3725 1027 3788 579,
1065 3724 1129 3776 17
1155 3739 1232 3792 sq.
1270 3724 1388 3786 739,
1412 3725 1460 3778 9.
1496 3724 1615 3778 uid.
1651 3724 1764 3777 dia-

705 3810 892 3916 {onust
898 3792 1180 3874 episcopus
1215 3792 1492 3862 presbyter
1527 3791 1765 3848 sacerdos

747 3877 866 3916 aere
893 3879 966 3916 1c1

637 3931 922 3986 orientales
963 3931 1084 3992 826,
1118 3931 1153 3983 5

640 4001 857 4055 ornatus
893 3999 1193 4068 impudicus
1232 3999 1346 4063 184,
1374 3999 1464 4064 15,
1501 4015 1561 4053 eo
1595 4000 1763 4067 preti-

705 4067 847 4122 osior
883 4085 987 4138 quo
1021 4065 1192 4136 pudor
1226 4068 1386 4121 uilior
1425 4069 1540 4130 195,
1564 4069 1660 4134 25,
1699 4067 1765 4120 ab

708 4138 914 4206 angelis
952 4137 1214 4206 apostatis
1247 4137 1488 4206 proditus
1525 4137 1644 4200 197,
1672 4135 1765 4204 26,

711 4208 1020 4260 ornamenta
1075 4204 1246 4259 cordis
1293 4207 1516 4274 pereunt
1553 4205 1668 4269 197,
1706 4205 1766 4270 8,

709 4275 954 4328 mulieres
1007 4275 1224 4328 ornatae
1275 4291 1464 4328 manus
1498 4274 1595 4328 deo
1631 4273 1766 4327 infe-

1918 3310 2068 3364 ebere
2104 3312 2218 3376 170,
2256 3313 2323 3366 18

1852 3380 2041 3434 arasiti
2077 3379 2279 3433 sordidi
2315 3381 2366 3444 8,
2405 3381 2469 3435 18

1862 3449 2051 3502 aschae
2104 3451 2495 3504 sacramentum
2548 3450 2809 3503 unitatem
2846 3447 2941 3502 de·

1886 3517 2069 3586 signat
2101 3518 2221 3581 217,
2256 3520 2314 3582 8,
2375 3519 2729 3573 Romanorum
2766 3515 2943 3570 diuer-

1886 3585 2019 3639 sitas
2040 3587 2181 3640 circa
2206 3586 2541 3641 celebrandos
2564 3587 2678 3641 dies
2700 3586 2945 3639 Paschae

1886 3655 2006 3721 813,
2058 3655 2153 3718 22,
2214 3655 2526 3710 Iudaeorum
2583 3655 2791 3709 Pascha
2848 3669 2945 3722 per

1885 3723 2102 3792 Moysen
2146 3724 2461 3778 institutum
2498 3725 2554 3777 in
2591 3738 2769 3777 mense
2802 3738 2943 3776 nouo

1924 3793 1980 3845 ui
2016 3795 2102 3846 est
2134 3793 2351 3846 initium
2381 3793 2643 3847 mensium
2666 3793 2724 3844 in
2745 3792 2943 3844 mensi·

1922 3878 1985 3914 us
2020 3862 2147 3915 anni
2182 3864 2230 3914 A
2267 3862 2384 3926 250,
2425 3862 2518 3927 10;
2553 3878 2651 3916 nec
2686 3863 2812 3914 ante
2846 3876 2945 3914 nec

1958 3932 2009 3982 st
2033 3929 2199 3984 xlm
2224 3930 2405 3984 lunam
2440 3932 2717 3984 inuentam
2750 3930 2799 3984 A
2822 3927 2947 3990 250,

1922 4001 1981 4064 3,
2018 4000 2223 4066 primus
2258 3997 2370 4053 dies
2405 4000 2567 4069 primi
2596 3998 2794 4052 mensis
2820 3997 2943 4065 quis

1888 4068 1963 4120 sit
1997 4069 2044 4121 A
2068 4069 2185 4132 251,
2211 4069 2275 4122 11
2302 4083 2379 4136 sq.
2405 4069 2449 4122 A
2470 4069 2587 4132 252,
2612 4068 2709 4133 20,
2734 4065 2948 4134 quando

1888 4135 2071 4190 Iudaei
2141 4138 2198 4190 in
2251 4137 2499 4206 Aegypto
2550 4136 2757 4190 Pascha
2812 4134 2950 4188 cele-

1886 4205 2161 4258 brauerint
2193 4205 2242 4259 A
2268 4205 2385 4270 254,
2422 4207 2484 4267 2,
2518 4206 2566 4259 A
2600 4205 2719 4270 256,
2755 4204 2845 4270 11,
2886 4202 2951 4257 de

1889 4275 2097 4328 Pascha
2130 4289 2343 4328 carmen
2377 4275 2424 4328 A
2460 4275 2565 4329 305
2666 4314 2677 4326 .

661 4403 676 4414 ,
709 4347 838 4398 runt
895 4344 1010 4408 198,
1065 4343 1158 4404 12,
1233 4347 1568 4412 expugnatur
1621 4359 1767 4396 men·
1821 4343 1997 4411 passio
2059 4342 2261 4398 Christi
2296 4343 2382 4411 89,
2419 4344 2450 4395 1
2476 4359 2554 4412 sq.
2590 4290 2709 4408 232,
2744 4341 2793 4395 8.
2828 4341 2952 4396 uid.

712 4411 860 4466 dacio
897 4412 1058 4466 facies
1083 4411 1201 4474 199,
1226 4411 1320 4477 20,
1357 4413 1550 4466 rutilos
1586 4412 1767 4465 oculos
1890 4411 2139 4466 Christus
