3217 5150
831 532 922 584 De
958 529 1303 585 montibus
1339 530 1500 585 Sina
1533 532 1600 584 et
1634 530 1793 585 Sion
1839 547 1882 585 c.
1920 532 2069 585 1—2.
2456 537 2575 599 105

327 691 648 749 inuenimus
689 690 752 748 in
795 690 1092 764 euangelio
1148 692 1278 749 cata
1335 689 1644 749 Iohannem
1688 690 1995 764 scriptum:
2056 690 2175 749 lex
2217 707 2254 764 p
2268 706 2299 749 e
2313 707 2341 747 r
2384 690 2445 747 M
2458 706 2489 749 0
2502 708 2569 764 y-

327 811 452 853 sen
518 795 686 853 data
749 794 880 865 est,
953 792 1204 867 gratia
1268 794 1338 851 et
1407 792 1693 852 ueritas
1752 809 1879 867 per
1921 793 2160 852 Iesum
2205 791 2577 851 Christum

328 896 527 955 facta
569 898 700 955 est.
746 912 890 970 quae
936 895 1026 955 lex
1070 894 1254 969 Moysi
1295 894 1358 952 in
1398 896 1588 953 monte
1630 894 1767 953 Sina
1809 896 1945 954 data
1985 896 2089 954 est.
2142 911 2341 954 uerum
2368 894 2578 953 iterum

328 999 650 1057 inuenimus
699 997 1014 1071 scriptum:
1082 998 1162 1057 de
1226 995 1397 1057 Sion
1461 995 1666 1055 enim‘
1708 997 1905 1056 exiet
1967 997 2100 1072 lex,
2168 1000 2238 1056 et
2282 998 2577 1069 uerbum

279 1101 614 1159 5Domini
679 1100 761 1159 ab
830 1100 1318 1160 Hierusalem.
1383 1102 1667 1173 quatenus
1700 1080 1827 1159 'hoc
1880 1098 2211 1173 intellegere
2262 1100 2575 1159 debemus?

325 1206 524 1263 utrum
545 1204 682 1262 Sina
710 1219 872 1262 mene
905 1203 1004 1262 ubi
1033 1221 1070 1262 a
1086 1202 1219 1262 .Deo
1247 1202 1432 1277 Moysi
1460 1201 1553 1261 lex
1581 1203 1718 1261 data
1745 1204 1835 1262 est
1864 1205 1921 1261 et
1952 1201 2086 1261 Sion
2114 1218 2275 1261 mons
2303 1202 2453 1261 unde
2484 1201 2575 1261 lex

326 1308 508 1367 exiuit
560 1326 634 1367 an
683 1325 860 1367 unum
911 1308 1028 1367 sint
1079 1325 1156 1367 an
1207 1323 1341 1367 uero
1393 1307 1541 1366 alter
1591 1307 1671 1366 sit
1720 1308 1855 1366 Sina
1884 1323 2045 1366 mons
2072 1309 2132 1365 et
2160 1306 2308 1365 alter
2336 1306 2414 1365 sit
2440 1305 2574 1365 Sion

326 1428 509 1471 mone.
554 1410 874 1471 inuenimus
917 1409 1067 1469 enim
1109 1410 1252 1469 haec
1278 1410 1508 1469 nomina
1535 1411 1775 1469 duorum
1804 1410 2079 1469 montium
2109 1426 2231 1469 esse
2260 1408 2571 1468 Hebreice:

327 1530 465 1572 uero
516 1512 728 1572 Latina
775 1512 1173 1586 interpretatio
1225 1513 1512 1572 nominum
1563 1512 1787 1572 differet
1842 1513 1915 1572 ab
1954 1511 2214 1579 ‚inuicem
2272 1512 2577 1572 ostendens

253 1634 310 1674 ιο
327 1616 485 1675 alind
514 1632 638 1675 esse
667 1616 804 1676 Sina
831 1618 1082 1676 montem
1109 1619 1168 1675 et
1196 1615 1354 1674 aliud
1383 1618 1633 1675 montem
1660 1615 1811 1676 Sion.

413 1718 574 1777 Haec
624 1721 713 1779 est
761 1718 1160 1793 interpretatio
1191 1719 1260 1777 de
1288 1718 1570 1779 Hebreica
1597 1719 1799 1793 lingua
1824 1719 1886 1777 in
1916 1718 2197 1779 Latinam.
2243 1718 2378 1777 Sina
2414 1736 2577 1778 mons
2598 1716 2635 1772 2

326 1821 667 1894 interpretat
716 1810 970 1881 ‘aeterna
1009 1821 1311 1895 temptatio
1353 1823 1411 1880 et
1451 1821 1639 1881 odium
1657 1807 1698 1881 :'
1751 1839 1927 1895 aeque
1969 1825 2029 1882 et
2070 1821 2203 1881 Sion
2244 1820 2583 1895 interpretat

323 1913 652 1997 ‘temptatio
721 1924 1166 1985 exacerbationis
1229 1926 1287 1983 et
1331 1908 1685 1998 speculatio?
1730 1923 1897 1983 uides
1970 1940 2105 1998 ergo
2170 1924 2231 1982 in
2293 1916 2583 1984 Hebreica

329 2025 806 2099 interpretatione
849 2044 964 2087 non
993 2027 1104 2087 sibi
1139 2026 1410 2112 similare,
1469 2027 1569 2086 sed
1598 2043 1781 2101 neque
1810 2044 1935 2087 esse
1964 2044 2138 2086 unum
2165 2030 2429 2099 montem,
2480 2027 2581 2085 sed

257 2144 310 2185 ιε
330 2129 524 2205 potius
553 2130 662 2188 duo
693 2129 936 2189 inuicem
959 2148 994 2189 a
1023 2147 1082 2189 se
1105 2130 1430 2191 differentes
1446 2130 1637 2203 gratia
1652 2132 1711 2188 et
1726 2131 1953 2189 honore.
1978 2130 2271 2203 praeterea
2284 2146 2410 2188 cum
2426 2128 2582 2187 dicat

329 2232 518 2291 Dauid
567 2233 846 2305 propheta
885 2233 948 2291 in
973 2232 1193 2305 psalmo
1223 2232 1434 2306 primo:
1478 2249 1606 2307 ego
1654 2234 1889 2291 autem
1933 2230 2391 2290 constitutus
2434 2248 2581 2289 sum

329 2353 456 2395 rex
499 2337 582 2395 ab
623 2351 702 2394 eo
745 2351 961 2408 super
989 2334 1160 2394 Sion
1205 2338 1514 2395 montem
1558 2337 1889 2395 sanctum
1932 2334 2087 2395 eius
2131 2333 2583 2393 adnuntians

331 2438 714 2512 imperium
755 2438 870 2497 eiu
887 2456 932 2497 e.
991 2453 1120 2497 ecce
1173 2439 1454 2511 quatenus
1504 2440 1752 2497 montem
1806 2438 1940 2497 Sion
1990 2439 2247 2504 sanctum
2297 2434 2575 2509 designat.

329 2542 482 2601 unde
533 2540 898 2600 manifestum
951 2542 1040 2600 est
1087 2543 1338 2601 montem
1387 2540 1521 2600 Sion
1572 2556 1697 2600 esse
1746 2538 2045 2600 caelestem
2086 2542 2146 2599 et
2176 2537 2491 2612 spiritalem
2520 2539 2579 2598 et

257 2661 316 2704 ὀ
334 2644 474 2702 Sina
503 2661 626 2703 esse
655 2647 959 2702 terrenum.
1003 2643 1150 2702 nihil
1181 2644 1330 2703 enim
1360 2645 1550 2717 potest
1579 2643 1729 2717 quod
1758 2642 1820 2700 in
1848 2645 2001 2702 terra
2028 2645 2117 2702 est
2144 2657 2269 2700 esse
2300 2642 2575 2714 sanctum,

330 2765 459 2807 cum
509 2749 666 2806 totus
714 2746 958 2806 mundus
1009 2746 1164 2805 facta
1219 2745 1372 2805 mala
1425 2763 1460 2804 a
1511 2745 1734 2805 diabolo
1792 2745 1872 2804 sit
1926 2745 2245 2804 maculatus
2268 2789 2281 2816 ,
2356 2742 2576 2804 dicente

325 2851 499 2909 Iesu:
564 2849 721 2909 odit
763 2866 863 2909 me
919 2849 1291 2909 saeculum
1346 2849 1518 2922 quia
1571 2852 1643 2908 et
1698 2865 1825 2922 ego
1882 2847 2115 2920 illum,
2182 2846 2352 2921 quia
2392 2846 2578 2907 mala

468 3056 499 3109 1
535 3056 611 3109 Io.
649 3056 698 3118 1,
734 3056 817 3109 17.
1045 3056 1083 3110 4
1115 3055 1204 3109 Es.
1240 3055 1289 3122 2,
1325 3055 1375 3108 3.
1618 3055 1684 3108 16
1718 3054 1805 3108 Ps.
1842 3053 1893 3119 2,
1930 3053 1981 3107 6.
2219 3053 2289 3108 22
2322 3053 2400 3108 Io.
2439 3056 2488 3119 7,
2524 3054 2573 3108 7.

470 3244 501 3297 1
537 3243 818 3297 iohannem
853 3257 1022 3311 super
1055 3243 1364 3311 sanguinem
1407 3242 1456 3295 T
1483 3258 1556 3296 m.
1589 3244 1631 3295 2
1909 3241 1945 3294 2
1979 3241 2239 3296 christum
2276 3258 2377 3296 om.
2416 3242 2505 3311 Τμ

333 3331 372 3383 3
407 3329 542 3398 sina]
579 3329 723 3397 syria
757 3349 796 3396 μ
1021 3329 1058 3382 4
1089 3328 1234 3381 enim
1268 3345 1366 3383 om.
1406 3329 1454 3382 T
1682 3327 1850 3380 exiuit
1887 3326 1938 3380 T
2161 3327 2197 3380 5
2232 3326 2317 3396 ab]
2357 3328 2423 3381 de
2460 3327 2511 3381 T

321 3412 613 3466 debeamus
649 3411 735 3462 w
1008 3411 1042 3464 6
1077 3411 1273 3480 utrum]
1310 3413 1375 3464 ut
1417 3411 1465 3464 T
1737 3396 1857 3466 dffi‘
1879 3431 1921 3480 μ
2058 3420 2060 3422 ·
2194 3413 2227 3467 7
2263 3413 2430 3466 exibit
2466 3433 2505 3482 μ

321 3514 400 3551 an
432 3513 596 3551 unum
633 3497 768 3560 MT,
805 3513 972 3550 unum
1007 3514 1080 3564 μυ
1308 3497 1448 3551 alter
1480 3514 1521 3551 s.
1559 3515 1600 3550 ε.
1626 3515 1697 3552 m.
1736 3501 1793 3551 et
1828 3513 1930 3554 om.
1968 3499 2041 3552 M
2264 3500 2300 3553 8
2334 3499 2573 3554 hebreice

324 3583 457 3638 MT
483 3599 709 3651 semper,
745 3582 992 3636 hebraice
1030 3601 1103 3651 μυ
1308 3583 1344 3636 9
1377 3599 1502 3637 uero
1537 3585 1672 3650 MT,
1708 3600 1895 3638 uerum
1932 3600 2036 3653 μῦς
2070 3583 2143 3649 cf.
2172 3600 2231 3652 p.
2270 3588 2395 3652 106,
2431 3588 2503 3640 21

321 3668 540 3723 differet
573 3669 769 3736 scrip-si
803 3669 862 3737 (i.
901 3685 945 3722 e.
981 3668 1280 3736 discernet),
1315 3667 1566 3723 different
1609 3670 1713 3739 Τμ,
1748 3669 2109 3724 differentium
2144 3671 2247 3724 Mv
2394 3673 2573 3725 osten-

323 3753 414 3809 dit
443 3771 478 3809 v
707 3755 774 3809 10
807 3757 990 3809 monte
1023 3755 1106 3808 bis
1143 3754 1194 3812 T
1416 3756 1482 3809 11
1515 3755 1691 3809 latina
1726 3755 1854 3809 MT
2065 3755 2132 3808 12
2168 3754 2488 3823 interpretat
2528 3757 2580 3812 T

323 3841 388 3910 (i.
425 3855 468 3893 e.
504 3840 820 3910 significat),
856 3841 1240 3909 interpretatur
1276 3840 1418 3909 Μμυ
1430 3861 1452 3909 ,·
1488 3838 1560 3905 cf.
1580 3857 1640 3909 p.
1665 3845 1783 3906 110,
1809 3845 1877 3894 10
2032 3838 2320 3909 temptatio
2357 3841 2573 3893 aeterna

322 3925 472 3994 Μμυ
728 3926 1114 3994 interpretatur
1149 3927 1291 3995 Μμυ
1543 3927 1610 3980 13
1642 3925 2035 3980 exaceruationi
2070 3925 2121 3979 T
2368 3925 2438 3979 14
2468 3940 2574 3979 non

322 4008 436 4064 sibi
471 4027 542 4064 ex
575 4027 725 4065 mons
759 4011 838 4065 ibi
873 4012 950 4066 M
1182 4011 1446 4066 similar-es
1483 4011 1536 4065 T
1792 4013 1861 4066 15
1894 4010 2026 4065 duos
2058 4026 2093 4064 υ
2338 4011 2573 4080 gratiam
2620 4015 2627 4020 '

320 4097 384 4149 et
417 4095 668 4150 honorem
703 4097 780 4152 M
1045 4099 1322 4166 propterea
1357 4097 1410 4151 T
1682 4097 1749 4151 16
1782 4097 1953 4164 primo
1988 4095 2122 4160 MT,
2170 4097 2395 4150 secundo
2430 4114 2505 4166 μυ

321 4181 394 4235 18
429 4182 680 4250 quatinus
715 4182 792 4237 M
818 4183 1039 4252 saepius
1337 4183 1402 4238 19
1437 4183 1719 4237 caelestem
1755 4197 1869 4236 esse
1903 4199 1937 4236 v
2233 4180 2303 4234 20
2335 4177 2573 4236 montem

317 4267 442 4320 sina
474 4285 508 4322 v
678 4267 758 4321 21.
780 4283 874 4337 per
906 4269 1052 4322 facta
1087 4287 1126 4337 μ
1137 4288 1157 4336 ,·
1190 4269 1262 4335 cf.
1290 4284 1350 4336 p.
1388 4273 1507 4332 111,
1542 4271 1624 4322 22
1804 4266 1947 4320 mala
1981 4265 2127 4319 facta
2161 4265 2358 4320 habeat
2395 4269 2505 4321 etv

313 4352 394 4406 22
425 4352 596 4406 iesum
636 4353 748 4422 Τμι
970 4354 1097 4422 quia
1131 4357 1186 4407 et
1221 4355 1336 4424 ego]
1374 4355 1429 4408 et
1463 4369 1560 4423 ego
1595 4353 1683 4408 odi
1718 4371 1752 4408 v
1954 4351 2093 4406 illud
2127 4357 2225 4421 μῑυ
2429 4353 2575 4408 mala

313 4439 470 4492 facta
505 4441 632 4492 sunt
665 4437 814 4493 illius
852 4439 916 4504 T,
950 4438 1096 4493 facta
1129 4438 1280 4493 illine
1315 4442 1442 4493 sunt
1475 4439 1620 4492 mala
1656 4457 1689 4493 v
