3217 5150
749 550 840 603 De
874 520 1382 619 singularitate
1416 548 1819 603 clericorum
1854 564 1899 602 c.
1937 548 2159 603 29-32.
2448 550 2575 617 207

321 713 528 773 cuitu
557 712 810 771 uestro
839 686 1165 769 fecistis.
1225 708 1552 783 pudendum
1595 706 1787 768 nescio
1818 708 1957 782 quid
1985 706 2216 767 dilectio
2245 706 2361 767 ista
2391 706 2572 781 signi-

321 814 474 887 ficat,
507 830 636 875 cum
665 812 993 886 extorqueri
1021 814 1218 871 contra
1244 813 1510 870 naturam
1533 811 1788 885 putatur.

406 917 614 977 Adhuc
643 914 826 975 habeo
858 915 994 990 quid
1021 914 1252 973 mirari:
1313 931 1442 973 cum
1491 913 1718 972 uideam
1769 913 1840 973 de
1881 912 2227 973 Christianis
2270 914 2571 987 plerosque
2594 912 2671 971 31

319 1020 554 1081 maritos
583 1017 803 1095 pariter
831 1020 891 1077 et
912 1012 1114 1077 uxores
1138 1016 1548 1076 continentiam
1570 1016 1925 1075 destinantes
1948 1015 2235 1075 domicilia
2254 1015 2576 1091 singularia

280 1143 302 1181 ι
321 1122 510 1197 magis
536 1122 772 1196 eligere,
803 1124 870 1180 ut
898 1136 1206 1181 consensus
1229 1117 1608 1180 communium
1631 1120 1891 1179 uotorum
1912 1118 2038 1178 sine
2058 1118 2383 1179 irritatione
2404 1136 2573 1193 prae-

317 1225 538 1285 sentiae
567 1224 940 1284 concordante
968 1240 1202 1283 secessu
1229 1222 1464 1282 ualeant
1505 1222 1761 1281 obtinere
1778 1266 1791 1293 ,
1826 1222 1921 1298 [et]
1952 1221 2198 1282 eunuchi
2248 1222 2433 1281 nostri
2462 1239 2574 1283 non

319 1329 530 1388 durant
559 1328 681 1388 sine
709 1326 958 1386 feminae
988 1324 1291 1397 sodalitate
1323 1326 1608 1385 dormire?
1670 1326 1823 1399 apud
1871 1324 2004 1385 illos
2054 1342 2213 1385 amor
2253 1325 2573 1401 coniugalis

315 1430 702 1492 continentiae
731 1444 924 1490 amore
953 1432 1245 1502 pensatur,
1306 1431 1367 1489 et
1418 1428 1571 1502 apud
1615 1430 1895 1504 spadones
1925 1428 2272 1487 cohabitatio
2326 1428 2576 1489 feminae·

313 1550 626 1607 nmquam
655 1535 847 1608 potest
875 1533 1089 1592 habere
1117 1532 1431 1592 fastidium.
1487 1531 1649 1591 dicat
1696 1548 1848 1591 nunc
1898 1531 2286 1592 eunuchorum
2328 1531 2541 1593 caritas
2554 1576 2571 1605 ,

249 1662 299 1699 ιο
317 1636 473 1697 dicat
489 1681 504 1708 ,
564 1652 636 1696 ne
663 1635 812 1695 forte
841 1634 902 1694 in
931 1635 1041 1694 hac
1079 1634 1398 1695 secessione
1429 1633 1615 1708 magis
1646 1634 1963 1708 coniugalis
2006 1634 2216 1694 caritas
2245 1637 2461 1709 peccet,
2506 1636 2575 1693 ut

316 1739 564 1815 apostoli
613 1738 783 1799 Pauli
834 1737 1131 1798 consilium
1183 1738 1446 1797 uideatur
1502 1736 1843 1811 coniugibus
1885 1736 2207 1797 insinuasse
2229 1737 2571 1797 diuortium:

313 1847 640 1918 tempus,
685 1841 893 1916 inquit,
959 1841 1142 1915 quod
1183 1841 1429 1899 restat
1469 1840 1688 1899 breue
1733 1841 1863 1900 est.
1925 1840 2297 1915 reliquum
2339 1842 2450 1901 est
2493 1842 2574 1899 ut

316 1951 395 2009 et
459 1947 604 2021 qui·
647 1945 922 2006 habent
984 1961 1248 2004 uxores
1321 1944 1428 2004 sic
1491 1943 1645 2003 sint
1719 1943 1930 2017 quasi
1994 1960 2132 2003 non
2194 1943 2571 2004 habentes.

318 2053 537 2125 quanta
583 2048 932 2125 peruersitas
982 2047 1306 2108 dilectionis
1354 2046 1677 2107 intenditur
1690 2091 1707 2119 ,
1753 2049 1820 2106 ut
1871 2046 1969 2121 qui
2021 2047 2237 2108 habent
2265 2048 2430 2121 quasi
2459 2064 2574 2108 non

247 2180 296 2218 15
316 2155 594 2215 habentes
623 2170 752 2214 esse
779 2152 1041 2212 nitantur
1069 2154 1130 2211 et
1157 2152 1258 2227 qui
1289 2168 1400 2211 non
1428 2150 1647 2210 habent
1673 2150 1839 2225 quasi
1867 2152 2144 2212 habentes
2174 2168 2299 2211 6666
2324 2151 2572 2226 glorien-

315 2262 428 2317 tur.
458 2258 528 2317 de
555 2256 652 2316 his
681 2256 804 2329 ipse
833 2254 1128 2329 apo-tolus
1157 2256 1270 2315 ait:
1315 2254 1554 2328 gloria
1598 2254 1671 2313 in
1711 2254 2179 2328 turpitudine
2230 2254 2569 2328 ipsorum.

402 2359 646 2421 Dilectio
677 2362 796 2432 est,
828 2358 1114 2433 inquiunt.
1173 2374 1206 2417 o
1237 2356 1468 2417 dilectio
1510 2374 1657 2431 quae
1709 2356 1929 2417 inuidet
1956 2356 2087 2416 sibi.
2120 2376 2153 2417 o
2182 2356 2395 2417 caritas
2425 2375 2569 2431 quae
2593 2363 2674 2423 32

317 2464 476 2539 cupit
506 2481 568 2523 se
596 2461 1017 2537 uituperatione
1047 2460 1290 2521 laudari.
1335 2461 1552 2535 grande
1573 2459 1932 2534 miraculum,
1962 2462 2031 2519 ut
2048 2460 2339 2535 uirginum
2362 2461 2574 2521 caritas

322 2566 578 2642 uirgines
631 2565 808 2626 faciat
860 2564 1020 2625 uelut
1073 2564 1342 2640 coniuges
1393 2562 1548 2624 credi
1599 2564 1659 2623 et
1710 2562 2013 2638 coniugum
2060 2562 2269 2624 caritas
2300 2564 2571 2639 coniuges

247 2693 302 2734 zo
321 2671 496 2731 faciat
523 2671 687 2730 uelut
713 2669 967 2744 uirgines
995 2667 1309 2728 aestimari.
1340 2684 1472 2728 ecce
1493 2685 1631 2728 uera
1652 2666 1885 2728 dilectio
1906 2684 2052 2742 quae
2077 2667 2139 2726 in
2160 2667 2572 2743 coniugalitate

319 2773 528 2833 diuidit
545 2817 561 2845 ,
588 2774 660 2831 ut
685 2773 746 2830 in
776 2771 1042 2832 castitate
1079 2771 1406 2846 coniungat.
1467 2787 1596 2831 ecce
1630 2773 1830 2831 sancta
1858 2770 2089 2831 dilectio
2120 2787 2265 2846 quae
2296 2771 2571 2847 coniuga-

317 2875 476 2936 libus
505 2875 579 2935 ad
608 2891 959 2936 communem
987 2875 1214 2934 laudem
1244 2873 1466 2934 inducit
1493 2873 1833 2934 absentiam.
1893 2873 1958 2932 hi
2000 2889 2103 2946 pro
2134 2876 2287 2934 certo
2319 2891 2442 2935 sese
2473 2875 2567 2934 in-

319 2977 722 3053 separabiliter
748 2977 1002 3052 diligunt
1021 3023 1036 3050 ,
1070 2977 1168 3053 qui
1198 2980 1264 3037 ut
1293 2977 1617 3051 triumphos
1648 2976 1760 3037 sibi
1790 2976 2041 3037 inferant
2081 2995 2117 3037 a
2146 2995 2209 3037 se
2239 2978 2351 3052 ipsi
2381 2979 2571 3039 disce-

318 3083 495 3148 dunt:
529 3081 734 3157 quibus
759 3097 862 3141 1166
889 3081 1101 3140 crimen
1130 3097 1235 3140 nec
1263 3083 1472 3140 natura
1501 3098 1604 3140 1166
1634 3081 1731 3140 lex
1757 3097 1863 3140 1166
1892 3079 2168 3140 Dominus
2198 3098 2304 3142 nec
2332 3085 2567 3156 aposto-

243 3207 298 3247 16
317 3186 412 3245 1116
437 3187 781 3259 potestatem
813 3185 982 3244 unius
1013 3184 1464 3246 conuersationis
1493 3184 1795 3244 interdixit
1821 3187 1923 3243 aut
1950 3185 2115 3263 tulit,
2142 3185 2242 3244 sed
2268 3201 2370 3260 pro
2400 3188 2571 3246 tuen-

319 3289 410 3347 dis
468 3289 702 3362 paribus
744 3288 896 3348 uotis
955 3291 1172 3348 semota
1223 3287 1598 3350 unanimitate
1651 3287 1943 3348 absentari
1996 3287 2209 3348 caritas
2260 3289 2567 3363 persuasit.

319 3392 413 3452 ini
441 3409 576 3452 uero
606 3391 842 3452 uideant
871 3391 1032 3452 cuius
1061 3392 1141 3451 sit
1168 3393 1381 3452 caritas
1411 3409 1582 3466 quam
1611 3393 1911 3463 nonerunt,
1944 3391 2043 3466 qui
2077 3408 2185 3451 nec
2214 3391 2439 3451 crimini
2467 3407 2573 3450 nec

315 3498 558 3556 naturae
589 3513 694 3556 nec
720 3495 841 3570 legi
885 3512 989 3554 nec
1019 3495 1258 3555 Domino
1287 3511 1398 3554 1166-
1421 3495 1679 3569 apostolo
1730 3511 1835 3553 nec
1864 3493 1979 3568 ipsi
2008 3493 2406 3568 coniugalitati
2437 3511 2567 3554 suc-

459 3711 525 3766 12
559 3711 588 3766 Ι
625 3711 742 3766 Cor.
779 3711 828 3776 7,
864 3711 948 3766 29.
1158 3713 1224 3766 16
1259 3710 1405 3766 Ρ1111.
1441 3711 1492 3775 3,
1530 3711 1610 3766 19.

453 3951 491 4008 2
525 3967 648 4006 cum
681 3953 893 4021 soet'pei,
927 3953 1014 4007 cui
1050 3953 1110 4014 Ο.
1145 3969 1282 4022 quae
1314 3970 1349 4010 v
1487 3955 1709 4024 putatur
1740 3954 1786 4010 0
1804 3970 1846 4008 e.
1872 3955 1905 4008 1.
1932 3970 2001 4008 m.
2028 3957 2069 4008 2
2206 3954 2241 4009 3
2276 3953 2417 4023 quod
2446 3953 2494 4010 0

313 4037 472 4092 uideo
507 4038 580 4094 0¹
781 4038 817 4093 5
850 4054 1106 4093 consensu
1137 4056 1172 4096 v
1386 4041 1722 4108 praesentiae
1756 4043 1813 4094 et
1846 4056 1879 4094 c
2073 4041 2104 4095 7
2140 4041 2421 4096 soliditate
2458 4035 2513 4096 θ’

313 4127 350 4181 9
383 4140 525 4179 1111116
558 4140 660 4180 mn.
694 4141 729 4181 v
977 4124 1046 4179 10
1075 4129 1260 4195 peccet
1295 4126 1348 4182 0
1380 4128 1436 4180 et
1469 4127 1534 4180 in
1563 4141 1673 4180 ras.
1919 4129 1984 4181 11
2020 4127 2395 4197 coniugalibus
2431 4127 2502 4183 θ’

315 4211 386 4265 18
417 4210 534 4264 sint
567 4227 669 4265 om.
705 4227 740 4266 c
947 4213 1014 4266 14
1047 4213 1284 4280 quanta.
1306 4250 1318 4262 .
1341 4228 1482 4267 ‚non
1517 4211 1778 4267 habentes
1812 4229 1912 4268 om.
1948 4230 1983 4270 v
2200 4239 2316 4268 u·
2342 4214 2495 4283 quasi
2528 4214 2575 4270 G

313 4297 362 4352 61
397 4313 439 4352 e.
475 4295 512 4350 1.
727 4295 796 4351 18
829 4312 888 4350 se
921 4313 992 4351 σω
1023 4299 1081 4352 te
1116 4297 1164 4353 0
1386 4299 1446 4352 in
1479 4297 1879 4368 uituperatione
1912 4319 1945 4352 v
2153 4301 2221 4356 19
2254 4300 2390 4355 facit
2431 4301 2499 4356 0¹

310 4381 382 4437 23
414 4381 546 4452 ipsis
584 4399 614 4438 c
659 4440 664 4446 ,
817 4381 887 4438 25
921 4383 1340 4440 conuersationis
1374 4401 1476 4440 οη.
1512 4401 1547 4441 v
1730 4385 1797 4440 2‘1
1835 4385 2057 4440 uideant
2097 4387 2158 4451 G,
2194 4386 2433 4440 uiderint
2465 4400 2499 4441 υ

311 4465 466 4522 6111116
500 4468 560 4534 0,
597 4466 728 4536 quid
761 4485 796 4524 c
1000 4473 1266 4525 nonerunt
1303 4471 1351 4526 0
1551 4472 1773 4526 crimine
1814 4473 1885 4529 0¹
