3217 5150
690 523 773 585 26
1635 510 1999 580 Appendix'.

1106 1419 1251 1516 111.
1319 1416 1463 1550 DE
1530 1415 1905 1512 LAVDE
1968 1415 2531 1514 MARTYRH.

627 1911 659 1967 1
771 1889 909 1972 Etsi
953 1912 1330 1984 incongruens
1373 1914 1478 1984 est,
1523 1911 1735 1972 fratres
1776 1911 2077 1982 carissimi,
2120 1910 2181 1970 in
2220 1911 2328 1970 hoc
2354 1911 2549 1970 fauore
2579 1910 2807 1970 dicendi
2834 1909 2956 1970 ali-

681 2014 821 2089 quid
849 2013 1250 2088 trepidationis
1281 2014 1506 2074 adferre
1535 2014 1881 2088 minimeque
1903 2014 2101 2074 deceat
2130 2014 2373 2088 gloriam
2400 2015 2595 2074 tantae
2624 2011 2951 2074 deuotionis

675 2116 991 2190 infringere
1036 2133 1106 2175 ex
1149 2134 1213 2178 eo
1256 2119 1406 2191 quod
1451 2116 1636 2176 fatear
1676 2134 1766 2176 me
1808 2117 2059 2190 coepisse
2092 2117 2373 2188 dubitare,
2407 2119 2601 2176 tamen
2630 2116 2949 2176 identidem

675 2218 800 2278 dico
847 2220 972 2293 ipsa
1021 2220 1271 2278 animum
1324 2219 1731 2281 deliberatione
1790 2219 2100 2294 confringi:
2161 2237 2293 2280 nam
2344 2220 2705 2293 exequendae
2755 2219 2949 2278 laudis
2974 2240 3005 2277 ⁵

675 2322 989 2396 cupiditate
1034 2323 1395 2382 succenditur
1425 2325 1484 2382 et
1512 2341 1548 2382 a
1577 2323 1857 2396 loquendo
1904 2323 2299 2396 magnitudine
2344 2321 2583 2382 uirtutis
2629 2321 2947 2392 inhibetur,

677 2442 804 2484 cum
833 2428 935 2484 aut
963 2442 1074 2484 non
1106 2426 1304 2486 deceat
1333 2428 1521 2486 tacere
1551 2428 1653 2484 aut
1682 2421 2063 2498 periculosum
2092 2426 2169 2484 sit
2194 2443 2393 2498 parum
2414 2425 2621 2499 dicere,
2652 2425 2767 2484 nisi
2788 2425 2947 2499 quod

676 2527 816 2587 haec
845 2527 1131 2587 aestuanti
1164 2545 1254 2588 res
1287 2529 1410 2589 sola
1438 2529 1705 2588 subuenit
1735 2527 1885 2602 quod
1928 2527 2188 2587 uideatur
2228 2527 2446 2603 ignosci
2486 2528 2542 2588 ei
2572 2525 2741 2587 facile
2770 2542 2943 2602 posse

678 2631 777 2703 qui
807 2648 918 2690 non
951 2632 1141 2693 timuit
1173 2632 1398 2692 audere.
1444 2650 1614 2705 quam
1652 2632 1723 2691 ob
1758 2648 1897 2706 rem,
1951 2631 2232 2691 carissimi
2262 2633 2491 2703 fratres,
2540 2632 2652 2691 etsi
2679 2631 2943 2705 potentia

674 2734 760 2793 rei
810 2736 1079 2793 oneratur
1120 2735 1365 2794 facultas
1408 2734 1646 2809 ingenii,
1698 2736 1762 2793 ut
1793 2738 2067 2807 quantum
2096 2749 2158 2793 se
2188 2733 2247 2792 in
2280 2734 2647 2807 exprimenda
2673 2734 2939 2809 martyrii
2964 2758 3025 2795 ιο

677 2836 957 2911 dignitate
987 2836 1311 2909 protulerit,
1343 2840 1568 2896 tantum
1597 2837 1722 2910 ipso
1754 2837 1998 2911 pondere
2021 2835 2210 2895 laudis
2241 2854 2513 2911 oppressa
2542 2839 2726 2911 adque
2756 2836 2937 2895 aesti-

677 2939 923 2998 matione
955 2956 1140 2999 rerum
1170 2938 1420 2998 omnium
1451 2941 1520 2999 de
1551 2939 1759 3013 quibus
1790 2957 1917 2999 cum
1958 2938 2198 2999 maxime
2239 2939 2495 3013 loquitur
2535 2938 2839 2999 debilitata
2869 2956 2939 2999 ac

673 3040 848 3125 facta,
891 3042 1045 3102 intra
1084 3060 1146 3103 se
1197 3042 1324 3117 ipsa
1373 3040 1700 3115 inlaqueata
1742 3042 1996 3103 oratione
2040 3042 2269 3101 deficiat
2297 3058 2399 3103 nec
2430 3041 2667 3103 habenis
2698 3042 2936 3101 liberis:

673 3162 775 3203 rac
803 3145 1008 3205 solutis
1039 3145 1098 3204 in
1125 3147 1386 3219 apertum
1418 3145 1695 3204 sermonis
1722 3145 2010 3218 eloquium
2038 3146 2158 3205 uim
2186 3148 2383 3205 tantae
2425 3145 2613 3205 laudis
2643 3146 2940 3219 expromat

677 3250 868 3307 tamen
913 3249 1022 3307 erit
1069 3248 1290 3321 aliqua,
1337 3247 1448 3307 nisi
1499 3248 1695 3320 fallor,
1730 3249 1790 3306 in
1831 3248 2143 3321 eloquendo
2186 3248 2327 3307 fides
2356 3264 2501 3321 quae
2532 3246 2714 3321 ipsius
2746 3247 2937 3322 operis
2962 3272 3021 3309 15

811 3584 1013 3653 Incipit
1034 3584 1356 3654 (Cyprianus
1380 3583 1505 3637 aad.
1534 3584 1608 3653 P)
1635 3582 1699 3637 de
1723 3582 1881 3637 laude
1905 3583 2153 3652 martyrii
2178 3583 2466 3655 LNPQT.
2502 3614 2569 3623 -
2604 3585 2639 3638 2
2673 3568 2799 3638 0136
2810 3586 2868 3639 P

673 3673 882 3728 faouore
923 3673 983 3735 T,
1030 3671 1238 3725 feruore
1280 3672 1410 3737 fort.
1736 3670 1770 3724 3
1816 3671 2159 3740 minimeque]
2208 3674 2265 3725 et
2308 3672 2529 3727 minime
2576 3672 2663 3736 N,
2712 3672 2942 3727 minime

671 3758 832 3829 PQT
1069 3758 1106 3817 5
1143 3757 1257 3826 ipse
1301 3758 1352 3812 T
1575 3757 1745 3811 animi
1780 3758 1886 3810 mei
1923 3756 2093 3811 LNP
2330 3756 2779 3811 deliberationum
2818 3758 2871 3811 T

669 3844 936 3913 confringi
979 3860 1103 3897 nam
1147 3844 1364 3911 scripsi,
1421 3844 1759 3913 confringam
1808 3844 2046 3913 LPQT,
2104 3843 2377 3897 confracta
2420 3858 2485 3897 ea
2528 3844 2612 3908 N,
2668 3844 2940 3914 confringi

668 3946 788 3983 cum
813 3946 844 3982 v
1049 3927 1384 3997 exaequenda
1407 3930 1482 3983 M
1507 3929 1894 3997 (exaequendae
1927 3930 2009 3999 Q),
2036 3929 2331 3997 sequendae
2356 3930 2425 3985 N
2620 3929 2777 3984 laude
2820 3930 2874 3983 T

666 4017 700 4069 6
747 4018 803 4069 et
837 4015 887 4083 a]
927 4030 991 4069 ea
1025 4016 1092 4067 N
1359 4015 1671 4069 inhibeatur
1717 4016 1797 4071 12¹
2076 4015 2108 4067 7
2157 4019 2254 4070 ant
2298 4016 2423 4085 non]
2461 4017 2641 4071 autem
2676 4032 2782 4071 non
2820 4016 2869 4087 Q

664 4101 700 4153 8
745 4101 1014 4155 aestuanti
1059 4101 1190 4155 haec
1224 4119 1258 4156 v
1504 4155 1524 4178 ,⁶
1599 4105 1657 4156 et
1690 4101 1850 4155 facile
1885 4100 2088 4171 ignosci
2123 4117 2276 4170 posse
2316 4102 2419 4173 QT
2672 4104 2709 4157 9
2754 4102 2941 4157 audire

667 4187 829 4257 PQT
1055 4186 1271 4257 fratres]
1310 4188 1440 4242 add.
1481 4189 1551 4258 Q:
1588 4188 1649 4242 in
1684 4190 1769 4241 tot
1802 4188 2027 4255 tantisq.
2066 4187 2221 4241 rebus
2471 4188 2539 4242 10
2573 4189 2779 4257 ingenii
2810 4232 2817 4239 .
2862 4232 2872 4239 .
2918 4232 2929 4242 .

657 4289 720 4341 p.
757 4277 850 4335 30,
889 4278 924 4327 6
960 4272 1270 4342 suppeditat
1304 4290 1405 4327 om.
1443 4274 1500 4327 P
1754 4274 1820 4326 11
1858 4272 2179 4341 dignitatem
2222 4275 2273 4328 T
2518 4276 2673 4329 tanto
2708 4276 2878 4345 NQT

669 4358 740 4414 13
773 4360 945 4426 ipsam
981 4374 1013 4411 υ
1199 4358 1384 4413 abonis
1421 4360 1548 4423 NT,
1585 4359 1771 4412 auenis
1811 4358 1858 4428 Q
2040 4360 2105 4412 14
2141 4360 2404 4428 exprimat
2442 4360 2519 4414 12²
2686 4362 2751 4413 15
2786 4360 2941 4432 fides]

667 4443 898 4497 facultas
939 4460 970 4497 υ
