3217 5150
2400 563 2541 610 XLV

288 709 469 792 esset,
539 706 726 772 huius
797 703 1152 769 correctoris
1222 702 1611 768 memoriam.
1663 703 1860 768 trium
1921 703 2334 786 epistularum
2393 702 2542 768 sub·
2576 720 2706 765 cosa.
2730 698 2855 780 MQ

284 819 616 902 scriptione
652 819 956 883 testatam
998 815 1231 880 seruari
1270 805 1575 897 putarem.
1617 814 1686 879 in
1717 814 1886 879 calce
1927 814 2093 880 enim
2124 813 2427 896 epistulae
2456 813 2541 880 28
2574 800 2860 912 submisso-

282 932 349 996 οὺ
396 929 478 995 37
538 929 771 1014 legitur
826 929 891 993 in
944 924 1071 1006 MQ
1124 923 1520 991 EMENDA
1535 925 1632 991 VI
1631 927 1693 990 T
1736 926 1782 990 Ι
1787 925 1895 991 VS
1899 925 2066 990 TIN
2071 923 2178 990 VS
2223 923 2548 991 ROMAE

158 1061 171 1082 ⁸
284 1037 577 1125 idemque
619 1039 888 1107 occurrit
932 1039 1055 1104 nisi
1100 1037 1264 1121 quod
1304 1055 1423 1102 uox
1452 1035 1780 1103 ROMAE
1817 1037 2201 1102 desideratur
2237 1037 2380 1119 post
2409 1036 2540 1120 epi-

289 1155 523 1220 stulam
555 1154 659 1233 39,
706 1171 863 1236 quae
908 1152 1378 1218 coniunctarum
1405 1149 1475 1215 in
1504 1150 1820 1234 plerisque
1865 1149 2180 1215 codicibus
2223 1149 2361 1215 octo
2409 1147 2541 1231 epi-

284 1267 597 1333 stularum
652 1265 781 1350 (63.
829 1266 889 1331 6.
938 1265 1037 1331 10.
1081 1263 1184 1329 28.
1228 1263 1331 1328 37.
1378 1262 1480 1326 11.
1524 1260 1630 1326 38.
1677 1259 1789 1346 39)
1843 1279 2068 1345 agmon
2119 1260 2374 1327 claudit.
2434 1261 2542 1326 sed

280 1380 495 1444 utrum
524 1376 755 1444 Iustini
786 1395 931 1442 cura
958 1376 1056 1442 his
1086 1374 1299 1459 paucis
1330 1372 1618 1458 epistulis
1639 1391 1706 1438 se
1731 1371 2104 1438 continuerit
2132 1391 2210 1438 an
2230 1373 2411 1457 plura
2438 1372 2543 1438 uel

282 1491 491 1556 omnia
542 1490 835 1572 conplexa
886 1489 990 1568 sit,
1043 1490 1259 1552 utrum
1310 1485 1611 1552 memoria
1657 1485 1790 1551 eius
1838 1503 1910 1550 ex
1959 1484 2219 1550 alterius
2263 1483 2542 1551 familiae

252 1677 255 1682 ,
278 1602 613 1687 archetypo
640 1602 985 1686 propagata
1002 1582 1099 1665 'sit
1121 1617 1201 1664 an
1224 1598 1398 1664 extra
1426 1615 1571 1663 eum
1598 1596 1668 1663 in
1699 1596 1906 1666 codice
1936 1597 2191 1663 demum
2211 1595 2541 1663 Monacen-

278 1713 367 1778 sis
396 1716 459 1780 et
488 1713 805 1780 Trecensis
843 1712 1099 1796 parente
1126 1710 1411 1776 Iustinus
1452 1709 1712 1792 quidam
1741 1709 1975 1775 Romae
2013 1709 2214 1776 artem
2256 1709 2540 1776 criticam

282 1825 688 1905 factitauerit‚
717 1824 1049 1901 nescimus.

365 1935 565 2003 Codex
594 1935 962 2021 Reginensis
994 1934 1103 2021 (Τ)
1134 1936 1201 2001 in
1239 1935 1571 2020 permultis
1610 1933 1798 2001 rebus
1839 1921 2076 2017 stirpis
2096 1933 2402 2020 originem
2441 1933 2544 1998 in-
2587 1957 2760 2002 cosiea
2787 1935 2840 2000 Τ

282 2049 520 2134 tegrius
550 2067 739 2131 quam
768 2048 839 2113 M
869 2045 1010 2127 etQ
1038 2048 1333 2128 seruauit,
1364 2047 1432 2114 in
1460 2065 1580 2130 quo
1611 2066 1726 2113 nec
1753 2046 2100 2131 scripturae
2127 2063 2332 2113 sacrae
2361 2046 2544 2112 testi·
2577 2036 2843 2080 ‘mmm‘

284 2161 493 2227 monia
513 2161 821 2246 castigata
840 2178 953 2226 nec
974 2161 1073 2226 tot
1094 2159 1647 2242 interpretamenta
1668 2159 1917 2243 recepta
1939 2157 2086 2223 sint.
2119 2158 2226 2224 sed
2247 2158 2544 2225 lectiones

284 2273 395 2338 ille
428 2293 499 2338 ex
529 2272 672 2338 aliis
713 2270 1027 2338 codicibus
1068 2270 1336 2336 adscitas
1378 2271 1626 2354 saepius
1667 2268 1927 2335 admisit
1955 2288 2068 2336 nec
2098 2269 2466 2336 coniecturis
2477 2269 2541 2355 ³¹²)

282 2403 531 2468 prorsus
560 2385 721 2451 liber
749 2385 863 2465 est,
894 2384 1057 2466 quod
1078 2383 1147 2448 in
1170 2381 1377 2447 codice
1404 2401 1526 2448 non
1550 2380 1929 2460 mirandum,
1961 2381 2070 2465 qui
2093 2401 2132 2448 a
2154 2380 2542 2447 Monacensis

282 2500 348 2564 et
376 2498 694 2564 Trecensis
736 2497 941 2562 aetate
984 2513 1123 2580 une,
1171 2495 1249 2560 ab
1280 2493 1599 2579 archetypi
1645 2492 1994 2560 communis
2032 2494 2235 2559 aetate
2271 2493 2539 2559 saeculis

283 2611 545 2677 fortasse
584 2609 787 2676 tribus
827 2610 1165 2692 superetur.
1212 2608 1278 2673 in
1320 2606 1611 2691 epistulis
1651 2624 1796 2671 uero
1840 2606 1898 2672 7.
1932 2607 1992 2673 9.
2025 2607 2124 2671 12.
2161 2606 2260 2671 17.
2298 2606 2394 2672 18.
2433 2606 2533 2671 19.

287 2721 391 2788 25.
423 2721 526 2787 26.
556 2720 659 2786 29.
691 2719 792 2786 32.
824 2719 910 2786 53
951 2736 1106 2802 quae
1135 2737 1208 2785 ex
1237 2716 1493 2784 alterius
1538 2717 1814 2784 familiae
1855 2718 2186 2803 archetypo
2228 2719 2358 2783 solo
2396 2735 2538 2803 pro-

286 2833 600 2917 pagantur
626 2850 740 2898 nec
767 2830 849 2896 ad
878 2831 1005 2897 alia
1034 2830 1411 2913 exemplaria
1440 2830 1756 2897 emendari
1786 2830 2092 2915 poterant,
2129 2849 2376 2896 summa
2405 2829 2539 2896 eius

288 2943 663 3029 perspicitur
701 2942 1114 3027 praestantia3
1158 2942 1226 3008 in
1268 2942 1409 3009 aliis
1450 2942 1629 3009 uelut
1657 2941 1760 3008 30.
1795 2942 1875 3008 31
1911 2961 2055 3008 cum
2093 2941 2543 3009 uetustissimis

287 3055 613 3123 Bobiensis
665 3054 893 3122 codicis
944 3054 1312 3141 frag-mentis
1354 3052 1460 3139 (F)
1508 3055 1571 3119 et
1620 3054 1688 3119 in
1739 3054 1907 3121 ueris
1956 3051 2326 3120 lectionibus
2370 3055 2436 3119 et
2477 3052 2544 3119 in

288 3169 507 3235 erratis
548 3168 643 3234 ita
684 3166 1009 3245 consentit,
1052 3169 1127 3233 ut
1166 3165 1481 3233 artissimo
1511 3166 1762 3233 uinculo
1795 3186 1939 3233 eum
1970 3184 2114 3232 cum
2141 3165 2193 3230 F
2225 3166 2542 3231 cohaerere

287 3281 598 3363 appareat.
655 3298 845 3363 quare
885 3279 1263 3362 ubicumque
1299 3279 1368 3345 in
1405 3276 1529 3344 his'
1551 3278 1716 3344 inter
1745 3277 1798 3342 Τ
1845 3279 1909 3344 et
1936 3276 2064 3359 MQ
2103 3276 2542 3344 auctoritatem

292 3391 649 3477 eligendum
684 3389 828 3474 fuit,
868 3388 921 3453 Τ
950 3390 1289 3456 maximam
1317 3388 1505 3460 fidem
1532 3388 1752 3455 haberi
1784 3389 1959 3457 uolui
1988 3390 2240 3472 eiusque
2269 3387 2540 3473 uestigia

292 3520 578 3586 premens
601 3501 969 3568 coniecturis
989 3501 1095 3568 hic
1115 3502 1252 3567 illic
1272 3501 1591 3586 archetypi
1617 3500 1994 3585 scripturam
2017 3502 2261 3586 assequi
2291 3503 2542 3569 conatus

285 3633 447 3694 sum,
499 3612 663 3697 quod
709 3614 900 3694 etiam
939 3635 1000 3699 p.
1032 3613 1221 3694 523‚1
1266 3613 1467 3681 facere
1508 3613 1827 3698 debebam,
1876 3614 1986 3680 ubi
2027 3632 2100 3679 ex
2143 3614 2450 3697 corruptis
2491 3614 2544 3679 T

284 3725 521 3792 litteris
551 3725 825 3807 peritori
864 3730 1113 3791 sartam
1162 3726 1431 3813 genuina
1461 3727 1672 3808 perito
1699 3730 2016 3792 resartam
2053 3726 2236 3791 lectio
2277 3726 2542 3792 elicitur.

290 3838 357 3903 in
385 3837 642 3921 reliquis
688 3856 833 3918 uero
876 3838 1163 3923 epistulis
1206 3856 1365 3922 quae
1397 3838 1594 3905 trium
1638 3836 2024 3904 familiarum
2055 3837 2372 3904 codicibus
2401 3854 2546 3904 con-

291 3950 571 4015 ffinentur
606 3923 811 4015 tribui
839 3949 898 4015 e.
931 3950 1035 4016 38.
1069 3950 1155 4015 eo
1183 3950 1452 4035 exceptis
1481 3949 1655 4015 nolui
1686 3948 2153 4016 adnotationem
2181 3932 2545 4033 Baginensis

292 4060 485 4127 etiam
528 4060 851 4146 scripturis
897 4060 1087 4126 nimis
1134 4079 1378 4147 augere,
1430 4078 1573 4127 cum
1607 4060 1684 4126 de
1713 4060 1976 4127 alterius
2014 4058 2292 4126 familiae
2333 4058 2547 4126 arche-

364 4251 419 4317 *)
444 4248 549 4316 Qui
596 4247 982 4303 emendationis
1029 4250 1249 4303 conatus
1298 4264 1459 4318 quam
1494 4248 1563 4303 ab
1598 4247 1878 4319 archetypi
1924 4247 2131 4302 mendis
2164 4247 2272 4315 ΜΩ
2317 4247 2547 4303 seruatis

288 4332 556 4405 pendeant
602 4334 805 4393 duobus
844 4334 975 4389 licet
1014 4333 1198 4389 uidere
1238 4334 1512 4403 exemplis.
1556 4350 1608 4404 p.
1653 4339 1842 4403 515,22
1883 4336 2132 4390 Micitae
2168 4334 2550 4405 neqotiationis

285 4419 587 4489 maetas]
624 4420 831 4476 &dicite
864 4419 1219 4490 coqitationes
1250 4420 1535 4475 nundinas
1556 4420 1680 4488 ΜΩ,
1713 4422 1786 4477 im.
1799 4420 1990 4480 ducite
2013 4412 2364 4491 coqitationes
2385 4434 2546 4475 mm—

286 4506 467 4561 aanae
489 4506 549 4573 Τ,
570 4522 625 4575 p.
650 4511 839 4575 614,1o
859 4506 1112 4576 ascietur]
1137 4508 1351 4563 uitetur
1372 4506 1539 4574 LMQ„
1564 4500 1808 4563 uiolam-
1830 4508 1888 4561 Τ.
