3217 5150
1291 571 1622 628 Carmina.
2439 580 2564 645 291

698 733 1075 808 Hospitioque
1104 735 1288 808 uocat,
1317 732 1488 807 longe
1520 732 1810 792 stabulare
1837 737 2134 808 perantes:

704 838 918 898 Enisus
947 835 1136 911 longis
1165 834 1451 911 precibus,
1482 835 1580 911 pia
1608 834 1848 911 pignera
1874 853 2103 897 mensae

703 939 1077 1013 officiumque
1105 940 1347 1015 probum
1366 938 1555 1000 studio
1584 938 1882 1014 dispungit
1909 936 2108 1001 amieo.

571 1043 663 1106 40
703 1043 833 1104 Nox
852 1043 1106 1118 requiem
1134 1043 1387 1116 dederat,
1416 1041 1517 1102 lux
1545 1042 1799 1102 soluerat
1826 1042 2011 1104 altera
2036 1045 2284 1118 noctem,

707 1148 785 1207 Et
814 1147 1054 1208 Sodoma
1078 1146 1143 1206 in
1171 1145 1389 1206 foribus
1420 1144 1692 1221 strepitat
1720 1163 1847 1207 eum
1873 1145 2004 1222 lege
2032 1146 2312 1222 pudenda.

705 1251 857 1312 Loth
885 1254 1083 1312 eontra
1110 1250 1381 1324 supplex:
1412 1267 1483 1310 ne
1511 1266 1617 1310 uos
1643 1251 1792 1311 male
1819 1252 1990 1324 pasta
2015 1247 2193 1310 libido

708 1354 990 1416 Inoendat
1018 1354 1252 1414 iuuenes
1280 1353 1454 1413 istam
1483 1352 1711 1414 foedare
1737 1353 2061 1414 iuuentam:

710 1457 875 1517 Luxu
902 1474 1013 1531 quo
1042 1437 1307 1532 genitura
1333 1460 1501 1516 uacat
1514 1459 1546 1517 ‘i‘
1577 1474 1690 1530 quo
1720 1456 1940 1517 semina
1967 1456 2223 1517 frustra?

579 1559 663 1620 45
709 1559 831 1632 Quo
860 1559 1053 1620 nullae
1080 1562 1327 1634 nuptant
1354 1558 1594 1634 animae,
1640 1577 1755 1620 non
1784 1560 1970 1620 lustra
1997 1559 2267 1633 colentes,

706 1661 837 1722 Non
864 1661 1113 1722 stabulis
1142 1661 1398 1737 reduces,
1440 1678 1556 1721 non
1583 1661 1754 1722 undis
1782 1659 1983 1721 subter
2008 1662 2257 1735 hianteS,

706 1765 829 1826 Neo
857 1781 1002 1839 quae
1030 1781 1343 1840 pennarum
1369 1763 1614 1824 modulis
1657 1780 1833 1839 prope
1863 1764 2060 1824 nubile
2088 1764 2354 1839 pendent,

709 1869 829 1929 Neo
858 1884 1002 1943 quae
1031 1884 1132 1944 per
1161 1871 1345 1928 terras
1373 1869 1662 1942 protracto
1688 1884 1920 1942 corpore
1949 1869 2200 1927 manant.

711 1969 889 2030 Omne
917 1987 1099 2046 genus
1128 1970 1265 2030 nixu
1292 1953 1511 2045 genuit,
1540 1975 1632 2030 est
1659 1970 1870 2031 femina.
1897 1969 2139 2031 ooniunx

582 2069 669 2137 50
712 2073 1006 2148 Omnibus,
1037 2076 1099 2134 et
1126 2091 1433 2150 numquam
1462 2072 1726 2147 cuiquam
1753 2073 1867 2133 nisi
1895 2073 2107 2134 femina
2133 2077 2333 2134 mater.

710 2177 883 2238 Nune
910 2177 962 2238 si
991 2178 1089 2238 fax
1118 2177 1401 2238 iuuenalis
1431 2179 1563 2237 auet
1593 2180 1822 2237 uastare
1851 2177 2137 2251 pudorem,

713 2281 859 2342 Sunt
886 2280 1045 2341 intus
1072 2283 1241 2342 natae
1272 2280 1497 2354 biiuges
1526 2280 1687 2353 mihi,
1717 2279 1930 2340 nubilis
1959 2283 2140 2354 aetas,

713 2385 1035 2460 Virginitas
1064 2385 1126 2445 in
1155 2385 1292 2446 flore
1321 2386 1565 2457 tumens,
1596 2384 1710 2443 iam
1740 2364 1932 2444 debita.
1959 2384 2150 2457 messi,

715 2488 905 2562 Digna
934 2487 1135 2562 cupido
1168 2487 1326 2560 uiris,
1356 2487 1556 2548 tulerit
1585 2504 1699 2563 qua
1725 2488 1921 2546 uestra
1949 2486 2244 2545 uoluntas:

586 2592 669 2653 55
714 2592 871 2652 Dedo
900 2595 1062 2666 pater
1092 2609 1306 2667 proque
1335 2592 1660 2667 hospitibus
1690 2593 1938 2668 pensabo
1961 2590 2228 2652 dolorem.

799 2694 1022 2768 Vulgus
1050 2696 1124 2756 sd
1146 2696 1287 2755 haee
1316 2696 1579 2756 demens:
1611 2696 1870 2771 quisnam
1899 2698 1982 2769 tu,
2012 2696 2275 2771 quantus,
2305 2698 2364 2755 et
2390 2695 2538 2754 unde

722 2798 833 2868 Qui
861 2798 1071 2858 nostris
1102 2799 1391 2859 dominere
1426 2800 1632 2861 animis
1659 2800 1928 2876 legesque
1957 2798 2268 2859 recondas?

474 3100 541 3153 3⁷
578 3099 757 3170 longe]
793 3099 958 3169 uulgo
992 3101 1049 3154 A
1378 3100 1591 3156 stabula
1626 3102 1927 3170 separantes
1960 3102 2031 3166 A,
2067 3102 2135 3153 st.
2171 3104 2416 3169 parentes
2451 3100 2508 3157 R

338 3186 409 3241 38
442 3188 498 3239 et
531 3186 681 3240 nisus
713 3188 855 3242 coni.
890 3186 1101 3241 Malles·
1328 3188 1552 3257 pignora
1585 3200 1770 3241 mensa
1802 3186 1952 3243 HRv
2175 3186 2243 3241 39
2276 3186 2570 3255 officiisque

340 3272 518 3340 probis
551 3272 701 3327 HRv
957 3274 1134 3328 studio
1171 3275 1228 3328 A
1260 3272 1356 3327 sed
1388 3274 1442 3326 io
1477 3288 1521 3328 s.
1559 3274 1594 3327 1.
1629 3290 1701 3328 m.
1735 3276 1775 3326 2
2030 3272 2334 3342 dispunngit
2369 3273 2449 3337 H,
2484 3273 2575 3327 de-

340 3356 565 3427 spondet
614 3356 707 3411 uel
756 3355 1006 3426 dependit
1057 3358 1196 3413 coni.
1256 3357 1470 3413 Mallem·
1481 3376 1497 3421 ;
1554 3356 1651 3412 sed
1700 3356 1770 3420 cf.
1813 3359 2054 3413 Gronou.
2088 3346 2242 3413 'Oba
2287 3374 2349 3427 p.
2402 3362 2509 3413 673

341 3443 538 3497 amieos
572 3442 724 3499 HRv
947 3443 1270 3548 41s0⁸⁰d³m⁸
1304 3444 1373 3498 H
1589 3459 1710 3497 cum
1745 3443 1866 3512 lege
1898 3443 2142 3512 pudenda
2174 3443 2251 3511 H,
2304 3460 2424 3500 eum
2457 3442 2578 3513 lege

338 3552 627 3609 rudendam
671 3554 745 3619 R,
797 3571 915 3609 oum
932 3522 1011 3609 ¹’le
1052 3555 1297 3625 pudenda
1339 3557 1412 3620 A,
1455 3559 1744 3624 conquesta
1787 3554 2082 3610 rudendum
2125 3556 2412 3620 Mem-elim,
2461 3572 2580 3609 oon-

340 3642 525 3709 questa
557 3639 863 3711 pudendum
905 3640 1072 3696 Gran.
1208 3642 1278 3695 42
1312 3641 1451 3695 male
1484 3644 1644 3710 pacta
1678 3643 1748 3709 A,
1782 3658 1922 3695 nune
1955 3642 2111 3710 pasta
2132 3642 2209 3705 H,
2245 3658 2383 3696 nunc
2416 3644 2577 3710 pacta

340 3728 443 3795 Rv,
478 3744 617 3783 nunc
650 3744 817 3798 praua
860 3728 1033 3783 Gron.
1192 3730 1263 3783 43
1296 3729 1541 3783 intendat
1576 3731 1633 3784 A
1789 3729 1962 3799 ipsam
1996 3731 2051 3783 A
2207 3730 2280 3784 44
2312 3729 2440 3783 luxu
2477 3745 2581 3797 quo

339 3814 427 3879 H,
472 3830 576 3884 quo
632 3814 758 3868 luxu
806 3814 919 3878 Rv,
974 3814 1152 3884 luxoq.
1221 3831 1361 3869 corr.
1422 3816 1485 3868 in
1539 3814 1660 3869 luxo
1708 3831 1813 3885 quo
1857 3817 1912 3869 A
1957 3814 2104 3883 (luxu
2155 3816 2192 3871 i.
2246 3831 2290 3869 e.
2339 3814 2510 3880 luxui)

338 3904 498 3954 uacat
530 3900 743 3968 scripsi,
780 3903 937 3954 uocat
958 3900 1119 3961 ARv,
1156 3903 1351 3956 uocant
1385 3900 1454 3954 H
1456 3920 1478 3969 ;
1516 3902 1586 3967 cf.
1621 3902 1868 3955 Gronau.
1895 3918 1957 3970 p.
1995 3905 2099 3956 674
2221 3901 2434 3971 ,semine
2455 3902 2512 3955 A

336 3986 407 4041 45
440 3988 691 4057 nuptant]
728 3988 959 4042 rutilant
992 3989 1047 4041 A
1078 4004 1107 4041 r
1144 4003 1213 4041 ex
1245 4003 1283 4040 n
1318 4002 1456 4042 corr.
1627 4050 1632 4053 ,
1732 3987 1800 4041 46
1835 4004 1932 4042 om.
1972 3990 2026 4042 A
2285 3989 2353 4043 47
2389 3989 2580 4057 pinna-

340 4088 458 4126 rum
494 4074 575 4127 A¹
870 4075 939 4128 48
972 4076 1143 4127 terras
1177 4090 1229 4143 p.
1265 4090 1307 4128 o.
1346 4075 1569 4128 manant
1602 4074 1675 4139 A,
1708 4076 1906 4128 terram
1941 4090 1992 4143 p.
2030 4092 2072 4129 c.
2107 4077 2324 4144 reptant
2358 4075 2508 4129 HRv

338 4158 409 4212 49
442 4159 569 4213 nixu
615 4160 803 4229 genuit
848 4162 933 4214 est
979 4160 1189 4227 scripsi,
1238 4161 1367 4213 luxu
1411 4174 1578 4228 genus
1615 4163 1700 4214 est
1733 4160 1825 4214 sed
1859 4161 2081 4225 AHRv,
2125 4160 2248 4214 lusu
2282 4162 2582 4230 genitumst

340 4244 429 4299 sed
464 4248 605 4300 coni.
642 4247 860 4301 Muller
1061 4247 1129 4301 51
1163 4246 1253 4300 fax
1287 4248 1359 4311 A,
1392 4246 1476 4300 fas
1511 4246 1664 4302 HRv
1857 4246 2112 4300 iuuenilis
2147 4248 2260 4301 A²o
2454 4246 2582 4298 anet

339 4332 435 4395 A²‚
471 4332 633 4386 habet
664 4334 899 4389 A²HRv
1106 4332 1357 4402 podorem
1393 4332 1511 4388 HR
1723 4334 1792 4386 53
1825 4334 2000 4386 tumet
2033 4332 2183 4388 HRv
2399 4328 2586 4384 dedita

340 4416 492 4473 HR«,
694 4420 763 4473 54
799 4435 957 4488 quam
993 4436 1045 4475 u.
1081 4419 1329 4488 uoluptas
1362 4419 1514 4474 HRv
1725 4420 1795 4474 55
1828 4418 1955 4473 cedo
1991 4418 2048 4475 R
2260 4416 2326 4473 57
2365 4417 2457 4485 qui
2493 4432 2586 4469 no-

342 4502 425 4556 bis
460 4502 745 4559 domineris
780 4506 863 4560 sit
897 4506 1147 4576 legesque
1184 4506 1335 4561 HRv
1536 4505 1783 4561 reoondes
1817 4504 1886 4560 H
1887 4507 1908 4535 ²

2028 4598 2174 4656 19*
