3217 5150
657 526 776 593 124
1581 525 1953 595 Appendix.

645 685 770 747 luce
799 687 992 759 palam
1015 704 1078 747 se
1109 689 1296 761 ipsum
1323 686 1547 747 uenisse
1577 686 1920 747 monstrauit
1942 688 2001 745 et
2025 685 2506 758 praedicationem
2526 700 2631 763 per
2653 683 2906 758 prophe-

645 791 738 849 tas
767 790 856 849 sui
887 790 1206 850 ostensione
1235 789 1645 864 quodammodo
1675 788 1933 849 omnibus
1965 806 2099 847 suae
2122 788 2475 863 praesentiae
2506 787 2903 863 conprobauit.

644 894 752 954 hoe
801 894 975 953 etiam
1023 892 1246 965 Esaias,
1299 909 1401 967 per
1451 910 1621 967 quem
1651 893 1924 953 Dominus
1976 892 2098 966 ipse
2140 892 2523 967 praesentiam
2552 908 2716 951 suam
2748 889 2908 951 clara

643 996 1097 1057 adnuntiationis
1151 996 1610 1056 manifestatione
1664 996 2025 1068 monstrauit,
2077 996 2385 1069 prophetat
2432 998 2493 1054 et
2522 994 2695 1055 dicit:
2744 995 2905 1069 ipse

643 1100 764 1175 qui
806 1100 1157 1173 loquebar
1200 1100 1398 1173 ueni,
1464 1100 1526 1159 id
1581 1102 1702 1173 est,
1756 1099 1857 1173 qui
1914 1117 2015 1173 per
2074 1100 2383 1173 prophetas
2434 1101 2565 1158 ante
2622 1099 2950 1159 aduentuss

642 1205 754 1263 mei
807 1204 986 1263 futuri
1036 1203 1408 1279 praeloquens
1471 1204 1691 1263 fueram
1712 1249 1729 1276 ‚
1781 1203 1832 1263 is
1890 1203 2118 1277 propria
2174 1220 2323 1263 nune
2380 1204 2553 1276 atque
2609 1201 2907 1277 praeclara

641 1323 776 1367 uoce
825 1307 1206 1381 praesentiam
1259 1323 1442 1367 meam
1496 1306 1667 1365 testis
1716 1307 1831 1365 mei
1870 1306 1995 1380 ipse
2022 1305 2345 1366 manifesto.
2392 1306 2533 1379 quid
2559 1304 2903 1377 euidentiuS‚

639 1410 775 1485 quid
805 1411 932 1471 luce
961 1410 1332 1485 praeclarius,
1386 1408 1522 1484 quid
1553 1410 1747 1469 uerius
1776 1412 1968 1483 potest
1996 1410 2152 1470 dici?
2184 1413 2253 1469 ut
2279 1408 2458 1469 oeulis
2489 1409 2903 1483 quodammodo

637 1516 974 1589 perspectus
1003 1516 1158 1574 esset
1203 1514 1453 1585 uenisse,
1507 1512 1633 1586 ipse
1662 1512 1763 1587 qui
1791 1511 1983 1572 fuerat
2009 1515 2307 1584 uenturus,
2338 1514 2643 1587 antequam
2672 1511 2903 1571 ueniret

640 1618 910 1689 ostendit,
957 1620 1016 1676 et
1041 1616 1441 1675 incredulitate
1491 1618 1715 1675 mentes
1744 1614 1941 1690 populi
1968 1614 2171 1689 perfidi
2202 1616 2535 1675 obstruente
2578 1615 2903 1675 uenientem
2922 1630 2977 1669 m

639 1738 804 1780 nemo
845 1720 1134 1793 cognouit.
1183 1719 1336 1779 sicut
1376 1720 1528 1779 idem
1567 1719 1771 1793 Esaias
1800 1720 1861 1779 in
1904 1719 2090 1793 prima
2118 1719 2507 1794 increpatione
2536 1718 2735 1793 populi
2765 1735 2901 1792 pro-

639 1825 852 1883 clamat
895 1824 1122 1883 dicens:
1171 1823 1519 1897 cognouit
1563 1824 1689 1883 bos
1732 1838 2238 1896 possessorem
2282 1840 2481 1882 suum
2526 1826 2597 1881 et
2638 1820 2901 1881 asinus

638 1942 990 2001 praesepe
1022 1927 1293 1987 domini
1325 1927 1457 1999 sui,
1487 1928 1731 1987 Israel
1774 1930 2010 1987 autem
2054 1944 2153 1987 me
2198 1924 2527 1987 nesciuit
2570 1928 2642 1986 et
2686 1924 2901 1999 plebs

639 2046 740 2089 me
785 2048 918 2090 non
960 2028 1376 2090 intellexit.
1423 2030 1613 2104 palam
1660 2029 1881 2091 cunctis
1928 2031 2080 2092 sicut
2124 2030 2249 2103 ipse
2292 2029 2576 2104 praedixit
2626 2028 2899 2103 apparuit

614 2119 698 2193 'et
727 2134 1056 2193 sedentibus
1085 2134 1146 2192 iu
1175 2133 1430 2194 tenebris
1459 2133 1829 2194 manifestum
1858 2134 2009 2193 uitae
2038 2133 2229 2193 lumen
2258 2132 2496 2205 effulsit,
2526 2135 2587 2193 et
2609 2130 2899 2191 iniustitia
2918 2132 2969 2188 ιε»

637 2236 974 2312 perfidorum
1006 2239 1210 2311 pectus
1239 2237 1530 2297 obsessum
1559 2237 1879 2311 postposita
1921 2236 2152 2309 propria
2181 2253 2247 2295 ac
2277 2236 2490 2295 reiecta
2518 2235 2706 2295 salute
2735 2236 2899 2295 tene·

642 2340 775 2400 bras
805 2340 998 2413 potius
1026 2340 1300 2399 caecitate
1329 2339 1518 2401 cordis
1549 2339 1744 2414 elegit.

769 2574 931 2632 4⁴?'e
1346 2577 1414 2630 12
1447 2577 1535 2631 Es.
1575 2577 1625 2641 1,
1663 2577 1711 2632 3.

773 2823 805 2875 1
842 2821 1014 2875 lucem
1058 2821 1126 2874 Τί
1471 2818 1861 2888 praedicatione
1906 2835 1999 2888 per
2042 2837 2087 2884 v,
2136 2835 2229 2889 per
2275 2819 2726 2888 praedicationem
2765 2821 2891 2874 Bal.

634 2923 702 2960 ex
737 2922 768 2958 r
1133 2905 1511 2974 prophetarum
1548 2905 1676 2958 Bal.
2043 2906 2077 2959 2
2114 2906 2216 2974 sui]
2254 2921 2377 2960 suos
2415 2907 2521 2976 Ζμ,
2556 2921 2657 2960 om.
2697 2907 2825 2960 Bal.

633 2992 951 3060 ostensione]
989 2991 1226 3046 ostendit
1263 2993 1328 3056 Ζ,
1365 3007 1465 3045 om.
1504 2991 1635 3046 Bal.
1894 3007 2045 3046 suam
2080 2992 2440 3060 praesentiam
2475 3009 2524 3054 v,
2559 2993 2893 3061 praesentiae

631 3079 986 3133 ostensionem
1021 3079 1149 3133 Bal.
1421 3079 1456 3132 3
1491 3079 1663 3132 esaias
1691 3118 1705 3130 .
1730 3119 1744 3134 .
1772 3116 1787 3131 .
1814 3079 1849 3132 l.
1886 3082 1921 3132 4
1954 3079 2279 3133 monstrauit
2311 3095 2412 3134 om.
2450 3081 2505 3133 Z
2780 3080 2895 3148 ipse

629 3181 730 3218 mn.
768 3165 851 3218 Zv
1077 3165 1115 3218 4
1148 3164 1492 3233 prophetauit
1527 3166 1583 3218 et
1618 3163 1757 3218 dixit
1789 3165 1842 3218 Z
2064 3181 2165 3235 ego
2204 3166 2318 3234 ipse
2352 3181 2386 3218 v
2624 3165 2661 3219 5
2696 3165 2897 3220 aduen-

629 3253 750 3304 tum
795 3267 973 3304 meum
1009 3250 1254 3304 futurum
1291 3250 1373 3304 Zv
1559 3281 1562 3284 ·
1670 3251 1704 3304 6
1740 3251 2073 3319 praelocutus
2108 3252 2161 3306 Z
2454 3251 2503 3305 is
2538 3268 2591 3320 p.
2627 3269 2680 3306 n.
2728 3255 2893 3320 atque

629 3338 765 3405 (atq.
812 3353 951 3391 nunc
997 3340 1042 3406 t)
1085 3353 1136 3406 p.
1173 3353 1226 3390 u.
1263 3353 1314 3405 p.
1350 3351 1420 3390 m.
1469 3337 1627 3390 testis
1674 3338 1781 3391 mei
1827 3337 2096 3404 (testemei
2144 3339 2211 3403 T,
2256 3339 2416 3393 testis
2461 3353 2610 3392 meus
2646 3358 2705 3406 μ,
2754 3341 2897 3393 teste

627 3441 714 3478 me
761 3424 833 3493 Z)
879 3424 993 3492 ipse
1039 3423 1176 3492 (ipso
1223 3423 1296 3491 Ζ)
1344 3422 1629 3477 manifesto
1675 3423 2036 3491 (manifestem
2089 3425 2180 3492 Τί)
2234 3425 2410 3495 ΤΖιμ,
2444 3426 2559 3493 ipse
2594 3439 2737 3480 nunc
2771 3425 2897 3478 ueni

627 3511 693 3564 ut
739 3509 985 3564 omnibus
1030 3509 1387 3578 praesentiam
1432 3524 1604 3562 meam
1652 3509 1767 3578 ipse
1812 3525 1912 3580 ego
1956 3511 2115 3564 testis
2160 3510 2265 3564 mei
2314 3511 2652 3565 manifestem
2690 3511 2823 3565 Bal.

625 3597 663 3651 8
697 3595 800 3650 hae
833 3597 951 3650 luce
989 3595 1118 3649 Bal.
1440 3595 1556 3650 luce
1600 3597 1925 3664 praeclarius
1960 3612 2063 3651 om
2100 3615 2141 3665 μ
2460 3595 2659 3664 quidue
2694 3613 2747 3652 u.
2784 3597 2895 3651 dici

625 3685 808 3753 potest
843 3684 897 3737 Z
1235 3681 1316 3751 ut]
1355 3683 1418 3735 ut
1451 3697 1576 3750 ergo
1615 3683 1738 3737 Bal.
2084 3683 2293 3738 occulos
2328 3683 2381 3736 Ζ
2704 3685 2738 3738 9
2776 3699 2893 3752 per-

626 3770 856 3840 spectus]
893 3770 1201 3838 persecutos
1227 3769 1281 3821 Z
1482 3785 1539 3822 se
1573 3770 1781 3823 uenisse
1821 3770 1965 3832 Bal„
2002 3770 2239 3824 uenisset
2273 3772 2333 3824 et
2372 3769 2427 3823 Z
2458 3769 2552 3838 (cs.
2578 3773 2705 3836 120,
2732 3773 2824 3838 13)

625 3855 736 3909 iam
773 3857 1034 3910 uenturus
1069 3855 1198 3908 Bal.
1512 3856 1582 3909 10
1616 3855 2055 3910 incredulitatem
2089 3855 2144 3909 Z
2457 3856 2658 3910 mentis
2700 3855 2823 3912 TZt

623 3941 847 4010 perfidia
881 3941 934 3994 Z
1109 3939 1473 3994 obstruentem
1509 3942 1573 4006 Z,
1611 3941 1931 3996 obsemente
1965 3943 2021 3994 et
2056 3960 2095 4010 μ
2132 3944 2188 3995 et
2210 3957 2251 3995 s.
2277 3942 2312 3996 l.
2349 3957 2421 3996 m.
2460 3945 2497 3995 2
2690 3944 2757 3997 11
2793 3960 2888 4012 po-

624 4026 745 4097 puli
780 4043 881 4081 om.
919 4027 969 4080 Z
1177 4027 1244 4080 12
1279 4026 1482 4082 clamat
1514 4028 1568 4082 Z
1750 4042 1905 4080 suum
1940 4043 2043 4081 om.
2079 4046 2118 4096 μ
2316 4027 2383 4081 13
2417 4030 2749 4097 praesepium
2786 4047 2823 4084 v

627 4112 714 4165 sui
747 4127 847 4166 om.
887 4133 926 4176 μ
1167 4129 1252 4167 me
1286 4115 1466 4167 autem
1501 4114 1557 4166 Z
1806 4095 1999 4167 nes⁶ciit
2034 4133 2090 4180 μ,
2128 4114 2383 4182 cognouit
2418 4115 2472 4169 Z
2711 4115 2893 4184 plebs]

624 4199 858 4267 populus
891 4199 946 4252 Z
1119 4199 1188 4253 14
1221 4201 1324 4269 me]
1363 4215 1481 4253 mea
1516 4206 1542 4254 t
1724 4198 1900 4267 palam
1930 4239 1945 4253 .
1972 4239 1984 4252 .
2012 4237 2027 4252 .
2050 4199 2318 4267 praedixit
2353 4217 2454 4255 om.
2490 4201 2542 4255 Z
2746 4203 2895 4256 sicut

626 4285 836 4340 cunctis
873 4303 912 4354 μ
1147 4285 1214 4339 15
1247 4285 1594 4340 manifestam
1628 4286 1802 4339 uitam
1838 4287 1893 4338 et
1928 4287 1982 4339 Z
2205 4285 2394 4341 efulsit
2428 4288 2483 4340 Z
2711 4288 2770 4341 in
2808 4289 2897 4342 iu-

627 4369 786 4424 stitia
820 4371 931 4435 Zt²‚
968 4371 1184 4424 iustitia
1225 4373 1296 4426 Τί
1307 4377 1395 4439 1μυ
1680 4373 1750 4426 16
1783 4371 2009 4426 reiectas
2044 4387 2077 4426 a
2113 4371 2231 4427 luce
2267 4373 2332 4436 Z,
2368 4375 2515 4427 recta
2548 4374 2729 4427 salute
2776 4375 2828 4428 T

628 4457 692 4511 17
729 4458 1040 4512 caecitatem
1077 4457 1141 4524 Z,
1179 4458 1598 4526 caecitatemque
1636 4457 1763 4512 Bal.
1800 4473 1869 4512 ex
1903 4475 1936 4512 r
