3217 5150
1017 525 1108 596 De
1145 544 1339 630 laude
1375 543 1704 611 martyrii
1738 560 1781 596 c.
1824 543 1976 598 1-2.
2536 551 2617 611 27

365 702 621 763 oratione
654 703 875 761 munita
903 717 1050 776 uage
1077 702 1280 761 fundat
1311 703 1458 776 quod
1489 719 1524 760 a
1553 701 1791 761 dicendo
1832 702 1996 776 inpar
2024 702 2242 777 ingenii
2272 703 2623 764 conscientia

364 807 734 866 summoueat.
781 823 910 864 cum
941 805 1138 878 igitur,
1171 805 1452 865 carissimi
1483 806 1711 877 fratres,
1740 807 1829 865 tot
1857 807 2146 880 tantisque
2176 808 2345 866 rebus
2368 806 2617 880 inpliciti

363 911 438 969 ad
489 910 915 983 conprobandos
981 909 1186 968 salutis
1239 908 1474 968 eximios
1526 909 2049 982 pulcherrimosque
2102 912 2409 983 prouentus
2463 910 2616 968 omni

363 1012 553 1072 studio
601 1029 668 1070 ao
717 1012 910 1072 labore
950 1013 1220 1084 nitamur,
1274 1029 1387 1071 non
1430 1027 1631 1072 uereor
1659 1030 1731 1071 ne
1760 1029 1869 1086 quo
1900 1013 2164 1086 ignauiae
2194 1014 2347 1071 metu
2378 1013 2619 1071 territus

313 1144 336 1180 ⁶
360 1114 454 1174 uel
491 1131 724 1174 reuocet
765 1115 860 1174 uel
902 1115 1233 1189 extinguar,
1288 1132 1412 1174 cum
1445 1115 1654 1188 siquis
1685 1117 1757 1174 ad
1786 1116 1845 1173 id
1874 1115 2120 1175 uoluerit
2151 1116 2220 1174 de
2248 1132 2360 1188 quo
2390 1115 2613 1189 agimus

355 1219 568 1278 intueri
601 1220 732 1278 sede
757 1219 1075 1278 deuotionis
1098 1234 1345 1292 expensa
1367 1219 1549 1292 adque
1579 1219 1707 1291 ipsa
1734 1220 1855 1278 eius
1883 1219 2275 1292 magnitudine
2304 1220 2619 1292 ponderata

354 1321 538 1395 magis
589 1321 828 1382 miretur
878 1322 1088 1381 audere
1130 1322 1402 1394 potuisse,
1456 1323 1516 1380 in
1561 1339 1670 1394 quo
1700 1338 1791 1380 me
1820 1321 2068 1396 positum
2098 1323 2156 1381 et
2186 1321 2498 1394 amplitudo
2527 1322 2613 1380 rei

353 1429 634 1499 premeret
664 1426 722 1484 et
753 1425 1044 1485 confusam
1071 1424 1280 1498 gaudio
1310 1426 1554 1484 mentem
1583 1424 1645 1482 in
1674 1425 1971 1498 angustias
2018 1425 2193 1484 animi
2222 1425 2343 1484 uoti
2374 1424 2463 1484 sui
2492 1423 2610 1483 fer-

349 1545 454 1586 uor
481 1531 769 1602 urgueret.
818 1545 948 1586 nam
978 1529 1108 1602 quis
1138 1531 1228 1587 est
1257 1545 1424 1603 quem
1457 1545 1571 1588 non
1599 1528 1715 1588 ista
1744 1545 1837 1587 res
1866 1531 2113 1602 terreat,
2144 1529 2275 1602 quis
2304 1545 2469 1602 quem
2499 1545 2613 1587 non

281 1659 332 1697 10
349 1632 740 1692 admirationis
769 1647 906 1690 suae
934 1647 1142 1705 pauore
1175 1632 1510 1691 subuertat‘?

432 1733 542 1793 Est
579 1736 792 1794 etenim
833 1735 1106 1810 profecto,
1147 1735 1263 1794 nisi
1307 1735 1494 1806 fallor,
1542 1737 1715 1794 etiam
1746 1736 1805 1794 in
1837 1736 1961 1808 ipso
1991 1736 2369 1795 conscientiae
2411 1735 2611 1795 robore
2634 1732 2676 1788 2

347 1839 678 1898 admiranda
729 1838 969 1897 formido
1022 1855 1166 1912 quae
1211 1855 1316 1896 nos
1369 1839 1624 1915 exagitet
1675 1839 1891 1912 pariter
1939 1841 1998 1896 et
2052 1838 2394 1898 inflammet:
2449 1839 2610 1898 cuius

348 1944 560 2014 quanto
582 1941 836 2015 penitius
868 1940 1182 2014 inspexeris
1213 1943 1574 2015 potestatem,
1605 1944 1767 2000 tanto
1798 1957 1865 1999 ex
1896 1943 2019 2016 ipso
2050 1942 2405 2002 uenerandae
2436 1941 2606 2001 clari-

348 2044 486 2102 tatis
535 2047 770 2118 aspectu
821 2044 1118 2118 religionis
1160 2062 1293 2103 suae
1323 2045 1657 2118 praemittat
1695 2046 2001 2106 horrorem.
2050 2027 2407 2106 considerare
2460 2046 2609 2105 enim

279 2169 328 2206 15
349 2147 544 2220 utique
575 2147 823 2206 debetis:
870 2151 1084 2221 quanta
1114 2151 1204 2207 est
1233 2148 1430 2221 gloria,
1467 2166 1498 2207 e
1527 2149 1653 2207 uita
1694 2148 1999 2222 quamlicet
2027 2151 2306 2209 maculam
2336 2151 2521 2208 sordis
2550 2151 2611 2208 et

349 2251 556 2323 polluti
597 2251 850 2325 corporis
892 2251 1030 2310 licet
1070 2252 1284 2310 modice
1324 2252 1538 2310 iniusta
1567 2254 1830 2312 concreta
1858 2253 2123 2325 contagia
2152 2254 2425 2326 tantoque
2454 2255 2603 2312 tem-

313 2417 318 2422 „
347 2370 484 2427 pore
534 2355 728 2413 mundi
781 2354 995 2413 crimen
1049 2357 1346 2427 exceptum
1391 2354 1562 2413 unius
1616 2355 1765 2414 ictus
1806 2355 2071 2414 remediis
2114 2355 2359 2430 expiare,
2406 2372 2516 2428 quo
2546 2359 2609 2414 et

297 2471 304 2480 ·
345 2457 546 2530 augeri
592 2474 806 2517 merces
851 2461 909 2515 et
953 2459 1165 2517 crimen
1211 2458 1396 2530 possit
1424 2458 1665 2517 excludi.
1713 2461 1861 2517 unde
1890 2459 2073 2518 omnis
2104 2459 2513 2517 consummatio
2544 2461 2603 2517 et

347 2562 536 2620 status
559 2560 712 2621 uitae
743 2561 802 2619 in
825 2561 1096 2637 martyrio
1127 2562 1217 2621 est
1237 2561 1561 2622 collocatus.
1596 2563 1703 2622 hoc
1725 2562 2155 2621 fundamentum
2184 2563 2338 2621 uitae
2366 2564 2425 2621 et
2447 2561 2597 2639 fidei,

263 2682 318 2723 πο
339 2664 448 2723 hoc
469 2663 812 2737 praesidium
846 2664 1071 2736 salutis,
1102 2665 1210 2723 hoc
1231 2664 1520 2724 uinculum
1543 2665 1836 2725 libertatis
1866 2669 1925 2724 et
1954 2666 2215 2725 honoris:
2258 2670 2317 2723 et
2348 2666 2611 2739 quamuis

483 2908 512 2962 1
553 2907 709 2976 uage]
745 2906 898 2974 large
945 2907 1118 2961 Oxou.
1281 2906 1512 2963 fundata
1546 2908 1604 2959 N
1762 2924 1863 2977 quo
1906 2911 1956 2963 T
2047 2940 2051 2945 ·
2112 2908 2401 2964 addicendo
2442 2910 2545 2972 ΩΤ

303 2984 308 2991 ’
339 2993 516 3061 inpari
551 2993 754 3061 ingenii
789 2993 864 3057 N,
901 2993 1072 3062 impar
1105 2993 1316 3061 ingenti
1355 2994 1416 3057 Q,
1453 3010 1550 3063 par
1585 2994 1797 3062 ingenti
1834 2996 1907 3048 Μ
2136 2994 2497 3049 conscientiae
2533 2996 2602 3059 L,

341 3079 694 3133 conscientias
735 3080 781 3143 Q
1002 3080 1040 3132 2
1074 3079 1442 3134 summouebat
1477 3098 1523 3145 v,
1563 3084 1899 3133 cummoueat
1938 3082 1985 3144 Q
2209 3082 2404 3135 fratres
2440 3082 2605 3134 caris-

339 3165 464 3220 simi
488 3182 520 3219 v
701 3166 737 3219 3
759 3166 1136 3235 comparandos
1167 3168 1218 3221 T
1407 3166 1597 3220 eximio
1627 3167 1675 3219 T
1863 3170 1900 3221 4
1923 3182 1985 3220 ae
2006 3166 2205 3237 labore]
2232 3168 2459 3221 clamore
2491 3169 2540 3222 T

338 3252 460 3320 quo]
497 3250 625 3319 quid
665 3252 724 3315 Q,
763 3267 813 3319 q.
857 3252 908 3306 T
1136 3254 1172 3311 5
1210 3268 1454 3307 reuocare
1493 3254 1596 3315 QT
1818 3253 1885 3306 ad
1922 3252 1995 3323 id]
2032 3252 2101 3307 ad
2146 3256 2203 3319 T,
2240 3253 2448 3307 aditum
2488 3256 2534 3316 Q
2632 3284 2642 3297 ι

335 3337 370 3391 6
407 3336 526 3391 sede
561 3339 787 3406 scripsi,
825 3354 880 3390 se.
919 3338 1284 3402 LM¹NQ¹T‚
1319 3354 1496 3392 secum
1531 3339 1643 3395 Μ’.
1690 3354 1780 3407 spe
1820 3338 1927 3409 Q'v
2130 3340 2248 3408 ipsa
2284 3356 2381 3393 om.
2422 3340 2543 3393 LN

335 3422 366 3475 7
404 3422 586 3477 audire
627 3424 678 3477 T
880 3424 1288 3493 amplitudinem
1323 3425 1390 3479 N
1577 3426 1675 3494 rei]
1712 3442 1769 3478 re
1806 3424 1860 3479 L
2064 3425 2103 3480 8
2139 3427 2273 3496 uoti]
2310 3426 2445 3479 uitis
2490 3428 2539 3480 T

331 3509 368 3562 9
403 3512 458 3563 et
493 3510 613 3577 quis
651 3510 804 3581 LTQ
943 3526 1100 3578 quem
1133 3526 1236 3565 om.
1279 3512 1381 3573 ΩΤ
1534 3512 1602 3565 10
1636 3526 1802 3579 pauor
1826 3512 1899 3565 M
1929 3513 2145 3581 (pauore
2172 3514 2239 3583 Q)
2388 3512 2453 3565 11
2490 3518 2601 3566 ete-

333 3596 464 3665 nim]
501 3596 644 3650 enim
668 3614 702 3651 υ
933 3596 1155 3666 profecti
1191 3597 1298 3650 nisi
1334 3598 1414 3661 L,
1453 3597 1798 3666 profectionis
1841 3599 1937 3662 T’,
1973 3598 2209 3667 profecto
2244 3600 2301 3652 ni
2344 3599 2443 3663 T‘,
2480 3616 2600 3669 pro-

333 3682 582 3736 tectionis
619 3682 684 3737 N
682 3683 728 3752 Q
953 3683 1142 3755 rubore
1173 3685 1224 3737 T
1254 3686 1378 3751 (pro
1415 3682 1610 3753 pudore
1646 3686 1780 3751 fort.
1815 3686 1979 3751 recte)
2200 3686 2265 3737 12
2290 3684 2603 3739 admiranda

334 3768 380 3821 si
409 3768 456 3831 Q
480 3768 500 3820 i
523 3783 564 3822 3.
595 3769 629 3823 l.
657 3768 990 3836 (admiranda
1015 3770 1106 3838 M)
1279 3785 1374 3822 nos
1399 3786 1500 3824 om.
1533 3770 1585 3825 T
1764 3770 2032 3837 sexagitat
2063 3772 2112 3825 T
2280 3772 2337 3823 et
2359 3786 2459 3823 om.
2486 3772 2531 3821 L

337 3852 410 3910 13
447 3854 656 3923 quando
695 3854 799 3925 QT
998 3855 1212 3924 penitus
1248 3855 1323 3921 N,
1357 3856 1606 3924 paenitus
1640 3856 1757 3926 ΘΤ,
1794 3857 1972 3909 enitus
2001 3858 2053 3909 L
2259 3856 2327 3909 14
2348 3850 2600 3909 honorem

333 3940 440 4002 QT
605 3940 943 3995 conse-derare
973 3956 1040 3994 ex
1063 3956 1336 3995 conserare
1357 3941 1412 3995 L
1433 3958 1502 3996 m.
1527 3945 1568 3995 2
1752 3940 1819 3995 15
1854 3945 2085 4009 quantae
2122 3942 2197 3994 sit
2231 3958 2263 3995 υ
2423 3942 2603 4010 gloria

334 4042 362 4078 e
396 4027 608 4094 scri-psi,
646 4027 848 4095 gloriae
885 4026 1132 4097 LNQTv
1386 4027 1533 4081 uitae
1576 4029 1673 4091 Tv,
1710 4027 1887 4081 uirtus
1925 4028 1971 4090 Q
2218 4028 2517 4096 quamlibet
2540 4044 2599 4090 v;

333 4111 636 4179 quamlibet
669 4112 880 4180 quando
916 4112 1047 4167 licet
1078 4114 1208 4179 fort.
1443 4113 1655 4167 macula
1693 4114 1797 4176 QT
2020 4116 2076 4167 et
2111 4114 2291 4169 sordes
2328 4132 2385 4178 v3
2426 4114 2599 4169 cordis

328 4197 460 4262 fort.
721 4199 788 4251 16
823 4199 952 4252 licet
983 4216 1056 4253 m.
1096 4199 1318 4267 iniusta]
1359 4201 1415 4252 et
1449 4200 1613 4268 longa
1648 4199 1907 4252 uitiorum
1946 4198 2071 4253 tabe
2096 4216 2127 4253 v
2354 4203 2599 4254 concreta

331 4297 434 4335 om.
461 4282 528 4336 N
692 4286 946 4353 temporis
975 4285 1085 4355 QT,
1111 4286 1366 4353 temporis
1388 4287 1567 4339 tractu
1591 4302 1625 4338 v
1800 4284 1875 4341 17
1899 4285 2039 4338 ictu»
2075 4284 2196 4355 MQ
2232 4290 2279 4352 (s
2315 4288 2458 4349 eras)

331 4368 555 4423 remedii
594 4370 654 4433 Q,
693 4370 978 4424 redmediis
1005 4370 1056 4424 L
1211 4372 1276 4424 19
1309 4373 1490 4439 posset
1515 4371 1645 4435 LN,
1681 4387 1831 4440 posse
1868 4374 1919 4427 T
2053 4371 2123 4423 19
2157 4375 2241 4425 est
2275 4386 2373 4424 om.
2406 4372 2465 4424 N

331 4454 479 4509 uitae
517 4458 572 4508 et
608 4472 707 4510 om.
747 4456 864 4511 LN
1066 4458 1140 4513 20
1163 4457 1397 4527 honoris]
1434 4458 1582 4511 horis
1614 4456 1665 4510 T
1884 4459 1939 4510 et
1961 4457 2225 4525 quamuis]
2263 4457 2509 4524 quamuis
2550 4462 2597 4526 Q
