3217 5150
665 513 795 578 272
1604 511 1966 579 Appendix.

1234 989 1463 1085 XVI.
1550 986 2340 1086 EPISTVLAE.

1348 1450 1396 1509 Ι.
1442 1449 1793 1509 DONATVS
1837 1447 2239 1508 CYPRIANO.

756 1636 941 1718 Credo
969 1661 1027 1716 te
1056 1656 1317 1726 retinere,
1350 1656 1707 1716 sanctissime
1738 1656 2034 1731 Cypriane,
2069 1671 2213 1728 quae
2233 1653 2396 1713 nobis
2413 1653 2590 1714 fuerit
2612 1656 2760 1729 apud
2785 1673 2914 1714 ora-

666 1765 847 1822 torem
876 1761 1206 1836 garrulitas,
1254 1778 1400 1820 unus
1431 1778 1650 1834 sensus,
1705 1779 1817 1820 una
1847 1760 2138 1834 cogitatiO,
2170 1759 2467 1818 indiuidua
2495 1759 2683 1818 lectio.
2737 1777 2912 1834 quare

666 1882 778 1924 non
808 1869 867 1924 et
895 1865 956 1923 in
980 1863 1174 1924 diuina
1201 1864 1445 1924 lectione
1473 1865 1557 1923 ita
1599 1865 1806 1924 animis
1835 1860 2211 1922 roboramur?
2269 1865 2372 1922 aut
2413 1880 2526 1922 non
2569 1879 2638 1922 ea
2689 1879 2909 1936 semper
2927 1877 2952 1914 ⁵

666 1967 831 2028 nobis
862 1967 975 2027 fuit
1004 1966 1291 2041 cogitatio,
1325 1969 1473 2026 sicut
1502 1969 1892 2041 promittebaS,
1923 1970 1988 2027 ut
2017 1966 2186 2026 simul
2219 1968 2570 2026 crederemus
2601 1995 2738 2029 *aaa*

860 2200 940 2257 H.
988 2200 1357 2261 EPISTVLA
1401 2198 1758 2258 CORNELII
1803 2199 2056 2257 PAPAE
2098 2199 2204 2257 AD
2250 2197 2718 2256 CYPRIANVM.

750 2365 1095 2449 Dilectionis
1126 2392 1259 2449 tuae
1288 2407 1399 2448 non
1430 2387 1797 2449 delectabilia
1849 2390 1906 2447 et
1957 2391 2152 2446 contra
2205 2387 2337 2448 fidei
2392 2387 2649 2461 regulam
2703 2386 2916 2459 scripta

668 2493 908 2567 suscepi,
942 2493 1001 2550 in
1033 2493 1239 2566 quibus
1270 2509 1509 2552 nauseas
1561 2491 1864 2565 recognoui
1918 2493 1976 2550 et
2027 2508 2242 2550 uenena
2271 2507 2589 2550 sermonum
2641 2490 2914 2548 aduersus

666 2596 1004 2657 catholicam
1048 2614 1148 2670 per
1176 2599 1358 2656 totum
1389 2597 1578 2656 orbem
1610 2595 1875 2655 diffusam
1907 2595 2207 2653 ecclesiam
2239 2593 2606 2653 horribilibus
2649 2611 2686 2652 a
2727 2596 2787 2651 te
2817 2610 2914 2652 su-
2934 2612 2984 2650 ιο

666 2699 881 2772 perseri
932 2699 1165 2759 zizaniis
1194 2716 1307 2759 non
1336 2698 1587 2759 laudaui.
1643 2716 1784 2772 quae
1814 2702 1947 2772 peto
1977 2698 2251 2757 uelociter
2287 2696 2460 2757 tollas
2505 2715 2572 2757 ac
2615 2696 2915 2771 praedam-

665 2818 785 2860 nes.
840 2802 989 2875 quod
1018 2801 1176 2875 prius
1205 2801 1434 2876 quidem
1486 2805 1544 2860 te
1603 2802 1791 2861 facere
1849 2802 2154 2875 oportebat
2205 2818 2373 2875 quam
2405 2800 2464 2859 in
2493 2800 2701 2859 mundo
2745 2797 2918 2858 letale

666 2904 826 2963 uirus
856 2921 1147 2978 aspersum
1178 2904 1521 2977 simplicium
1552 2907 1611 2963 et
1645 2904 2029 2964 innocentium
2073 2904 2326 2963 inficeret
2355 2905 2592 2963 mentes.
2639 2920 2752 2961 non
2782 2918 2914 2975 ergo

667 3006 901 3081 dignum
932 3008 1023 3066 est
1053 3007 1425 3079 rebaptizare.
1459 3024 1593 3081 ergo
1627 3008 1854 3067 eradica
1887 3009 1945 3066 et
1973 3008 2212 3080 extrica,
2245 3008 2310 3067 ut
2341 3007 2607 3078 diximu8‚
2653 3006 2915 3065 florulen-

666 3109 743 3169 tis
774 3108 1132 3173 sermonibus
1162 3112 1335 3183 atque
1366 3109 1558 3185 dignis
1591 3126 1695 3185 per
1723 3109 2099 3184 posteriorem
2131 3112 2430 3185 epistolam
2457 3112 2648 3184 priora
2677 3108 2911 3183 scripta,
2933 3129 2982 3167 ιε

666 3229 811 3286 quae
840 3214 1037 3271 contra
1064 3212 1400 3272 catholicam
1445 3214 1614 3273 fidem
1643 3230 1831 3274 serere
1861 3217 2204 3274 censuerunt
2232 3214 2521 3289 genimina
2566 3214 2908 3286 uiperarum.

664 3331 776 3374 non
807 3316 958 3374 enim
979 3316 1141 3374 decet
1170 3317 1363 3375 tantae
1392 3316 1553 3376 urbis
1584 3318 1904 3399 antistitem
1935 3317 2579 3391 excellentissimumque
2603 3318 2910 3387 doctorem,

667 3421 739 3483 ut,
773 3420 904 3479 dum
950 3420 1119 3491 putas
1163 3418 1415 3478 haeresis
1458 3419 1749 3493 baptisma
1793 3421 2315 3494 praedamnandum
2331 3465 2346 3492 ,
2399 3438 2596 3479 uerum
2629 3419 2913 3493 baptisma

666 3522 1023 3582 sermonibus
1068 3521 1349 3582 maculare
1379 3523 1589 3583 audeas
1621 3540 1763 3597 quae
1797 3523 1952 3583 doles
1985 3526 2184 3584 contra
2213 3523 2530 3597 apostolum
2560 3522 2779 3582 scilicet
2821 3538 2909 3581 re·

664 3642 916 3700 pugnare
947 3626 1260 3686 dicentem:
1322 3643 1503 3685 unus
1544 3626 1766 3698 Deus,
1812 3643 1950 3685 una
1991 3626 2223 3700 fides,
2267 3643 2478 3686 unum
2523 3626 2976 3700 baptismam

798 3776 868 3829 20
902 3774 1037 3844 Eph.
1074 3774 1124 3838 4,
1160 3774 1210 3828 5.

798 3912 969 3981 Epist.
1000 3910 1043 3967 1.
1079 3942 1148 3952 —
1181 3910 1216 3965 3
1250 3912 1512 3965 oratorem
1536 3912 1609 3966 Μ
1610 3913 1674 3979 Q,
1712 3914 1946 3966 oratores
1986 3912 2267 3967 Pamelius
2302 3913 2399 3980 qui
2433 3928 2504 3965 ex
2538 3912 2718 3965 codice
2753 3910 2910 3966 Cam·

662 3998 919 4052 bronemi
944 3998 1164 4065 primus
1199 3997 1372 4052 edidit
1404 3999 1547 4053 hanc
1582 3998 1875 4066 epistulam
2077 3998 2114 4053 4
2146 3997 2327 4068 lectio]
2366 3998 2582 4052 dilectio
2619 3998 2759 4053 coni.
2798 3996 2914 4051 Ba-

662 4082 848 4137 luzius
1054 4085 1088 4138 6
1122 4084 1265 4139 sicut
1297 4083 1744 4154 promittebamus
1782 4084 2070 4151 Baluzius,
2111 4100 2214 4141 om.
2251 4085 2548 4139 Pamelius.

798 4170 970 4239 Epist.
1006 4171 1080 4224 11.
1114 4201 1183 4211 —
1217 4170 1463 4241 Epistola
1498 4171 1733 4227 Cornelii
1767 4187 1935 4240 papae
1969 4171 2040 4225 ad
2076 4171 2386 4242 ciprianum
2423 4173 2456 4242 β
2689 4170 2754 4225 13
2786 4170 2910 4223 infl-

661 4258 802 4311 ceret
837 4258 886 4328 β,
935 4256 1257 4312 interficeret
1301 4258 1579 4312 Baluzius
1625 4258 1722 4325 qm·
1754 4257 1898 4312 hanc
1944 4258 2226 4327 epistolam
2271 4274 2342 4312 εει)
2376 4257 2584 4312 duobus
2629 4257 2784 4310 libris
2817 4272 2914 4310 ue-

658 4344 865 4399 ten‘bus
899 4342 1073 4398 edidit
1355 4343 1422 4397 16
1458 4343 1645 4412 serere]
1683 4358 1894 4397 seruare
1928 4345 1963 4416 β
1999 4349 2052 4398 et
2091 4343 2218 4398 Bal.
2505 4342 2774 4411 geminina
2810 4343 2845 4413 β

660 4429 729 4482 19
765 4429 951 4484 audias
986 4428 1113 4483 Bal.
1322 4430 1472 4498 quae]
1510 4430 1598 4483 uel
1634 4444 1736 4497 que
1773 4430 1808 4500 β
