3217 5150
966 1488 1877 1602 PRAEFATIO.

373 1780 528 1847 Cum
588 1781 905 1847 academia
962 1780 1322 1847 litterarum
1373 1800 1424 1847 c.
1480 1779 1975 1848 vindobonensis
2034 1800 2266 1849 nouum
2328 1801 2547 1867 corpus

283 1893 656 1977 scriptorum
726 1894 1283 1961 ecclesiasticorum
1341 1893 1683 1960 latinorum
1742 1894 1851 1977 qui
1908 1894 1988 1960 ad
2045 1896 2425 1979 optimorum
2482 1896 2547 1961 et

282 2005 856 2097 uetustissimorum
895 2006 1178 2073 codicum
1217 2005 1407 2072 fidem
1447 2005 1875 2092 redigerentur
1902 2008 2045 2073 ante
2072 2008 2185 2074 hos
2217 2027 2325 2075 sex
2354 2025 2547 2075 annos

284 2117 462 2183 edere
508 2117 953 2199 constituisset,
1002 2116 1294 2203 Cypriani
1338 2135 1523 2201 opera
1565 2118 1921 2185 recensendi
1965 2138 2193 2185 munus
2234 2120 2394 2187 mihi
2434 2120 2547 2187 ob-

281 2228 472 2307 tulit3
525 2248 647 2313 qua
690 2229 756 2295 in
801 2248 869 2295 re
915 2229 1144 2295 eximia
1193 2228 1329 2295 eius
1380 2227 1765 2295 liberalitate
1816 2230 2105 2297 omnibus
2148 2230 2277 2297 fere
2321 2251 2547 2298 manu-

284 2340 536 2424 scriptis
576 2340 758 2407 libris
797 2359 1061 2424 quorum
1090 2341 1160 2407 in
1187 2340 1529 2407 lectionum
1569 2340 1803 2408 iudicio
1844 2343 1941 2407 est
1968 2341 2179 2425 aliqua
2207 2342 2547 2409 auctoritas

283 2451 446 2518 mihi
497 2452 594 2518 uti
646 2452 847 2533 licuit,
900 2454 974 2519 ut
1019 2453 1076 2518 si
1117 2452 1277 2519 hanc
1327 2453 1663 2519 editionem
1714 2472 1859 2520 cum
1908 2454 2165 2537 reliquis
2216 2454 2549 2520 contuleris
2582 2540 2589 2547 .

285 2563 607 2646 scriptoris
649 2563 840 2630 uerba
879 2563 1222 2632 innumeris
1243 2564 1416 2632 ·locis
1456 2564 1783 2632 emendata
1823 2566 1887 2632 et
1926 2564 2007 2632 ad
2040 2564 2377 2650 genuinam
2416 2564 2545 2631 for-

281 2693 457 2740 mam
514 2674 766 2740 redacta
813 2675 1114 2742 inuenies.
1175 2694 1249 2742 ex
1299 2675 1820 2742 bibliothecarum
1872 2694 2019 2743 uero
2071 2676 2316 2744 scriniis
2368 2677 2549 2742 tanta

281 2785 591 2851 librorum
635 2785 978 2852 multitudo
1022 2804 1286 2870 quorum
1331 2805 1455 2854 non
1501 2789 1788 2873 exiguam
1836 2790 2081 2872 partem
2119 2807 2303 2855 nemo
2344 2787 2548 2854 adhuc

281 2897 628 2980 inspexerat
668 2898 913 2980 praesto
957 2897 1102 2978 fuit,
1147 2900 1221 2964 ut
1261 2897 1682 2966 subsidiorum
1728 2900 1905 2981 copia
1942 2918 2137 2984 paene
2177 2899 2545 2966 laborarem.

279 3027 430 3074 nam
478 3025 602 3073 non
647 3027 719 3074 ea
762 3009 860 3074 est
907 3009 1131 3074 horum
1181 3026 1436 3093 operum
1488 3009 1785 3094 condicio,
1838 3009 1905 3075 id
1950 3010 2114 3093 quod
2160 3011 2226 3076 in
2270 3009 2547 3094 profanis

283 3118 687 3200 scriptoribus
715 3136 839 3186 non
867 3119 959 3186 ita
986 3138 1124 3186 raro
1153 3121 1440 3202 occurrit,
1471 3123 1546 3188 ut
1575 3139 1789 3188 omnes
1819 3120 2055 3187 codices
2085 3141 2159 3188 ex
2187 3139 2309 3187 uno
2338 3122 2549 3190 codice

281 3232 615 3314 archetypo
662 3231 837 3298 ducti
879 3233 1066 3328 unius
1114 3233 1240 3299 sint
1283 3233 1500 3317 stirpis
1548 3233 1618 3299 in
1656 3251 1885 3317 paucas
1929 3234 2229 3317 quasdam
2274 3233 2547 3300 familias

281 3342 554 3419 diuisae;
597 3360 718 3426 quo
760 3343 928 3410 enim
958 3345 1346 3428 frequentius
1375 3347 1440 3411 et
1470 3344 1919 3412 lectitabantur
1947 3346 2012 3410 et
2042 3343 2549 3410 describebantur

281 3453 576 3541 Cypriani
624 3456 875 3539 scripta,
925 3473 996 3522 eo
1037 3456 1370 3539 procliuior
1413 3456 1547 3522 erat
1587 3457 1811 3522 horum
1858 3455 2207 3523 emendatio
2246 3457 2311 3521 et
2348 3455 2548 3522 inter-

283 3566 522 3653 polatio
553 3585 744 3651 eoque
771 3567 982 3651 plures
1013 3568 1384 3634 exstiterunt
1413 3567 1697 3634 codicum
1722 3567 2001 3634 familiae
2023 3586 2222 3651 neque
2242 3567 2548 3634 intactam

281 3698 535 3746 suorum
605 3678 1080 3763 archetyporum
1149 3680 1584 3765 integritatem
1655 3679 2103 3746 conseruabant
2171 3678 2543 3765 apographa.

283 3790 505 3858 deinde
542 3808 666 3857 non
699 3789 917 3856 eadem
946 3791 1044 3856 est
1073 3791 1463 3877 singulorum
1492 3810 1751 3876 operum
1781 3791 2056 3858 condicio
2087 3792 2200 3856 aut
2228 3809 2353 3856 una
2381 3790 2548 3856 eius-

281 3902 427 3970 dem
473 3902 702 3969 codicis
744 3921 855 3986 per
897 3903 1176 3970 diuersas
1219 3921 1475 3988 operum
1515 3905 1727 3987 partes
1769 3903 2140 3981 auctoritas3
2194 3920 2337 3969 cum
2380 3901 2549 3968 enim

279 4018 531 4099 propter
589 4013 1071 4099 amplitudinem
1127 4015 1245 4081 hoc
1301 4033 1522 4100 corpus
1581 4015 2016 4099 particulatim
2074 4013 2545 4110 describeretur,

281 4145 395 4193 sua
440 4128 535 4193 est
585 4125 979 4212 singularum
1030 4126 1306 4209 partium
1351 4147 1384 4193 e
1425 4127 1692 4194 diuersis
1736 4123 2088 4212 archetypis
2131 4126 2549 4210 prosectarum

282 4238 502 4304 critica
543 4238 725 4320 ratio,
770 4255 956 4304 suum
997 4237 1422 4304 subsidiorum
1452 4239 1962 4305 instrumentum.
2006 4237 2162 4304 bene
2190 4237 2390 4323 igitur
2418 4236 2547 4303 sin-

282 4348 492 4434 gulari
550 4350 822 4434 quodam
872 4367 1016 4414 casu
1070 4347 1298 4430 euenit,
1359 4349 1434 4414 ut
1484 4349 1770 4416 nonnulli
1830 4348 2071 4416 codices
2130 4347 2549 4416 uetustissimi

282 4458 610 4543 eidemque
666 4460 1058 4548 integerrimi
1110 4460 1295 4528 hodie
1345 4463 1608 4540 exstent,
1663 4479 1929 4545 quorum
1983 4459 2215 4527 auxilio
2266 4458 2545 4525 difficilis

487 4581 590 4628 111.
2094 4583 2134 4630 a
