<?xml version="1.0" encoding="UTF-8"?>
<!DOCTYPE html PUBLIC "-//W3C//DTD XHTML 1.0 Transitional//EN"
    "http://www.w3.org/TR/xhtml1/DTD/xhtml1-transitional.dtd">
<html xmlns="http://www.w3.org/1999/xhtml" xml:lang="en" lang="en">
 <head>
  <title>
</title>
<meta http-equiv="Content-Type" content="text/html;charset=utf-8" />
  <meta name='ocr-system' content='tesseract 3.04.00' />
  <meta name='ocr-capabilities' content='ocr_page ocr_carea ocr_par ocr_line ocrx_word'/>
</head>
<body>
  <div class='ocr_page' id='page_1' title='image "./corpusscriptoru29wissgoog_0124.png"; bbox 0 0 3217 5150; ppageno 0'>
   <div class='ocr_carea' id='block_1_1' title="bbox 551 499 1969 599">
    <p class='ocr_par' dir='ltr' id='par_1_1' title="bbox 551 499 1969 599">
     <span class='ocr_line' id='line_1_1' title="bbox 551 499 1969 599; baseline 0 -17"><span class='ocrx_word' id='word_1_1' title='bbox 551 499 559 507; x_wconf 39' lang='grc'><strong><em>’</em></strong></span> <span class='ocrx_word' id='word_1_2' title='bbox 663 536 790 599; x_wconf 79' lang='lat'><strong>118</strong></span> <span class='ocrx_word' id='word_1_3' title='bbox 1561 528 1969 599; x_wconf 62' lang='lat' dir='ltr'><strong>,Appendim</strong></span> 
     </span>
    </p>
   </div>
   <div class='ocr_carea' id='block_1_2' title="bbox 527 688 2989 2210">
    <p class='ocr_par' dir='ltr' id='par_1_2' title="bbox 661 688 2924 765">
     <span class='ocr_line' id='line_1_2' title="bbox 661 688 2924 765; baseline 0.002 -16"><span class='ocrx_word' id='word_1_4' title='bbox 661 690 820 750; x_wconf 87' lang='lat' dir='ltr'><strong>fures</strong></span> <span class='ocrx_word' id='word_1_5' title='bbox 851 690 1004 749; x_wconf 90' lang='lat' dir='ltr'><strong>uiam</strong></span> <span class='ocrx_word' id='word_1_6' title='bbox 1033 690 1233 750; x_wconf 82' lang='lat' dir='ltr'><strong>uineae</strong></span> <span class='ocrx_word' id='word_1_7' title='bbox 1263 690 1573 763; x_wconf 85' lang='lat' dir='ltr'><strong>uestigent.</strong></span> <span class='ocrx_word' id='word_1_8' title='bbox 1622 689 1774 763; x_wconf 86' lang='lat' dir='ltr'><strong>qnod</strong></span> <span class='ocrx_word' id='word_1_9' title='bbox 1802 689 1853 748; x_wconf 92' lang='lat' dir='ltr'><strong>si</strong></span> <span class='ocrx_word' id='word_1_10' title='bbox 1884 688 2223 763; x_wconf 85' lang='lat' dir='ltr'><strong>inportunus</strong></span> <span class='ocrx_word' id='word_1_11' title='bbox 2252 688 2346 749; x_wconf 87' lang='lat' dir='ltr'><strong>fur</strong></span> <span class='ocrx_word' id='word_1_12' title='bbox 2386 706 2561 765; x_wconf 84' lang='lat' dir='ltr'><strong>egens</strong></span> <span class='ocrx_word' id='word_1_13' title='bbox 2602 692 2663 751; x_wconf 90' lang='lat' dir='ltr'><strong>in</strong></span> <span class='ocrx_word' id='word_1_14' title='bbox 2694 693 2924 753; x_wconf 79' lang='lat' dir='ltr'><strong>niueam</strong></span> 
     </span>
    </p>

    <p class='ocr_par' dir='ltr' id='par_1_3' title="bbox 547 791 2965 1384">
     <span class='ocr_line' id='line_1_3' title="bbox 547 791 2929 868; baseline 0.002 -15"><span class='ocrx_word' id='word_1_15' title='bbox 547 860 554 868; x_wconf 46' lang='lat'><strong><em>,</em></strong></span> <span class='ocrx_word' id='word_1_16' title='bbox 661 793 910 853; x_wconf 88' lang='lat' dir='ltr'><strong>uoluerit</strong></span> <span class='ocrx_word' id='word_1_17' title='bbox 959 793 1196 854; x_wconf 88' lang='lat' dir='ltr'><strong>introire</strong></span> <span class='ocrx_word' id='word_1_18' title='bbox 1239 796 1301 852; x_wconf 89' lang='lat' dir='ltr'><strong>et</strong></span> <span class='ocrx_word' id='word_1_19' title='bbox 1350 810 1519 853; x_wconf 87' lang='lat' dir='ltr'><strong>uuam</strong></span> <span class='ocrx_word' id='word_1_20' title='bbox 1577 794 1818 865; x_wconf 86' lang='lat' dir='ltr'><strong>demere,</strong></span> <span class='ocrx_word' id='word_1_21' title='bbox 1870 791 1995 851; x_wconf 91' lang='lat' dir='ltr'><strong>illic</strong></span> <span class='ocrx_word' id='word_1_22' title='bbox 2038 808 2179 866; x_wconf 81' lang='lat' dir='ltr'><strong>puer</strong></span> <span class='ocrx_word' id='word_1_23' title='bbox 2209 791 2491 853; x_wconf 88' lang='lat' dir='ltr'><strong>sollicitus</strong></span> <span class='ocrx_word' id='word_1_24' title='bbox 2520 795 2591 853; x_wconf 89' lang='lat' dir='ltr'><strong>de</strong></span> <span class='ocrx_word' id='word_1_25' title='bbox 2618 794 2793 855; x_wconf 89' lang='lat' dir='ltr'><strong>uinea</strong></span> <span class='ocrx_word' id='word_1_26' title='bbox 2820 814 2929 857; x_wconf 84' lang='lat' dir='ltr'><strong>sua</strong></span> 
     </span>
     <span class='ocr_line' id='line_1_4' title="bbox 660 894 2923 971; baseline 0.001 -15"><span class='ocrx_word' id='word_1_27' title='bbox 660 896 887 957; x_wconf 88' lang='lat' dir='ltr'><strong>deintus</strong></span> <span class='ocrx_word' id='word_1_28' title='bbox 919 896 988 957; x_wconf 94' lang='lat' dir='ltr'><strong>de</strong></span> <span class='ocrx_word' id='word_1_29' title='bbox 1019 897 1250 971; x_wconf 85' lang='lat' dir='ltr'><strong>speculo</strong></span> <span class='ocrx_word' id='word_1_30' title='bbox 1281 897 1380 957; x_wconf 85' lang='lat' dir='ltr'><strong>dat</strong></span> <span class='ocrx_word' id='word_1_31' title='bbox 1408 912 1604 957; x_wconf 89' lang='lat' dir='ltr'><strong>uocem</strong></span> <span class='ocrx_word' id='word_1_32' title='bbox 1635 894 1981 956; x_wconf 82' lang='lat' dir='ltr'><strong>maledicens</strong></span> <span class='ocrx_word' id='word_1_33' title='bbox 2010 898 2072 955; x_wconf 90' lang='lat' dir='ltr'><strong>et</strong></span> <span class='ocrx_word' id='word_1_34' title='bbox 2102 896 2468 969; x_wconf 84' lang='lat' dir='ltr'><strong>comminans,</strong></span> <span class='ocrx_word' id='word_1_35' title='bbox 2501 914 2572 957; x_wconf 90' lang='lat' dir='ltr'><strong>ne</strong></span> <span class='ocrx_word' id='word_1_36' title='bbox 2602 897 2664 957; x_wconf 90' lang='lat' dir='ltr'><strong>in</strong></span> <span class='ocrx_word' id='word_1_37' title='bbox 2690 899 2923 959; x_wconf 84' lang='lat' dir='ltr'><strong>niueam</strong></span> 
     </span>
     <span class='ocr_line' id='line_1_5' title="bbox 657 998 2923 1063; baseline 0.002 -4"><span class='ocrx_word' id='word_1_38' title='bbox 657 1000 845 1059; x_wconf 89' lang='lat' dir='ltr'><strong>uiator</strong></span> <span class='ocrx_word' id='word_1_39' title='bbox 873 1000 968 1059; x_wconf 83' lang='lat' dir='ltr'><strong>fur</strong></span> <span class='ocrx_word' id='word_1_40' title='bbox 995 1001 1203 1059; x_wconf 88' lang='lat' dir='ltr'><strong>audeat</strong></span> <span class='ocrx_word' id='word_1_41' title='bbox 1229 1000 1494 1061; x_wconf 88' lang='lat' dir='ltr'><strong>accedere</strong></span> <span class='ocrx_word' id='word_1_42' title='bbox 1521 998 1756 1059; x_wconf 90' lang='lat' dir='ltr'><strong>dicens:</strong></span> <span class='ocrx_word' id='word_1_43' title='bbox 1802 1002 2023 1059; x_wconf 87' lang='lat' dir='ltr'><strong>rectum</strong></span> <span class='ocrx_word' id='word_1_44' title='bbox 2063 1000 2309 1060; x_wconf 83' lang='lat' dir='ltr'><strong>ambula.</strong></span> <span class='ocrx_word' id='word_1_45' title='bbox 2356 999 2451 1059; x_wconf 82' lang='lat' dir='ltr'><strong>fur</strong></span> <span class='ocrx_word' id='word_1_46' title='bbox 2490 1003 2681 1061; x_wconf 84' lang='lat' dir='ltr'><strong>autem</strong></span> <span class='ocrx_word' id='word_1_47' title='bbox 2708 1002 2923 1063; x_wconf 85' lang='lat' dir='ltr'><strong>timens</strong></span> 
     </span>
     <span class='ocr_line' id='line_1_6' title="bbox 657 1102 2965 1180; baseline 0 -17"><span class='ocrx_word' id='word_1_48' title='bbox 657 1120 852 1163; x_wconf 87' lang='lat' dir='ltr'><strong>uocem</strong></span> <span class='ocrx_word' id='word_1_49' title='bbox 902 1103 1064 1178; x_wconf 86' lang='lat' dir='ltr'><strong>pueri</strong></span> <span class='ocrx_word' id='word_1_50' title='bbox 1115 1103 1228 1163; x_wconf 88' lang='lat' dir='ltr'><strong>sibi</strong></span> <span class='ocrx_word' id='word_1_51' title='bbox 1281 1102 1717 1163; x_wconf 77' lang='lat' dir='ltr'><strong>comminantem</strong></span> <span class='ocrx_word' id='word_1_52' title='bbox 1769 1102 1987 1176; x_wconf 77' lang='lat' dir='ltr'><strong>refugit</strong></span> <span class='ocrx_word' id='word_1_53' title='bbox 2038 1103 2107 1162; x_wconf 90' lang='lat' dir='ltr'><strong>de</strong></span> <span class='ocrx_word' id='word_1_54' title='bbox 2158 1102 2347 1175; x_wconf 86' lang='lat' dir='ltr'><strong>uinea,</strong></span> <span class='ocrx_word' id='word_1_55' title='bbox 2400 1104 2695 1179; x_wconf 85' lang='lat' dir='ltr'><strong>speculum</strong></span> <span class='ocrx_word' id='word_1_56' title='bbox 2734 1106 2918 1180; x_wconf 87' lang='lat' dir='ltr'><strong>uidet,</strong></span> <span class='ocrx_word' id='word_1_57' title='bbox 2938 1124 2965 1163; x_wconf 76' lang='lat' dir='ltr'><strong>s</strong></span> 
     </span>
     <span class='ocr_line' id='line_1_7' title="bbox 657 1205 2919 1283; baseline 0.002 -18"><span class='ocrx_word' id='word_1_58' title='bbox 657 1222 854 1267; x_wconf 86' lang='lat' dir='ltr'><strong>uocem</strong></span> <span class='ocrx_word' id='word_1_59' title='bbox 907 1206 1086 1277; x_wconf 84' lang='lat' dir='ltr'><strong>audit,</strong></span> <span class='ocrx_word' id='word_1_60' title='bbox 1139 1221 1378 1281; x_wconf 86' lang='lat' dir='ltr'><strong>puerum</strong></span> <span class='ocrx_word' id='word_1_61' title='bbox 1429 1205 1586 1264; x_wconf 83' lang='lat' dir='ltr'><strong>intus</strong></span> <span class='ocrx_word' id='word_1_62' title='bbox 1616 1205 1677 1265; x_wconf 88' lang='lat' dir='ltr'><strong>in</strong></span> <span class='ocrx_word' id='word_1_63' title='bbox 1708 1206 1937 1279; x_wconf 84' lang='lat' dir='ltr'><strong>speculo</strong></span> <span class='ocrx_word' id='word_1_64' title='bbox 1988 1205 2099 1265; x_wconf 87' lang='lat' dir='ltr'><strong>sibi</strong></span> <span class='ocrx_word' id='word_1_65' title='bbox 2128 1205 2563 1267; x_wconf 74' lang='lat' dir='ltr'><strong>comminantem</strong></span> <span class='ocrx_word' id='word_1_66' title='bbox 2590 1225 2705 1267; x_wconf 87' lang='lat' dir='ltr'><strong>non</strong></span> <span class='ocrx_word' id='word_1_67' title='bbox 2736 1209 2919 1283; x_wconf 89' lang='lat' dir='ltr'><strong>uidet,</strong></span> 
     </span>
     <span class='ocr_line' id='line_1_8' title="bbox 655 1308 1608 1384; baseline 0.002 -17"><span class='ocrx_word' id='word_1_68' title='bbox 655 1309 864 1369; x_wconf 89' lang='lat' dir='ltr'><strong>timens</strong></span> <span class='ocrx_word' id='word_1_69' title='bbox 892 1312 1024 1384; x_wconf 86' lang='lat' dir='ltr'><strong>post</strong></span> <span class='ocrx_word' id='word_1_70' title='bbox 1051 1308 1207 1369; x_wconf 87' lang='lat' dir='ltr'><strong>uiam</strong></span> <span class='ocrx_word' id='word_1_71' title='bbox 1237 1326 1398 1369; x_wconf 87' lang='lat' dir='ltr'><strong>suam</strong></span> <span class='ocrx_word' id='word_1_72' title='bbox 1427 1308 1608 1369; x_wconf 85' lang='lat' dir='ltr'><strong>uadit.</strong></span> 
     </span>
    </p>

    <p class='ocr_par' dir='ltr' id='par_1_4' title="bbox 555 1410 2989 1695">
     <span class='ocr_line' id='line_1_9' title="bbox 555 1410 2917 1487; baseline -0.001 -10"><span class='ocrx_word' id='word_1_73' title='bbox 555 1417 639 1477; x_wconf 86' lang='lat'><strong>15</strong></span> <span class='ocrx_word' id='word_1_74' title='bbox 743 1412 858 1472; x_wconf 89' lang='lat' dir='ltr'><strong>Hic</strong></span> <span class='ocrx_word' id='word_1_75' title='bbox 907 1427 1217 1473; x_wconf 84' lang='lat' dir='ltr'><strong>conuersus</strong></span> <span class='ocrx_word' id='word_1_76' title='bbox 1271 1412 1582 1471; x_wconf 83' lang='lat' dir='ltr'><strong>saecularis</strong></span> <span class='ocrx_word' id='word_1_77' title='bbox 1642 1410 1929 1471; x_wconf 75' lang='lat' dir='ltr'><strong>similatus</strong></span> <span class='ocrx_word' id='word_1_78' title='bbox 1958 1411 2179 1487; x_wconf 77' lang='lat' dir='ltr'><strong>gratiae</strong></span> <span class='ocrx_word' id='word_1_79' title='bbox 2210 1412 2478 1486; x_wconf 84' lang='lat' dir='ltr'><strong>spiritali.</strong></span> <span class='ocrx_word' id='word_1_80' title='bbox 2527 1415 2611 1474; x_wconf 87' lang='lat' dir='ltr'><strong>ita</strong></span> <span class='ocrx_word' id='word_1_81' title='bbox 2644 1418 2738 1474; x_wconf 85' lang='lat' dir='ltr'><strong>est</strong></span> <span class='ocrx_word' id='word_1_82' title='bbox 2768 1415 2917 1474; x_wconf 89' lang='lat' dir='ltr'><strong>enim</strong></span> 
     </span>
     <span class='ocr_line' id='line_1_10' title="bbox 655 1514 2916 1592; baseline 0.001 -17"><span class='ocrx_word' id='word_1_83' title='bbox 655 1518 716 1575; x_wconf 90' lang='lat' dir='ltr'><strong>et</strong></span> <span class='ocrx_word' id='word_1_84' title='bbox 744 1515 806 1574; x_wconf 92' lang='lat' dir='ltr'><strong>in</strong></span> <span class='ocrx_word' id='word_1_85' title='bbox 835 1516 1048 1590; x_wconf 83' lang='lat' dir='ltr'><strong>populo</strong></span> <span class='ocrx_word' id='word_1_86' title='bbox 1089 1514 1310 1587; x_wconf 89' lang='lat' dir='ltr'><strong>deifico,</strong></span> <span class='ocrx_word' id='word_1_87' title='bbox 1361 1516 1510 1575; x_wconf 88' lang='lat' dir='ltr'><strong>sicut</strong></span> <span class='ocrx_word' id='word_1_88' title='bbox 1550 1514 1615 1573; x_wconf 89' lang='lat' dir='ltr'><strong>in</strong></span> <span class='ocrx_word' id='word_1_89' title='bbox 1642 1514 1815 1575; x_wconf 89' lang='lat' dir='ltr'><strong>uinea</strong></span> <span class='ocrx_word' id='word_1_90' title='bbox 1842 1518 2086 1575; x_wconf 84' lang='lat' dir='ltr'><strong>terrena.</strong></span> <span class='ocrx_word' id='word_1_91' title='bbox 2132 1515 2305 1577; x_wconf 87' lang='lat' dir='ltr'><strong>uinea</strong></span> <span class='ocrx_word' id='word_1_92' title='bbox 2344 1516 2629 1577; x_wconf 87' lang='lat' dir='ltr'><strong>dominica</strong></span> <span class='ocrx_word' id='word_1_93' title='bbox 2656 1520 2715 1577; x_wconf 91' lang='lat' dir='ltr'><strong>et</strong></span> <span class='ocrx_word' id='word_1_94' title='bbox 2742 1519 2916 1592; x_wconf 83' lang='lat' dir='ltr'><strong>spiri-</strong></span> 
     </span>
     <span class='ocr_line' id='line_1_11' title="bbox 653 1618 2989 1695; baseline 0.001 -18"><span class='ocrx_word' id='word_1_95' title='bbox 653 1618 792 1678; x_wconf 81' lang='lat' dir='ltr'><strong>talis</strong></span> <span class='ocrx_word' id='word_1_96' title='bbox 844 1618 1006 1693; x_wconf 84' lang='lat' dir='ltr'><strong>plebs</strong></span> <span class='ocrx_word' id='word_1_97' title='bbox 1058 1621 1148 1678; x_wconf 90' lang='lat' dir='ltr'><strong>est</strong></span> <span class='ocrx_word' id='word_1_98' title='bbox 1198 1618 1657 1691; x_wconf 87' lang='lat' dir='ltr'><strong>christianorum,</strong></span> <span class='ocrx_word' id='word_1_99' title='bbox 1712 1635 1854 1692; x_wconf 88' lang='lat' dir='ltr'><strong>quae</strong></span> <span class='ocrx_word' id='word_1_100' title='bbox 1904 1618 2223 1679; x_wconf 74' lang='lat' dir='ltr'><strong>custoditur</strong></span> <span class='ocrx_word' id='word_1_101' title='bbox 2272 1620 2427 1679; x_wconf 88' lang='lat' dir='ltr'><strong>iusso</strong></span> <span class='ocrx_word' id='word_1_102' title='bbox 2481 1619 2587 1679; x_wconf 92' lang='lat' dir='ltr'><strong>Dei</strong></span> <span class='ocrx_word' id='word_1_103' title='bbox 2638 1620 2825 1695; x_wconf 85' lang='lat' dir='ltr'><strong>patris</strong></span> <span class='ocrx_word' id='word_1_104' title='bbox 2876 1639 2914 1681; x_wconf 87' lang='lat' dir='ltr'><strong>a</strong></span> <span class='ocrx_word' id='word_1_105' title='bbox 2931 1640 2989 1680; x_wconf 83' lang='grc' dir='ltr'><strong>ιο</strong></span> 
     </span>
    </p>

    <p class='ocr_par' dir='ltr' id='par_1_5' title="bbox 527 1702 2915 1795">
     <span class='ocr_line' id='line_1_12' title="bbox 527 1702 2915 1795; baseline 0.001 -14"><span class='ocrx_word' id='word_1_106' title='bbox 527 1734 536 1745; x_wconf 77' lang='lat'><strong><em>‘</em></strong></span> <span class='ocrx_word' id='word_1_107' title='bbox 653 1738 829 1795; x_wconf 78' lang='lat' dir='ltr'><strong>puero</strong></span> <span class='ocrx_word' id='word_1_108' title='bbox 859 1721 1086 1781; x_wconf 82' lang='lat' dir='ltr'><strong>Christo</strong></span> <span class='ocrx_word' id='word_1_109' title='bbox 1115 1720 1178 1779; x_wconf 89' lang='lat' dir='ltr'><strong>in</strong></span> <span class='ocrx_word' id='word_1_110' title='bbox 1207 1721 1354 1795; x_wconf 83' lang='lat' dir='ltr'><strong>ligni</strong></span> <span class='ocrx_word' id='word_1_111' title='bbox 1385 1722 1679 1795; x_wconf 84' lang='lat' dir='ltr'><strong>speculum</strong></span> <span class='ocrx_word' id='word_1_112' title='bbox 1708 1702 2039 1783; x_wconf 61' lang='lat' dir='ltr'><strong>exaltatum.</strong></span> <span class='ocrx_word' id='word_1_113' title='bbox 2098 1722 2249 1795; x_wconf 89' lang='lat' dir='ltr'><strong>quod</strong></span> <span class='ocrx_word' id='word_1_114' title='bbox 2300 1722 2355 1780; x_wconf 90' lang='lat' dir='ltr'><strong>si</strong></span> <span class='ocrx_word' id='word_1_115' title='bbox 2406 1722 2593 1785; x_wconf 86' lang='lat' dir='ltr'><strong>uiator</strong></span> <span class='ocrx_word' id='word_1_116' title='bbox 2650 1723 2915 1784; x_wconf 83' lang='lat' dir='ltr'><strong>diabolus</strong></span> 
     </span>
    </p>

    <p class='ocr_par' dir='ltr' id='par_1_6' title="bbox 653 1823 2909 1899">
     <span class='ocr_line' id='line_1_13' title="bbox 653 1823 2909 1899; baseline 0 -13"><span class='ocrx_word' id='word_1_117' title='bbox 653 1823 1060 1898; x_wconf 76' lang='lat' dir='ltr'><strong>perambulans</strong></span> <span class='ocrx_word' id='word_1_118' title='bbox 1111 1824 1268 1883; x_wconf 92' lang='lat' dir='ltr'><strong>uiam</strong></span> <span class='ocrx_word' id='word_1_119' title='bbox 1319 1823 1671 1885; x_wconf 86' lang='lat' dir='ltr'><strong>saecularem</strong></span> <span class='ocrx_word' id='word_1_120' title='bbox 1700 1824 1753 1883; x_wconf 91' lang='lat' dir='ltr'><strong>si</strong></span> <span class='ocrx_word' id='word_1_121' title='bbox 1801 1840 1973 1884; x_wconf 88' lang='lat' dir='ltr'><strong>ausus</strong></span> <span class='ocrx_word' id='word_1_122' title='bbox 2003 1824 2180 1885; x_wconf 86' lang='lat' dir='ltr'><strong>fuerit</strong></span> <span class='ocrx_word' id='word_1_123' title='bbox 2194 1825 2279 1885; x_wconf 82' lang='lat' dir='ltr'><strong>de</strong></span> <span class='ocrx_word' id='word_1_124' title='bbox 2308 1826 2481 1885; x_wconf 87' lang='lat' dir='ltr'><strong>uinea</strong></span> <span class='ocrx_word' id='word_1_125' title='bbox 2506 1826 2769 1899; x_wconf 86' lang='lat' dir='ltr'><strong>spiritale</strong></span> <span class='ocrx_word' id='word_1_126' title='bbox 2800 1827 2909 1886; x_wconf 89' lang='lat' dir='ltr'><strong>ho-</strong></span> 
     </span>
    </p>

    <p class='ocr_par' dir='ltr' id='par_1_7' title="bbox 653 1926 2981 2210">
     <span class='ocr_line' id='line_1_14' title="bbox 653 1926 2913 2007; baseline 0.001 -21"><span class='ocrx_word' id='word_1_127' title='bbox 653 1926 863 1987; x_wconf 87' lang='lat' dir='ltr'><strong>minem</strong></span> <span class='ocrx_word' id='word_1_128' title='bbox 892 1928 962 1987; x_wconf 92' lang='lat' dir='ltr'><strong>de</strong></span> <span class='ocrx_word' id='word_1_129' title='bbox 989 1926 1162 2007; x_wconf 87' lang='lat' dir='ltr'><strong>plebe</strong></span> <span class='ocrx_word' id='word_1_130' title='bbox 1189 1927 1476 1990; x_wconf 83' lang='lat' dir='ltr'><strong>dominica</strong></span> <span class='ocrx_word' id='word_1_131' title='bbox 1513 1943 1781 2001; x_wconf 79' lang='lat' dir='ltr'><strong>separare</strong></span> <span class='ocrx_word' id='word_1_132' title='bbox 1812 1929 1871 1986; x_wconf 93' lang='lat' dir='ltr'><strong>et</strong></span> <span class='ocrx_word' id='word_1_133' title='bbox 1898 1944 2123 2001; x_wconf 82' lang='lat' dir='ltr'><strong>nexare,</strong></span> <span class='ocrx_word' id='word_1_134' title='bbox 2166 1928 2363 1989; x_wconf 86' lang='lat' dir='ltr'><strong>statim</strong></span> <span class='ocrx_word' id='word_1_135' title='bbox 2393 1946 2430 1987; x_wconf 88' lang='lat' dir='ltr'><strong>a</strong></span> <span class='ocrx_word' id='word_1_136' title='bbox 2456 1946 2629 2004; x_wconf 83' lang='lat' dir='ltr'><strong>puero</strong></span> <span class='ocrx_word' id='word_1_137' title='bbox 2660 1930 2913 1989; x_wconf 86' lang='lat' dir='ltr'><strong>caeleste</strong></span> 
     </span>
     <span class='ocr_line' id='line_1_15' title="bbox 654 2030 2913 2105; baseline 0.002 -16"><span class='ocrx_word' id='word_1_138' title='bbox 654 2032 948 2104; x_wconf 84' lang='lat' dir='ltr'><strong>correptus</strong></span> <span class='ocrx_word' id='word_1_139' title='bbox 977 2034 1038 2089; x_wconf 93' lang='lat' dir='ltr'><strong>et</strong></span> <span class='ocrx_word' id='word_1_140' title='bbox 1082 2030 1279 2104; x_wconf 77' lang='lat' dir='ltr'><strong>flagris</strong></span> <span class='ocrx_word' id='word_1_141' title='bbox 1329 2030 1691 2105; x_wconf 71' lang='lat' dir='ltr'><strong>spiritalibus</strong></span> <span class='ocrx_word' id='word_1_142' title='bbox 1744 2032 2073 2091; x_wconf 88' lang='lat' dir='ltr'><strong>emendatus</strong></span> <span class='ocrx_word' id='word_1_143' title='bbox 2124 2032 2359 2093; x_wconf 79' lang='lat' dir='ltr'><strong>exulans</strong></span> <span class='ocrx_word' id='word_1_144' title='bbox 2412 2034 2485 2093; x_wconf 89' lang='lat' dir='ltr'><strong>ad</strong></span> <span class='ocrx_word' id='word_1_145' title='bbox 2538 2034 2913 2093; x_wconf 86' lang='lat' dir='ltr'><strong>centesimum</strong></span> 
     </span>
     <span class='ocr_line' id='line_1_16' title="bbox 653 2131 2981 2210; baseline 0.002 -19"><span class='ocrx_word' id='word_1_146' title='bbox 653 2131 855 2206; x_wconf 79' lang='lat' dir='ltr'><strong>effugit</strong></span> <span class='ocrx_word' id='word_1_147' title='bbox 883 2133 944 2191; x_wconf 89' lang='lat' dir='ltr'><strong>in</strong></span> <span class='ocrx_word' id='word_1_148' title='bbox 973 2133 1116 2194; x_wconf 89' lang='lat' dir='ltr'><strong>locis</strong></span> <span class='ocrx_word' id='word_1_149' title='bbox 1145 2133 1324 2194; x_wconf 89' lang='lat' dir='ltr'><strong>aridis</strong></span> <span class='ocrx_word' id='word_1_150' title='bbox 1355 2138 1416 2195; x_wconf 90' lang='lat' dir='ltr'><strong>et</strong></span> <span class='ocrx_word' id='word_1_151' title='bbox 1445 2135 1708 2195; x_wconf 73' lang='lat' dir='ltr'><strong>desertis.</strong></span> <span class='ocrx_word' id='word_1_152' title='bbox 1740 2134 1837 2194; x_wconf 87' lang='lat' dir='ltr'><strong>hic</strong></span> <span class='ocrx_word' id='word_1_153' title='bbox 1864 2138 2061 2195; x_wconf 83' lang='lat' dir='ltr'><strong>custos</strong></span> <span class='ocrx_word' id='word_1_154' title='bbox 2091 2138 2181 2195; x_wconf 91' lang='lat' dir='ltr'><strong>est</strong></span> <span class='ocrx_word' id='word_1_155' title='bbox 2208 2154 2351 2210; x_wconf 87' lang='lat' dir='ltr'><strong>puer</strong></span> <span class='ocrx_word' id='word_1_156' title='bbox 2377 2135 2533 2195; x_wconf 88' lang='lat' dir='ltr'><strong>filius</strong></span> <span class='ocrx_word' id='word_1_157' title='bbox 2570 2136 2909 2209; x_wconf 84' lang='lat' dir='ltr'><strong>dominicus,</strong></span> <span class='ocrx_word' id='word_1_158' title='bbox 2928 2154 2981 2195; x_wconf 70' lang='lat' dir='ltr'><strong>is</strong></span> 
     </span>
    </p>
   </div>
   <div class='ocr_carea' id='block_1_3' title="bbox 3190 0 3211 1000">
    <p class='ocr_par' dir='ltr' id='par_1_8' title="bbox 3190 0 3211 1000">
     <span class='ocr_line' id='line_1_17' title="bbox 3190 0 3211 1000; baseline 0 0"><span class='ocrx_word' id='word_1_159' title='bbox 3190 0 3211 1000; x_wconf 95' lang='lat' dir='ltr'><strong> </strong></span> 
     </span>
    </p>
   </div>
   <div class='ocr_carea' id='block_1_4' title="bbox 649 2235 2913 2623">
    <p class='ocr_par' dir='ltr' id='par_1_9' title="bbox 649 2235 2913 2623">
     <span class='ocr_line' id='line_1_18' title="bbox 652 2235 2913 2313; baseline 0.002 -19"><span class='ocrx_word' id='word_1_160' title='bbox 652 2236 752 2309; x_wconf 87' lang='lat' dir='ltr'><strong>qui</strong></span> <span class='ocrx_word' id='word_1_161' title='bbox 801 2235 1028 2297; x_wconf 85' lang='lat' dir='ltr'><strong>niueam</strong></span> <span class='ocrx_word' id='word_1_162' title='bbox 1081 2254 1242 2298; x_wconf 90' lang='lat' dir='ltr'><strong>suam</strong></span> <span class='ocrx_word' id='word_1_163' title='bbox 1297 2237 1410 2297; x_wconf 90' lang='lat' dir='ltr'><strong>sibi</strong></span> <span class='ocrx_word' id='word_1_164' title='bbox 1454 2256 1492 2297; x_wconf 92' lang='lat' dir='ltr'><strong>a</strong></span> <span class='ocrx_word' id='word_1_165' title='bbox 1541 2240 1704 2313; x_wconf 84' lang='lat' dir='ltr'><strong>patre</strong></span> <span class='ocrx_word' id='word_1_166' title='bbox 1756 2240 2201 2299; x_wconf 82' lang='lat' dir='ltr'><strong>commendatam</strong></span> <span class='ocrx_word' id='word_1_167' title='bbox 2254 2238 2589 2299; x_wconf 85' lang='lat' dir='ltr'><strong>saluandam</strong></span> <span class='ocrx_word' id='word_1_168' title='bbox 2638 2242 2802 2298; x_wconf 85' lang='lat' dir='ltr'><strong>tenet</strong></span> <span class='ocrx_word' id='word_1_169' title='bbox 2852 2243 2913 2299; x_wconf 87' lang='lat' dir='ltr'><strong>et</strong></span> 
     </span>
     <span class='ocr_line' id='line_1_19' title="bbox 649 2340 2913 2417; baseline 0.001 -18"><span class='ocrx_word' id='word_1_170' title='bbox 649 2341 1084 2401; x_wconf 69' lang='lat' dir='ltr'><strong>rosemundam:</strong></span> <span class='ocrx_word' id='word_1_171' title='bbox 1130 2340 1202 2401; x_wconf 93' lang='lat' dir='ltr'><strong>de</strong></span> <span class='ocrx_word' id='word_1_172' title='bbox 1244 2358 1356 2415; x_wconf 86' lang='lat' dir='ltr'><strong>quo</strong></span> <span class='ocrx_word' id='word_1_173' title='bbox 1405 2341 1607 2401; x_wconf 85' lang='lat' dir='ltr'><strong>Esaias</strong></span> <span class='ocrx_word' id='word_1_174' title='bbox 1658 2344 1940 2417; x_wconf 80' lang='lat' dir='ltr'><strong>propheta</strong></span> <span class='ocrx_word' id='word_1_175' title='bbox 1992 2342 2199 2403; x_wconf 88' lang='lat' dir='ltr'><strong>cecinit</strong></span> <span class='ocrx_word' id='word_1_176' title='bbox 2249 2342 2483 2402; x_wconf 88' lang='lat' dir='ltr'><strong>dicens:</strong></span> <span class='ocrx_word' id='word_1_177' title='bbox 2530 2360 2561 2401; x_wconf 91' lang='lat' dir='ltr'><strong>e</strong></span> <span class='ocrx_word' id='word_1_178' title='bbox 2574 2358 2693 2401; x_wconf 85' lang='lat' dir='ltr'><strong>cce</strong></span> <span class='ocrx_word' id='word_1_179' title='bbox 2736 2359 2913 2415; x_wconf 87' lang='lat' dir='ltr'><strong>puer</strong></span> 
     </span>
     <span class='ocr_line' id='line_1_20' title="bbox 651 2443 2911 2520; baseline 0.001 -17"><span class='ocrx_word' id='word_1_180' title='bbox 651 2458 846 2504; x_wconf 85' lang='lat' dir='ltr'><strong>meus</strong></span> <span class='ocrx_word' id='word_1_181' title='bbox 910 2443 1132 2505; x_wconf 85' lang='lat' dir='ltr'><strong>filius</strong></span> <span class='ocrx_word' id='word_1_182' title='bbox 1203 2462 1400 2505; x_wconf 89' lang='lat' dir='ltr'><strong>meus</strong></span> <span class='ocrx_word' id='word_1_183' title='bbox 1475 2444 2059 2518; x_wconf 85' lang='lat' dir='ltr'><strong>dilectissimus,</strong></span> <span class='ocrx_word' id='word_1_184' title='bbox 2133 2463 2383 2519; x_wconf 87' lang='lat' dir='ltr'><strong>ponam</strong></span> <span class='ocrx_word' id='word_1_185' title='bbox 2458 2462 2683 2520; x_wconf 88' lang='lat' dir='ltr'><strong>super</strong></span> <span class='ocrx_word' id='word_1_186' title='bbox 2752 2463 2911 2506; x_wconf 86' lang='lat' dir='ltr'><strong>eum</strong></span> 
     </span>
     <span class='ocr_line' id='line_1_21' title="bbox 649 2546 2909 2623; baseline 0.001 -15"><span class='ocrx_word' id='word_1_187' title='bbox 649 2546 1010 2622; x_wconf 83' lang='lat' dir='ltr'><strong>spiritum</strong></span> <span class='ocrx_word' id='word_1_188' title='bbox 1053 2565 1312 2621; x_wconf 90' lang='lat' dir='ltr'><strong>meum,</strong></span> <span class='ocrx_word' id='word_1_189' title='bbox 1375 2550 1446 2608; x_wconf 86' lang='lat' dir='ltr'><strong>et</strong></span> <span class='ocrx_word' id='word_1_190' title='bbox 1490 2547 1847 2610; x_wconf 87' lang='lat' dir='ltr'><strong>iudicium</strong></span> <span class='ocrx_word' id='word_1_191' title='bbox 1892 2548 2238 2623; x_wconf 79' lang='lat' dir='ltr'><strong>gentibus</strong></span> <span class='ocrx_word' id='word_1_192' title='bbox 2292 2549 2702 2610; x_wconf 80' lang='lat' dir='ltr'><strong>nuntiabit:</strong></span> <span class='ocrx_word' id='word_1_193' title='bbox 2770 2567 2909 2610; x_wconf 90' lang='lat' dir='ltr'><strong>non</strong></span> 
     </span>
    </p>
   </div>
   <div class='ocr_carea' id='block_1_5' title="bbox 663 2817 1288 2882">
    <p class='ocr_par' dir='ltr' id='par_1_10' title="bbox 663 2817 1288 2882">
     <span class='ocr_line' id='line_1_22' title="bbox 663 2817 1288 2882; baseline 0.003 -12"><span class='ocrx_word' id='word_1_194' title='bbox 663 2856 685 2882; x_wconf 76' lang='grc'><em>,</em></span> <span class='ocrx_word' id='word_1_195' title='bbox 788 2817 853 2870; x_wconf 82' lang='lat'><strong>17</strong></span> <span class='ocrx_word' id='word_1_196' title='bbox 891 2817 978 2870; x_wconf 86' lang='lat' dir='ltr'><strong>Es.</strong></span> <span class='ocrx_word' id='word_1_197' title='bbox 1013 2817 1099 2880; x_wconf 82' lang='lat'><strong>42,</strong></span> <span class='ocrx_word' id='word_1_198' title='bbox 1137 2818 1288 2872; x_wconf 84' lang='lat'>1-4.</span> 
     </span>
    </p>
   </div>
   <div class='ocr_carea' id='block_1_6' title="bbox 536 3071 2909 4521">
    <p class='ocr_par' dir='ltr' id='par_1_11' title="bbox 635 3071 2909 4354">
     <span class='ocr_line' id='line_1_23' title="bbox 783 3071 2907 3146; baseline 0.004 -22"><span class='ocrx_word' id='word_1_199' title='bbox 783 3073 814 3124; x_wconf 94' lang='lat'>1</span> <span class='ocrx_word' id='word_1_200' title='bbox 851 3071 1015 3142; x_wconf 82' lang='lat' dir='ltr'><strong>fures]</strong></span> <span class='ocrx_word' id='word_1_201' title='bbox 1051 3071 1238 3126; x_wconf 83' lang='lat' dir='ltr'><strong>furans</strong></span> <span class='ocrx_word' id='word_1_202' title='bbox 1273 3075 1338 3142; x_wconf 72' lang='grc' dir='ltr'><strong>μι</strong></span> <span class='ocrx_word' id='word_1_203' title='bbox 1523 3074 1691 3144; x_wconf 87' lang='lat' dir='ltr'><strong>niam]</strong></span> <span class='ocrx_word' id='word_1_204' title='bbox 1728 3091 1889 3130; x_wconf 87' lang='lat' dir='ltr'><strong>uuam</strong></span> <span class='ocrx_word' id='word_1_205' title='bbox 1924 3077 2093 3146; x_wconf 61' lang='lat' dir='ltr'><strong>Mu&#39;v</strong></span> <span class='ocrx_word' id='word_1_206' title='bbox 2278 3076 2489 3130; x_wconf 82' lang='lat' dir='ltr'><strong>uincam</strong></span> <span class='ocrx_word' id='word_1_207' title='bbox 2526 3077 2651 3130; x_wconf 87' lang='lat' dir='ltr'><strong>MT</strong></span> <span class='ocrx_word' id='word_1_208' title='bbox 2818 3096 2907 3133; x_wconf 82' lang='lat' dir='ltr'><strong>ue-</strong></span> 
     </span>
     <span class='ocr_line' id='line_1_24' title="bbox 648 3156 2905 3232; baseline 0.005 -23"><span class='ocrx_word' id='word_1_209' title='bbox 648 3156 857 3225; x_wconf 75' lang='lat' dir='ltr'><strong>stigant</strong></span> <span class='ocrx_word' id='word_1_210' title='bbox 895 3157 956 3221; x_wconf 78' lang='lat' dir='ltr'><strong>T,</strong></span> <span class='ocrx_word' id='word_1_211' title='bbox 993 3159 1230 3226; x_wconf 75' lang='lat' dir='ltr'><strong>uestigat</strong></span> <span class='ocrx_word' id='word_1_212' title='bbox 1265 3161 1348 3227; x_wconf 67' lang='grc' dir='ltr'><strong>μ’,</strong></span> <span class='ocrx_word' id='word_1_213' title='bbox 1387 3160 1698 3215; x_wconf 78' lang='lat' dir='ltr'><strong>conculcent</strong></span> <span class='ocrx_word' id='word_1_214' title='bbox 1734 3163 1905 3232; x_wconf 74' lang='grc' dir='ltr'><strong>Μμύ</strong></span> <span class='ocrx_word' id='word_1_215' title='bbox 2120 3163 2169 3216; x_wconf 92' lang='lat' dir='ltr'><strong>si</strong></span> <span class='ocrx_word' id='word_1_216' title='bbox 2196 3160 2271 3216; x_wconf 90' lang='lat' dir='ltr'><strong><em>M</em></strong></span> <span class='ocrx_word' id='word_1_217' title='bbox 2284 3179 2326 3216; x_wconf 76' lang='grc' dir='ltr'><strong>ε.</strong></span> <span class='ocrx_word' id='word_1_218' title='bbox 2352 3163 2386 3217; x_wconf 81' lang='lat' dir='ltr'><strong>l.</strong></span> <span class='ocrx_word' id='word_1_219' title='bbox 2414 3181 2481 3217; x_wconf 86' lang='lat' dir='ltr'><strong>m.</strong></span> <span class='ocrx_word' id='word_1_220' title='bbox 2508 3169 2545 3218; x_wconf 81' lang='lat'><strong><em>2</em></strong></span> <span class='ocrx_word' id='word_1_221' title='bbox 2754 3165 2790 3220; x_wconf 78' lang='lat'>2</span> <span class='ocrx_word' id='word_1_222' title='bbox 2824 3165 2905 3220; x_wconf 90' lang='lat' dir='ltr'><strong>ui-</strong></span> 
     </span>
     <span class='ocr_line' id='line_1_25' title="bbox 641 3244 2838 3318; baseline 0.005 -22"><span class='ocrx_word' id='word_1_223' title='bbox 641 3258 800 3297; x_wconf 80' lang='lat' dir='ltr'><strong>ncam</strong></span> <span class='ocrx_word' id='word_1_224' title='bbox 839 3259 991 3298; x_wconf 87' lang='lat' dir='ltr'><strong>suam</strong></span> <span class='ocrx_word' id='word_1_225' title='bbox 1026 3244 1098 3298; x_wconf 88' lang='lat' dir='ltr'><strong><em>M</em></strong></span> <span class='ocrx_word' id='word_1_226' title='bbox 1281 3246 1317 3300; x_wconf 83' lang='lat'><strong>3</strong></span> <span class='ocrx_word' id='word_1_227' title='bbox 1353 3245 1607 3315; x_wconf 86' lang='lat' dir='ltr'><strong>demptus·</strong></span> <span class='ocrx_word' id='word_1_228' title='bbox 1634 3268 1675 3317; x_wconf 81' lang='grc' dir='ltr'><strong>μ.</strong></span> <span class='ocrx_word' id='word_1_229' title='bbox 1869 3249 2085 3318; x_wconf 60' lang='lat' dir='ltr'><strong>speculis</strong></span> <span class='ocrx_word' id='word_1_230' title='bbox 2118 3267 2151 3304; x_wconf 85' lang='lat' dir='ltr'><strong><em>v</em></strong></span> <span class='ocrx_word' id='word_1_231' title='bbox 2346 3266 2529 3304; x_wconf 84' lang='lat' dir='ltr'><strong>uocem</strong></span> <span class='ocrx_word' id='word_1_232' title='bbox 2565 3251 2767 3305; x_wconf 84' lang='lat' dir='ltr'><strong>malam</strong></span> <span class='ocrx_word' id='word_1_233' title='bbox 2805 3269 2838 3308; x_wconf 83' lang='lat' dir='ltr'><strong><em>v</em></strong></span> 
     </span>
     <span class='ocr_line' id='line_1_26' title="bbox 641 3329 2905 3402; baseline 0.004 -19"><span class='ocrx_word' id='word_1_234' title='bbox 641 3330 679 3383; x_wconf 84' lang='lat'>4</span> <span class='ocrx_word' id='word_1_235' title='bbox 716 3329 940 3384; x_wconf 87' lang='lat' dir='ltr'><strong>antdeat</strong></span> <span class='ocrx_word' id='word_1_236' title='bbox 955 3356 984 3382; x_wconf 55' lang='grc' dir='ltr'>ι</span> <span class='ocrx_word' id='word_1_237' title='bbox 997 3356 1026 3382; x_wconf 59' lang='lat' dir='ltr'><em>a</em></span> <span class='ocrx_word' id='word_1_238' title='bbox 1061 3332 1136 3385; x_wconf 98' lang='lat' dir='ltr'><strong><em>M</em></strong></span> <span class='ocrx_word' id='word_1_239' title='bbox 1405 3335 1547 3388; x_wconf 88' lang='lat' dir='ltr'><strong>recte</strong></span> <span class='ocrx_word' id='word_1_240' title='bbox 1581 3354 1622 3402; x_wconf 79' lang='grc' dir='ltr'>μ</span> <span class='ocrx_word' id='word_1_241' title='bbox 1886 3337 1921 3390; x_wconf 87' lang='lat'>5</span> <span class='ocrx_word' id='word_1_242' title='bbox 1958 3337 2336 3390; x_wconf 84' lang='lat' dir='ltr'><strong>comminantis</strong></span> <span class='ocrx_word' id='word_1_243' title='bbox 2371 3337 2474 3391; x_wconf 86' lang='lat' dir='ltr'><strong>Mv</strong></span> <span class='ocrx_word' id='word_1_244' title='bbox 2750 3338 2905 3392; x_wconf 84' lang='lat' dir='ltr'><strong>uine-</strong></span> 
     </span>
     <span class='ocr_line' id='line_1_27' title="bbox 643 3416 2901 3492; baseline 0.004 -23"><span class='ocrx_word' id='word_1_245' title='bbox 643 3431 732 3469; x_wconf 90' lang='lat' dir='ltr'><strong>am</strong></span> <span class='ocrx_word' id='word_1_246' title='bbox 767 3416 837 3470; x_wconf 88' lang='lat' dir='ltr'><strong><em>M</em></strong></span> <span class='ocrx_word' id='word_1_247' title='bbox 1101 3417 1372 3485; x_wconf 77' lang='lat' dir='ltr'><strong>speculam</strong></span> <span class='ocrx_word' id='word_1_248' title='bbox 1406 3435 1441 3474; x_wconf 83' lang='lat' dir='ltr'><strong><em>v</em></strong></span> <span class='ocrx_word' id='word_1_249' title='bbox 1648 3420 1791 3474; x_wconf 89' lang='lat' dir='ltr'><strong>uidit</strong></span> <span class='ocrx_word' id='word_1_250' title='bbox 1828 3420 1880 3476; x_wconf 87' lang='lat' dir='ltr'><em>T</em></span> <span class='ocrx_word' id='word_1_251' title='bbox 2148 3423 2183 3475; x_wconf 84' lang='lat'>6</span> <span class='ocrx_word' id='word_1_252' title='bbox 2219 3423 2431 3492; x_wconf 86' lang='lat' dir='ltr'><strong>specula</strong></span> <span class='ocrx_word' id='word_1_253' title='bbox 2466 3440 2499 3478; x_wconf 85' lang='lat' dir='ltr'><strong><em>v</em></strong></span> <span class='ocrx_word' id='word_1_254' title='bbox 2775 3423 2806 3475; x_wconf 81' lang='lat'><strong>7</strong></span> <span class='ocrx_word' id='word_1_255' title='bbox 2843 3427 2901 3478; x_wconf 83' lang='lat' dir='ltr'><strong>et</strong></span> 
     </span>
     <span class='ocr_line' id='line_1_28' title="bbox 641 3502 2907 3564; baseline 0.004 -9"><span class='ocrx_word' id='word_1_256' title='bbox 641 3502 838 3556; x_wconf 87' lang='lat' dir='ltr'><strong>timens</strong></span> <span class='ocrx_word' id='word_1_257' title='bbox 873 3519 907 3557; x_wconf 87' lang='grc' dir='ltr'><strong>υ</strong></span> <span class='ocrx_word' id='word_1_258' title='bbox 1203 3504 1240 3558; x_wconf 90' lang='grc'>8</span> <span class='ocrx_word' id='word_1_259' title='bbox 1273 3505 1404 3558; x_wconf 85' lang='lat' dir='ltr'><strong>haec</strong></span> <span class='ocrx_word' id='word_1_260' title='bbox 1439 3508 1775 3561; x_wconf 82' lang='lat' dir='ltr'><strong>conuersatio</strong></span> <span class='ocrx_word' id='word_1_261' title='bbox 1810 3524 1843 3563; x_wconf 83' lang='lat' dir='ltr'><strong><em>v</em></strong></span> <span class='ocrx_word' id='word_1_262' title='bbox 1923 3537 1932 3548; x_wconf 93' lang='lat'><strong>·</strong></span> <span class='ocrx_word' id='word_1_263' title='bbox 2142 3509 2415 3562; x_wconf 85' lang='lat' dir='ltr'><strong>similatur</strong></span> <span class='ocrx_word' id='word_1_264' title='bbox 2448 3525 2481 3563; x_wconf 85' lang='lat' dir='ltr'><strong><em>v</em></strong></span> <span class='ocrx_word' id='word_1_265' title='bbox 2780 3510 2815 3564; x_wconf 79' lang='lat'>9</span> <span class='ocrx_word' id='word_1_266' title='bbox 2850 3511 2907 3563; x_wconf 81' lang='lat' dir='ltr'><strong>et</strong></span> 
     </span>
     <span class='ocr_line' id='line_1_29' title="bbox 642 3589 2835 3659; baseline 0.002 -16"><span class='ocrx_word' id='word_1_267' title='bbox 642 3605 744 3643; x_wconf 86' lang='lat' dir='ltr'><strong>om.</strong></span> <span class='ocrx_word' id='word_1_268' title='bbox 783 3611 822 3655; x_wconf 86' lang='grc' dir='ltr'>μ</span> <span class='ocrx_word' id='word_1_269' title='bbox 1057 3589 1270 3646; x_wconf 81' lang='lat' dir='ltr'><strong>uincam</strong></span> <span class='ocrx_word' id='word_1_270' title='bbox 1305 3595 1573 3646; x_wconf 85' lang='lat' dir='ltr'><strong>terrenam</strong></span> <span class='ocrx_word' id='word_1_271' title='bbox 1609 3595 1823 3648; x_wconf 81' lang='lat' dir='ltr'><strong>uincam</strong></span> <span class='ocrx_word' id='word_1_272' title='bbox 1860 3593 2183 3649; x_wconf 86' lang='lat' dir='ltr'><strong>dominicam</strong></span> <span class='ocrx_word' id='word_1_273' title='bbox 2219 3593 2343 3648; x_wconf 88' lang='lat' dir='ltr'><strong>MT</strong></span> <span class='ocrx_word' id='word_1_274' title='bbox 2568 3598 2625 3648; x_wconf 89' lang='lat' dir='ltr'><strong>et</strong></span> <span class='ocrx_word' id='word_1_275' title='bbox 2658 3611 2759 3648; x_wconf 74' lang='grc' dir='ltr'><strong>οηι.</strong></span> <span class='ocrx_word' id='word_1_276' title='bbox 2796 3616 2835 3659; x_wconf 74' lang='grc' dir='ltr'><strong>,α</strong></span> 
     </span>
     <span class='ocr_line' id='line_1_30' title="bbox 642 3677 2843 3751; baseline 0.002 -21"><span class='ocrx_word' id='word_1_277' title='bbox 642 3677 712 3731; x_wconf 92' lang='grc'><strong>10</strong></span> <span class='ocrx_word' id='word_1_278' title='bbox 744 3678 894 3747; x_wconf 85' lang='lat' dir='ltr'><strong>pleps</strong></span> <span class='ocrx_word' id='word_1_279' title='bbox 936 3677 988 3732; x_wconf 86' lang='grc' dir='ltr'><em>Τ</em></span> <span class='ocrx_word' id='word_1_280' title='bbox 1214 3677 1363 3733; x_wconf 86' lang='lat' dir='ltr'><strong>iussu</strong></span> <span class='ocrx_word' id='word_1_281' title='bbox 1397 3695 1432 3734; x_wconf 82' lang='lat' dir='ltr'><strong><em>v</em></strong></span> <span class='ocrx_word' id='word_1_282' title='bbox 1661 3696 1695 3733; x_wconf 90' lang='lat' dir='ltr'><strong>a</strong></span> <span class='ocrx_word' id='word_1_283' title='bbox 1732 3697 1836 3736; x_wconf 85' lang='lat' dir='ltr'><strong>om.</strong></span> <span class='ocrx_word' id='word_1_284' title='bbox 1874 3683 1939 3751; x_wconf 80' lang='grc' dir='ltr'><strong>μι</strong></span> <span class='ocrx_word' id='word_1_285' title='bbox 2174 3681 2237 3735; x_wconf 91' lang='grc'><strong>11</strong></span> <span class='ocrx_word' id='word_1_286' title='bbox 2276 3681 2445 3750; x_wconf 81' lang='lat' dir='ltr'><strong>lignis</strong></span> <span class='ocrx_word' id='word_1_287' title='bbox 2484 3681 2545 3746; x_wconf 78' lang='lat' dir='ltr'><strong>T,</strong></span> <span class='ocrx_word' id='word_1_288' title='bbox 2583 3682 2733 3751; x_wconf 83' lang='lat' dir='ltr'><strong>ligno</strong></span> <span class='ocrx_word' id='word_1_289' title='bbox 2770 3681 2843 3734; x_wconf 88' lang='lat' dir='ltr'><strong><em>M</em></strong></span> 
     </span>
     <span class='ocr_line' id='line_1_31' title="bbox 641 3764 2842 3836; baseline 0.003 -20"><span class='ocrx_word' id='word_1_290' title='bbox 641 3765 913 3832; x_wconf 81' lang='lat' dir='ltr'><strong>speculum</strong></span> <span class='ocrx_word' id='word_1_291' title='bbox 950 3765 1124 3834; x_wconf 84' lang='grc' dir='ltr'><strong><em>ΜΤμ,</em></strong></span> <span class='ocrx_word' id='word_1_292' title='bbox 1163 3764 1378 3834; x_wconf 78' lang='lat' dir='ltr'><strong>specula</strong></span> <span class='ocrx_word' id='word_1_293' title='bbox 1411 3782 1446 3820; x_wconf 81' lang='lat' dir='ltr'><strong><em>v</em></strong></span> <span class='ocrx_word' id='word_1_294' title='bbox 1664 3767 1901 3820; x_wconf 81' lang='lat' dir='ltr'><strong>exaltato</strong></span> <span class='ocrx_word' id='word_1_295' title='bbox 1937 3784 2011 3835; x_wconf 82' lang='grc' dir='ltr'><strong>μυ</strong></span> <span class='ocrx_word' id='word_1_296' title='bbox 2220 3767 2287 3820; x_wconf 83' lang='grc'><strong>12</strong></span> <span class='ocrx_word' id='word_1_297' title='bbox 2320 3766 2487 3836; x_wconf 86' lang='lat' dir='ltr'><strong>uiam]</strong></span> <span class='ocrx_word' id='word_1_298' title='bbox 2524 3767 2741 3822; x_wconf 79' lang='lat' dir='ltr'><strong>uincam</strong></span> <span class='ocrx_word' id='word_1_299' title='bbox 2764 3768 2842 3822; x_wconf 91' lang='lat' dir='ltr'><strong><em>M</em></strong></span> 
     </span>
     <span class='ocr_line' id='line_1_32' title="bbox 639 3850 2902 3924; baseline 0.002 -21"><span class='ocrx_word' id='word_1_300' title='bbox 639 3850 692 3903; x_wconf 89' lang='lat' dir='ltr'><strong>si</strong></span> <span class='ocrx_word' id='word_1_301' title='bbox 725 3865 826 3904; x_wconf 85' lang='lat' dir='ltr'><strong>om.</strong></span> <span class='ocrx_word' id='word_1_302' title='bbox 863 3867 938 3920; x_wconf 81' lang='grc' dir='ltr'><strong>μυ</strong></span> <span class='ocrx_word' id='word_1_303' title='bbox 1123 3851 1360 3920; x_wconf 80' lang='lat' dir='ltr'><strong>spiritali</strong></span> <span class='ocrx_word' id='word_1_304' title='bbox 1395 3869 1470 3922; x_wconf 81' lang='grc' dir='ltr'><strong>μυ</strong></span> <span class='ocrx_word' id='word_1_305' title='bbox 1668 3853 1735 3906; x_wconf 86' lang='grc'><strong>13</strong></span> <span class='ocrx_word' id='word_1_306' title='bbox 1768 3851 1979 3921; x_wconf 86' lang='lat' dir='ltr'><strong>plebem</strong></span> <span class='ocrx_word' id='word_1_307' title='bbox 2013 3852 2339 3908; x_wconf 85' lang='lat' dir='ltr'><strong>dominicam</strong></span> <span class='ocrx_word' id='word_1_308' title='bbox 2375 3852 2451 3907; x_wconf 88' lang='lat' dir='ltr'><strong><em>M</em></strong></span> <span class='ocrx_word' id='word_1_309' title='bbox 2638 3855 2902 3924; x_wconf 85' lang='lat' dir='ltr'><strong>separare]</strong></span> 
     </span>
     <span class='ocr_line' id='line_1_33' title="bbox 644 3937 2907 4010; baseline 0.003 -22"><span class='ocrx_word' id='word_1_310' title='bbox 644 3951 826 4004; x_wconf 87' lang='lat' dir='ltr'><strong>rapere</strong></span> <span class='ocrx_word' id='word_1_311' title='bbox 861 3956 902 4006; x_wconf 83' lang='grc' dir='ltr'><strong>μ.</strong></span> <span class='ocrx_word' id='word_1_312' title='bbox 1187 3937 1407 3994; x_wconf 81' lang='lat' dir='ltr'><strong>caelesti</strong></span> <span class='ocrx_word' id='word_1_313' title='bbox 1453 3957 1511 4006; x_wconf 84' lang='grc' dir='ltr'><strong>μ,</strong></span> <span class='ocrx_word' id='word_1_314' title='bbox 1557 3938 1777 3994; x_wconf 85' lang='lat' dir='ltr'><strong>caelesti</strong></span> <span class='ocrx_word' id='word_1_315' title='bbox 1822 3955 1951 3994; x_wconf 89' lang='lat' dir='ltr'><strong>uoce</strong></span> <span class='ocrx_word' id='word_1_316' title='bbox 1983 3956 2019 3994; x_wconf 78' lang='lat' dir='ltr'><em>v</em></span> <span class='ocrx_word' id='word_1_317' title='bbox 2292 3940 2361 3994; x_wconf 83' lang='lat'><strong>14</strong></span> <span class='ocrx_word' id='word_1_318' title='bbox 2404 3939 2477 4010; x_wconf 88' lang='lat' dir='ltr'><strong>et]</strong></span> <span class='ocrx_word' id='word_1_319' title='bbox 2524 3942 2608 4002; x_wconf 85' lang='lat' dir='ltr'><strong>est</strong></span> <span class='ocrx_word' id='word_1_320' title='bbox 2652 3943 2711 3994; x_wconf 91' lang='lat' dir='ltr'><strong>et</strong></span> <span class='ocrx_word' id='word_1_321' title='bbox 2746 3940 2809 4007; x_wconf 77' lang='lat' dir='ltr'><strong>T,</strong></span> <span class='ocrx_word' id='word_1_322' title='bbox 2848 3943 2907 3996; x_wconf 85' lang='lat' dir='ltr'><strong>et</strong></span> 
     </span>
     <span class='ocr_line' id='line_1_34' title="bbox 640 4021 2833 4096; baseline 0.004 -21"><span class='ocrx_word' id='word_1_323' title='bbox 640 4037 782 4075; x_wconf 80' lang='lat' dir='ltr'><strong>cras.</strong></span> <span class='ocrx_word' id='word_1_324' title='bbox 808 4023 874 4076; x_wconf 65' lang='lat' dir='ltr'><strong>m</strong></span> <span class='ocrx_word' id='word_1_325' title='bbox 895 4021 972 4076; x_wconf 90' lang='lat' dir='ltr'><strong><em>M</em></strong></span> <span class='ocrx_word' id='word_1_326' title='bbox 1101 4023 1440 4092; x_wconf 87' lang='lat' dir='ltr'><strong>spiritalibus</strong></span> <span class='ocrx_word' id='word_1_327' title='bbox 1475 4023 1664 4094; x_wconf 84' lang='lat' dir='ltr'><strong>flagris</strong></span> <span class='ocrx_word' id='word_1_328' title='bbox 1688 4024 1832 4093; x_wconf 86' lang='grc' dir='ltr'><strong>Μμυ</strong></span> <span class='ocrx_word' id='word_1_329' title='bbox 1968 4025 2185 4080; x_wconf 76' lang='lat' dir='ltr'><strong>exulans</strong></span> <span class='ocrx_word' id='word_1_330' title='bbox 2209 4027 2293 4094; x_wconf 65' lang='grc' dir='ltr'><strong>μ’,</strong></span> <span class='ocrx_word' id='word_1_331' title='bbox 2328 4026 2606 4082; x_wconf 80' lang='lat' dir='ltr'><strong>exululans</strong></span> <span class='ocrx_word' id='word_1_332' title='bbox 2642 4027 2715 4082; x_wconf 85' lang='lat' dir='ltr'><strong><em>M</em></strong></span> <span class='ocrx_word' id='word_1_333' title='bbox 2718 4029 2833 4096; x_wconf 66' lang='grc' dir='ltr'><strong>Τμ*</strong></span> 
     </span>
     <span class='ocr_line' id='line_1_35' title="bbox 640 4102 2904 4180; baseline 0.004 -21"><span class='ocrx_word' id='word_1_334' title='bbox 640 4105 708 4159; x_wconf 87' lang='grc'><strong>15</strong></span> <span class='ocrx_word' id='word_1_335' title='bbox 743 4111 827 4160; x_wconf 87' lang='lat' dir='ltr'><strong>cst</strong></span> <span class='ocrx_word' id='word_1_336' title='bbox 851 4110 1027 4162; x_wconf 86' lang='lat' dir='ltr'><strong>custos</strong></span> <span class='ocrx_word' id='word_1_337' title='bbox 1054 4109 1199 4176; x_wconf 84' lang='grc' dir='ltr'><strong>Μμυ</strong></span> <span class='ocrx_word' id='word_1_338' title='bbox 1341 4111 1406 4163; x_wconf 91' lang='grc'><strong>16</strong></span> <span class='ocrx_word' id='word_1_339' title='bbox 1441 4102 1756 4164; x_wconf 86' lang='lat' dir='ltr'><strong>saluandam</strong></span> <span class='ocrx_word' id='word_1_340' title='bbox 1780 4113 1931 4164; x_wconf 84' lang='lat' dir='ltr'><strong>tenet</strong></span> <span class='ocrx_word' id='word_1_341' title='bbox 1952 4113 2167 4180; x_wconf 74' lang='lat' dir='ltr'><strong>scripsi,</strong></span> <span class='ocrx_word' id='word_1_342' title='bbox 2206 4112 2541 4166; x_wconf 86' lang='lat' dir='ltr'><strong>saluamanet</strong></span> <span class='ocrx_word' id='word_1_343' title='bbox 2563 4113 2649 4177; x_wconf 89' lang='lat' dir='ltr'><strong>M,</strong></span> <span class='ocrx_word' id='word_1_344' title='bbox 2687 4113 2904 4168; x_wconf 79' lang='lat' dir='ltr'><strong>saluau-</strong></span> 
     </span>
     <span class='ocr_line' id='line_1_36' title="bbox 639 4191 2904 4263; baseline 0.003 -17"><span class='ocrx_word' id='word_1_345' title='bbox 639 4191 763 4246; x_wconf 89' lang='lat' dir='ltr'><strong>dam</strong></span> <span class='ocrx_word' id='word_1_346' title='bbox 801 4193 921 4262; x_wconf 84' lang='grc' dir='ltr'><strong>Τμυ</strong></span> <span class='ocrx_word' id='word_1_347' title='bbox 1173 4198 1231 4248; x_wconf 87' lang='lat' dir='ltr'><strong>et</strong></span> <span class='ocrx_word' id='word_1_348' title='bbox 1263 4211 1366 4250; x_wconf 86' lang='lat' dir='ltr'><strong>om.</strong></span> <span class='ocrx_word' id='word_1_349' title='bbox 1402 4196 1476 4250; x_wconf 90' lang='lat' dir='ltr'><strong><em>M</em></strong></span> <span class='ocrx_word' id='word_1_350' title='bbox 1730 4196 1795 4249; x_wconf 84' lang='grc'><strong>17</strong></span> <span class='ocrx_word' id='word_1_351' title='bbox 1832 4197 2155 4252; x_wconf 85' lang='lat' dir='ltr'><strong>reseruanda</strong></span> <span class='ocrx_word' id='word_1_352' title='bbox 2190 4198 2277 4263; x_wconf 88' lang='lat' dir='ltr'><strong>M,</strong></span> <span class='ocrx_word' id='word_1_353' title='bbox 2310 4197 2689 4252; x_wconf 81' lang='lat' dir='ltr'><strong>resemandam</strong></span> <span class='ocrx_word' id='word_1_354' title='bbox 2724 4201 2904 4254; x_wconf 82' lang='lat' dir='ltr'><strong>custo-</strong></span> 
     </span>
     <span class='ocr_line' id='line_1_37' title="bbox 635 4277 2909 4354; baseline 0.004 -22"><span class='ocrx_word' id='word_1_355' title='bbox 635 4277 756 4333; x_wconf 83' lang='lat' dir='ltr'><strong>diat</strong></span> <span class='ocrx_word' id='word_1_356' title='bbox 790 4298 847 4349; x_wconf 82' lang='grc' dir='ltr'><strong>μ,</strong></span> <span class='ocrx_word' id='word_1_357' title='bbox 881 4280 1254 4335; x_wconf 84' lang='lat' dir='ltr'><strong>reseruandam</strong></span> <span class='ocrx_word' id='word_1_358' title='bbox 1290 4281 1496 4350; x_wconf 84' lang='lat' dir='ltr'><strong>accepit</strong></span> <span class='ocrx_word' id='word_1_359' title='bbox 1531 4299 1564 4336; x_wconf 84' lang='lat' dir='ltr'><em>v</em></span> <span class='ocrx_word' id='word_1_360' title='bbox 1792 4284 1939 4336; x_wconf 90' lang='lat' dir='ltr'><strong>esaia</strong></span> <span class='ocrx_word' id='word_1_361' title='bbox 1976 4282 2066 4352; x_wconf 77' lang='lat'><strong>1¹¹,</strong></span> <span class='ocrx_word' id='word_1_362' title='bbox 2102 4285 2303 4338; x_wconf 82' lang='lat' dir='ltr'><strong>esaiam</strong></span> <span class='ocrx_word' id='word_1_363' title='bbox 2340 4287 2406 4354; x_wconf 71' lang='grc' dir='ltr'><strong>μ*</strong></span> <span class='ocrx_word' id='word_1_364' title='bbox 2622 4284 2819 4340; x_wconf 81' lang='lat' dir='ltr'><strong>cecinit</strong></span> <span class='ocrx_word' id='word_1_365' title='bbox 2855 4285 2909 4340; x_wconf 84' lang='grc' dir='ltr'><strong><em>Τ</em></strong></span> 
     </span>
    </p>

    <p class='ocr_par' dir='ltr' id='par_1_12' title="bbox 536 4367 2835 4521">
     <span class='ocr_line' id='line_1_38' title="bbox 536 4367 2835 4447; baseline 0.002 -28"><span class='ocrx_word' id='word_1_366' title='bbox 536 4433 544 4447; x_wconf 42' lang='grc' dir='ltr'>ι</span> <span class='ocrx_word' id='word_1_367' title='bbox 639 4368 746 4434; x_wconf 78' lang='lat' dir='ltr'><strong>(ceo</strong></span> <span class='ocrx_word' id='word_1_368' title='bbox 780 4367 844 4420; x_wconf 77' lang='lat' dir='ltr'><strong>in</strong></span> <span class='ocrx_word' id='word_1_369' title='bbox 873 4369 1030 4433; x_wconf 59' lang='lat' dir='ltr'><strong>raa),</strong></span> <span class='ocrx_word' id='word_1_370' title='bbox 1077 4367 1323 4421; x_wconf 84' lang='lat' dir='ltr'><strong>cantauit</strong></span> <span class='ocrx_word' id='word_1_371' title='bbox 1357 4367 1441 4432; x_wconf 88' lang='lat' dir='ltr'><strong>M,</strong></span> <span class='ocrx_word' id='word_1_372' title='bbox 1491 4369 1640 4423; x_wconf 85' lang='lat' dir='ltr'><strong>canit</strong></span> <span class='ocrx_word' id='word_1_373' title='bbox 1676 4384 1751 4438; x_wconf 82' lang='grc' dir='ltr'><strong>μυ</strong></span> <span class='ocrx_word' id='word_1_374' title='bbox 2094 4372 2164 4426; x_wconf 90' lang='grc'><strong>18</strong></span> <span class='ocrx_word' id='word_1_375' title='bbox 2198 4372 2344 4426; x_wconf 82' lang='lat' dir='ltr'><strong>filius</strong></span> <span class='ocrx_word' id='word_1_376' title='bbox 2390 4387 2540 4426; x_wconf 88' lang='lat' dir='ltr'><strong>meus</strong></span> <span class='ocrx_word' id='word_1_377' title='bbox 2586 4387 2686 4426; x_wconf 77' lang='lat' dir='ltr'><strong>mn.</strong></span> <span class='ocrx_word' id='word_1_378' title='bbox 2728 4370 2835 4424; x_wconf 83' lang='lat' dir='ltr'><strong>T⁸v</strong></span> 
     </span>
     <span class='ocr_line' id='line_1_39' title="bbox 635 4454 2034 4521; baseline 0.004 -16"><span class='ocrx_word' id='word_1_379' title='bbox 635 4466 794 4521; x_wconf 85' lang='lat' dir='ltr'><strong>super</strong></span> <span class='ocrx_word' id='word_1_380' title='bbox 829 4469 950 4506; x_wconf 87' lang='lat' dir='ltr'><strong>eum</strong></span> <span class='ocrx_word' id='word_1_381' title='bbox 986 4469 1178 4521; x_wconf 86' lang='lat' dir='ltr'><strong>ponam</strong></span> <span class='ocrx_word' id='word_1_382' title='bbox 1215 4454 1286 4507; x_wconf 90' lang='lat' dir='ltr'><strong><em>M</em></strong></span> <span class='ocrx_word' id='word_1_383' title='bbox 1491 4454 1558 4507; x_wconf 87' lang='grc'><strong>19</strong></span> <span class='ocrx_word' id='word_1_384' title='bbox 1593 4456 1873 4509; x_wconf 86' lang='lat' dir='ltr'><strong>nuntiauit</strong></span> <span class='ocrx_word' id='word_1_385' title='bbox 1911 4457 2034 4512; x_wconf 88' lang='lat' dir='ltr'><strong>MT</strong></span> 
     </span>
    </p>
   </div>
   <div class='ocr_carea' id='block_1_7' title="bbox 3200 2272 3210 3842">
    <p class='ocr_par' dir='ltr' id='par_1_13' title="bbox 3200 2272 3210 3842">
     <span class='ocr_line' id='line_1_40' title="bbox 3200 2272 3210 3842; baseline 0 0"><span class='ocrx_word' id='word_1_386' title='bbox 3200 2272 3210 3842; x_wconf 95' lang='lat' dir='ltr'><strong> </strong></span> 
     </span>
    </p>
   </div>
  </div>
 </body>
</html>
