<?xml version="1.0" encoding="UTF-8"?>
<!DOCTYPE html PUBLIC "-//W3C//DTD XHTML 1.0 Transitional//EN"
    "http://www.w3.org/TR/xhtml1/DTD/xhtml1-transitional.dtd">
<html xmlns="http://www.w3.org/1999/xhtml" xml:lang="en" lang="en">
 <head>
  <title>
</title>
<meta http-equiv="Content-Type" content="text/html;charset=utf-8" />
  <meta name='ocr-system' content='tesseract 3.04.00' />
  <meta name='ocr-capabilities' content='ocr_page ocr_carea ocr_par ocr_line ocrx_word'/>
</head>
<body>
  <div class='ocr_page' id='page_1' title='image "./corpusscriptoru29wissgoog_0010.png"; bbox 0 0 3217 5150; ppageno 0'>
   <div class='ocr_carea' id='block_1_1' title="bbox 647 563 1953 633">
    <p class='ocr_par' dir='ltr' id='par_1_1' title="bbox 647 563 1953 633">
     <span class='ocr_line' id='line_1_1' title="bbox 647 563 1953 633; baseline -0.002 -15"><span class='ocrx_word' id='word_1_1' title='bbox 647 564 695 628; x_wconf 87' lang='lat'>4</span> <span class='ocrx_word' id='word_1_2' title='bbox 1589 563 1953 633; x_wconf 80' lang='lat' dir='ltr'><strong>Appendix.</strong></span> 
     </span>
    </p>
   </div>
   <div class='ocr_carea' id='block_1_2' title="bbox 590 720 3001 2969">
    <p class='ocr_par' dir='ltr' id='par_1_2' title="bbox 645 720 2915 901">
     <span class='ocr_line' id='line_1_2' title="bbox 645 720 2915 798; baseline 0.001 -16"><span class='ocrx_word' id='word_1_3' title='bbox 645 723 846 798; x_wconf 79' lang='lat' dir='ltr'><strong>paucis</strong></span> <span class='ocrx_word' id='word_1_4' title='bbox 874 739 978 783; x_wconf 92' lang='lat' dir='ltr'><strong>uos</strong></span> <span class='ocrx_word' id='word_1_5' title='bbox 1007 739 1121 782; x_wconf 92' lang='lat' dir='ltr'><strong>non</strong></span> <span class='ocrx_word' id='word_1_6' title='bbox 1147 739 1296 782; x_wconf 89' lang='lat' dir='ltr'><strong>nunc</strong></span> <span class='ocrx_word' id='word_1_7' title='bbox 1325 720 1628 795; x_wconf 87' lang='lat' dir='ltr'><strong>instruere,</strong></span> <span class='ocrx_word' id='word_1_8' title='bbox 1659 725 1759 782; x_wconf 90' lang='lat' dir='ltr'><strong>sed</strong></span> <span class='ocrx_word' id='word_1_9' title='bbox 1789 723 2101 782; x_wconf 89' lang='lat' dir='ltr'><strong>instructos</strong></span> <span class='ocrx_word' id='word_1_10' title='bbox 2130 723 2431 783; x_wconf 89' lang='lat' dir='ltr'><strong>admonere</strong></span> <span class='ocrx_word' id='word_1_11' title='bbox 2447 768 2463 796; x_wconf 92' lang='lat'><strong><em>‚</em></strong></span> <span class='ocrx_word' id='word_1_12' title='bbox 2493 739 2565 782; x_wconf 91' lang='lat' dir='ltr'><strong>ne</strong></span> <span class='ocrx_word' id='word_1_13' title='bbox 2596 723 2729 797; x_wconf 85' lang='lat' dir='ltr'><strong>quia</strong></span> <span class='ocrx_word' id='word_1_14' title='bbox 2758 723 2915 784; x_wconf 83' lang='lat' dir='ltr'><strong>male</strong></span> 
     </span>
     <span class='ocr_line' id='line_1_3' title="bbox 651 824 2907 901; baseline 0 -16"><span class='ocrx_word' id='word_1_15' title='bbox 651 827 786 885; x_wconf 91' lang='lat' dir='ltr'><strong>sunt</strong></span> <span class='ocrx_word' id='word_1_16' title='bbox 813 825 1010 886; x_wconf 88' lang='lat' dir='ltr'><strong>uincta</strong></span> <span class='ocrx_word' id='word_1_17' title='bbox 1038 824 1274 885; x_wconf 90' lang='lat' dir='ltr'><strong>uulnera</strong></span> <span class='ocrx_word' id='word_1_18' title='bbox 1307 824 1577 886; x_wconf 88' lang='lat' dir='ltr'><strong>sanitatis</strong></span> <span class='ocrx_word' id='word_1_19' title='bbox 1607 826 1885 886; x_wconf 87' lang='lat' dir='ltr'><strong>obductae</strong></span> <span class='ocrx_word' id='word_1_20' title='bbox 1914 828 2285 901; x_wconf 78' lang='lat' dir='ltr'>perrumpant</span> <span class='ocrx_word' id='word_1_21' title='bbox 2313 825 2652 887; x_wconf 70' lang='lat' dir='ltr'><strong>cicatricem.</strong></span> <span class='ocrx_word' id='word_1_22' title='bbox 2683 826 2907 886; x_wconf 91' lang='lat' dir='ltr'><strong>nullum</strong></span> 
     </span>
    </p>

    <p class='ocr_par' dir='ltr' id='par_1_3' title="bbox 609 928 2904 1092">
     <span class='ocr_line' id='line_1_4' title="bbox 609 928 2904 1005; baseline 0.001 -17"><span class='ocrx_word' id='word_1_23' title='bbox 609 997 614 1004; x_wconf 22' lang='grc' dir='ltr'>ι</span> <span class='ocrx_word' id='word_1_24' title='bbox 647 929 801 988; x_wconf 83' lang='grc'><strong>00110</strong></span> <span class='ocrx_word' id='word_1_25' title='bbox 839 929 1052 989; x_wconf 80' lang='lat' dir='ltr'><strong>malum</strong></span> <span class='ocrx_word' id='word_1_26' title='bbox 1093 928 1383 989; x_wconf 85' lang='lat' dir='ltr'><strong>difficilius</strong></span> <span class='ocrx_word' id='word_1_27' title='bbox 1424 929 1780 1004; x_wconf 76' lang='lat' dir='ltr'><strong>extinguitur</strong></span> <span class='ocrx_word' id='word_1_28' title='bbox 1821 947 1992 1004; x_wconf 85' lang='lat' dir='ltr'><strong>quam</strong></span> <span class='ocrx_word' id='word_1_29' title='bbox 2034 929 2184 1002; x_wconf 89' lang='lat' dir='ltr'><strong>quod</strong></span> <span class='ocrx_word' id='word_1_30' title='bbox 2227 928 2429 989; x_wconf 81' lang='lat' dir='ltr'><strong>faciles</strong></span> <span class='ocrx_word' id='word_1_31' title='bbox 2457 930 2676 990; x_wconf 88' lang='lat' dir='ltr'><strong>reditus</strong></span> <span class='ocrx_word' id='word_1_32' title='bbox 2706 930 2904 1005; x_wconf 87' lang='lat' dir='ltr'><strong>habet,</strong></span> 
     </span>
     <span class='ocr_line' id='line_1_5' title="bbox 649 1031 2718 1092; baseline 0.001 -2"><span class='ocrx_word' id='word_1_33' title='bbox 649 1032 784 1090; x_wconf 85' lang='lat' dir='ltr'><strong>dum</strong></span> <span class='ocrx_word' id='word_1_34' title='bbox 813 1034 873 1091; x_wconf 89' lang='lat' dir='ltr'><strong>et</strong></span> <span class='ocrx_word' id='word_1_35' title='bbox 889 1031 1285 1092; x_wconf 83' lang='lat' dir='ltr'><strong>multitudinis</strong></span> <span class='ocrx_word' id='word_1_36' title='bbox 1313 1047 1592 1092; x_wconf 84' lang='lat' dir='ltr'><strong>consensu</strong></span> <span class='ocrx_word' id='word_1_37' title='bbox 1622 1031 1900 1092; x_wconf 87' lang='lat' dir='ltr'><strong>asseritur</strong></span> <span class='ocrx_word' id='word_1_38' title='bbox 1928 1034 1987 1092; x_wconf 90' lang='grc'><strong>01</strong></span> <span class='ocrx_word' id='word_1_39' title='bbox 2014 1032 2375 1092; x_wconf 83' lang='lat' dir='ltr'><strong>excusatione</strong></span> <span class='ocrx_word' id='word_1_40' title='bbox 2404 1031 2718 1092; x_wconf 79' lang='lat' dir='ltr'><strong>blanditur.</strong></span> 
     </span>
    </p>

    <p class='ocr_par' dir='ltr' id='par_1_4' title="bbox 590 1133 3001 2969">
     <span class='ocr_line' id='line_1_6' title="bbox 590 1133 2967 1216; baseline 0 -24"><span class='ocrx_word' id='word_1_41' title='bbox 590 1133 631 1192; x_wconf 80' lang='lat'><strong>2</strong></span> <span class='ocrx_word' id='word_1_42' title='bbox 731 1135 864 1195; x_wconf 83' lang='lat' dir='ltr'><strong>Non</strong></span> <span class='ocrx_word' id='word_1_43' title='bbox 911 1135 1108 1210; x_wconf 84' lang='lat' dir='ltr'><strong>pudet,</strong></span> <span class='ocrx_word' id='word_1_44' title='bbox 1160 1135 1413 1216; x_wconf 89' lang='lat' dir='ltr'><strong>inquam,</strong></span> <span class='ocrx_word' id='word_1_45' title='bbox 1442 1152 1556 1195; x_wconf 93' lang='lat' dir='ltr'><strong>non</strong></span> <span class='ocrx_word' id='word_1_46' title='bbox 1595 1136 1774 1210; x_wconf 91' lang='lat' dir='ltr'><strong>pudet</strong></span> <span class='ocrx_word' id='word_1_47' title='bbox 1815 1135 2014 1195; x_wconf 88' lang='lat' dir='ltr'><strong>fideles</strong></span> <span class='ocrx_word' id='word_1_48' title='bbox 2053 1135 2313 1195; x_wconf 90' lang='lat' dir='ltr'><strong>homines</strong></span> <span class='ocrx_word' id='word_1_49' title='bbox 2354 1137 2415 1194; x_wconf 85' lang='lat' dir='ltr'><strong>et</strong></span> <span class='ocrx_word' id='word_1_50' title='bbox 2454 1134 2755 1194; x_wconf 88' lang='lat' dir='ltr'><strong>christiani</strong></span> <span class='ocrx_word' id='word_1_51' title='bbox 2795 1133 2967 1194; x_wconf 67' lang='grc'><strong>011115</strong></span> 
     </span>
     <span class='ocr_line' id='line_1_7' title="bbox 647 1237 2909 1313; baseline -0 -14"><span class='ocrx_word' id='word_1_52' title='bbox 647 1237 892 1299; x_wconf 85' lang='lat' dir='ltr'><strong>nominis</strong></span> <span class='ocrx_word' id='word_1_53' title='bbox 933 1238 1326 1298; x_wconf 89' lang='lat' dir='ltr'><strong>auctoritatem</strong></span> <span class='ocrx_word' id='word_1_54' title='bbox 1364 1238 1720 1298; x_wconf 88' lang='lat' dir='ltr'><strong>uindicantes</strong></span> <span class='ocrx_word' id='word_1_55' title='bbox 1762 1237 2195 1313; x_wconf 80' lang='lat' dir='ltr'><strong>superstitiones</strong></span> <span class='ocrx_word' id='word_1_56' title='bbox 2240 1255 2421 1298; x_wconf 89' lang='lat' dir='ltr'><strong>uanas</strong></span> <span class='ocrx_word' id='word_1_57' title='bbox 2450 1237 2751 1313; x_wconf 77' lang='lat' dir='ltr'><strong>gentilium</strong></span> <span class='ocrx_word' id='word_1_58' title='bbox 2779 1255 2909 1298; x_wconf 90' lang='lat' dir='ltr'><strong>cum</strong></span> 
     </span>
     <span class='ocr_line' id='line_1_8' title="bbox 647 1340 2906 1416; baseline -0.001 -14"><span class='ocrx_word' id='word_1_59' title='bbox 647 1341 987 1415; x_wconf 65' lang='lat' dir='ltr'><strong>spectaculis</strong></span> <span class='ocrx_word' id='word_1_60' title='bbox 1045 1341 1255 1401; x_wconf 84' lang='lat' dir='ltr'><strong>mixtas</strong></span> <span class='ocrx_word' id='word_1_61' title='bbox 1315 1341 1386 1401; x_wconf 86' lang='lat' dir='ltr'><strong>de</strong></span> <span class='ocrx_word' id='word_1_62' title='bbox 1443 1340 1744 1416; x_wconf 85' lang='lat' dir='ltr'><strong>scripturis</strong></span> <span class='ocrx_word' id='word_1_63' title='bbox 1796 1341 2141 1401; x_wconf 89' lang='lat' dir='ltr'><strong>caelestibus</strong></span> <span class='ocrx_word' id='word_1_64' title='bbox 2190 1341 2481 1402; x_wconf 84' lang='lat' dir='ltr'><strong>uindicare</strong></span> <span class='ocrx_word' id='word_1_65' title='bbox 2531 1343 2594 1401; x_wconf 90' lang='lat' dir='ltr'><strong>et</strong></span> <span class='ocrx_word' id='word_1_66' title='bbox 2652 1341 2906 1401; x_wconf 88' lang='lat' dir='ltr'><strong>diuinam</strong></span> 
     </span>
     <span class='ocr_line' id='line_1_9' title="bbox 645 1442 2907 1524; baseline -0.001 -19"><span class='ocrx_word' id='word_1_67' title='bbox 645 1444 1044 1506; x_wconf 84' lang='lat' dir='ltr'><strong>auctoritatem</strong></span> <span class='ocrx_word' id='word_1_68' title='bbox 1096 1442 1451 1504; x_wconf 83' lang='lat' dir='ltr'><strong>idololatriae</strong></span> <span class='ocrx_word' id='word_1_69' title='bbox 1499 1444 1779 1504; x_wconf 79' lang='lat' dir='ltr'><strong>conferre.</strong></span> <span class='ocrx_word' id='word_1_70' title='bbox 1822 1462 1957 1504; x_wconf 87' lang='lat' dir='ltr'><strong>nam</strong></span> <span class='ocrx_word' id='word_1_71' title='bbox 2010 1446 2233 1519; x_wconf 81' lang='lat' dir='ltr'><strong>quando</strong></span> <span class='ocrx_word' id='word_1_72' title='bbox 2285 1444 2346 1504; x_wconf 93' lang='lat' dir='ltr'><strong>id</strong></span> <span class='ocrx_word' id='word_1_73' title='bbox 2388 1445 2540 1519; x_wconf 84' lang='lat' dir='ltr'><strong>quod</strong></span> <span class='ocrx_word' id='word_1_74' title='bbox 2582 1444 2643 1503; x_wconf 91' lang='lat' dir='ltr'><strong>in</strong></span> <span class='ocrx_word' id='word_1_75' title='bbox 2693 1446 2907 1524; x_wconf 77' lang='lat' dir='ltr'><strong>honore</strong></span> 
     </span>
     <span class='ocr_line' id='line_1_10' title="bbox 645 1546 2901 1623; baseline -0 -16"><span class='ocrx_word' id='word_1_76' title='bbox 645 1548 886 1608; x_wconf 90' lang='lat' dir='ltr'><strong>alicuius</strong></span> <span class='ocrx_word' id='word_1_77' title='bbox 925 1547 1066 1607; x_wconf 89' lang='lat' dir='ltr'><strong>idoli</strong></span> <span class='ocrx_word' id='word_1_78' title='bbox 1104 1547 1177 1607; x_wconf 89' lang='lat' dir='ltr'><strong>ab</strong></span> <span class='ocrx_word' id='word_1_79' title='bbox 1207 1546 1452 1608; x_wconf 86' lang='lat' dir='ltr'><strong>ethnicis</strong></span> <span class='ocrx_word' id='word_1_80' title='bbox 1481 1547 1676 1623; x_wconf 81' lang='lat' dir='ltr'><strong>agitur</strong></span> <span class='ocrx_word' id='word_1_81' title='bbox 1704 1566 1741 1607; x_wconf 89' lang='lat' dir='ltr'><strong>a</strong></span> <span class='ocrx_word' id='word_1_82' title='bbox 1768 1547 2033 1608; x_wconf 87' lang='lat' dir='ltr'><strong>fidelibus</strong></span> <span class='ocrx_word' id='word_1_83' title='bbox 2064 1548 2395 1609; x_wconf 82' lang='lat' dir='ltr'><strong>christianis</strong></span> <span class='ocrx_word' id='word_1_84' title='bbox 2427 1548 2750 1622; x_wconf 87' lang='lat' dir='ltr'><strong>spectaculo</strong></span> <span class='ocrx_word' id='word_1_85' title='bbox 2781 1547 2901 1606; x_wconf 84' lang='lat' dir='ltr'><strong>fre-</strong></span> 
     </span>
     <span class='ocr_line' id='line_1_11' title="bbox 642 1648 2993 1726; baseline -0.003 -16"><span class='ocrx_word' id='word_1_86' title='bbox 642 1653 967 1726; x_wconf 90' lang='lat' dir='ltr'><strong>quentatur,</strong></span> <span class='ocrx_word' id='word_1_87' title='bbox 1020 1655 1079 1711; x_wconf 90' lang='lat' dir='ltr'><strong>et</strong></span> <span class='ocrx_word' id='word_1_88' title='bbox 1129 1650 1454 1710; x_wconf 87' lang='lat' dir='ltr'><strong>idololatria</strong></span> <span class='ocrx_word' id='word_1_89' title='bbox 1493 1651 1729 1726; x_wconf 84' lang='lat' dir='ltr'><strong>gentilis</strong></span> <span class='ocrx_word' id='word_1_90' title='bbox 1792 1651 2069 1711; x_wconf 88' lang='lat' dir='ltr'><strong>asseritur</strong></span> <span class='ocrx_word' id='word_1_91' title='bbox 2119 1653 2179 1710; x_wconf 91' lang='lat' dir='ltr'><strong>et</strong></span> <span class='ocrx_word' id='word_1_92' title='bbox 2229 1651 2291 1709; x_wconf 85' lang='lat' dir='ltr'><strong>in</strong></span> <span class='ocrx_word' id='word_1_93' title='bbox 2340 1651 2744 1712; x_wconf 84' lang='lat' dir='ltr'><strong>contumeliam</strong></span> <span class='ocrx_word' id='word_1_94' title='bbox 2797 1648 2909 1709; x_wconf 91' lang='lat' dir='ltr'><strong>Dei</strong></span> <span class='ocrx_word' id='word_1_95' title='bbox 2928 1665 2993 1705; x_wconf 87' lang='grc'><strong>10</strong></span> 
     </span>
     <span class='ocr_line' id='line_1_12' title="bbox 638 1753 2908 1829; baseline -0.001 -15"><span class='ocrx_word' id='word_1_96' title='bbox 638 1754 844 1829; x_wconf 86' lang='grc'><strong>1011310</strong></span> <span class='ocrx_word' id='word_1_97' title='bbox 887 1769 1024 1814; x_wconf 92' lang='lat' dir='ltr'><strong>uera</strong></span> <span class='ocrx_word' id='word_1_98' title='bbox 1053 1758 1112 1813; x_wconf 92' lang='lat' dir='ltr'><strong>et</strong></span> <span class='ocrx_word' id='word_1_99' title='bbox 1141 1753 1338 1813; x_wconf 88' lang='lat' dir='ltr'><strong>diuina</strong></span> <span class='ocrx_word' id='word_1_100' title='bbox 1367 1755 1638 1814; x_wconf 87' lang='lat' dir='ltr'><strong>calcatur.</strong></span> <span class='ocrx_word' id='word_1_101' title='bbox 1683 1754 1867 1828; x_wconf 79' lang='lat' dir='ltr'><strong>pudor</strong></span> <span class='ocrx_word' id='word_1_102' title='bbox 1895 1771 1986 1815; x_wconf 89' lang='lat' dir='ltr'><strong>me</strong></span> <span class='ocrx_word' id='word_1_103' title='bbox 2016 1757 2174 1814; x_wconf 88' lang='lat' dir='ltr'><strong>tenet</strong></span> <span class='ocrx_word' id='word_1_104' title='bbox 2202 1755 2679 1829; x_wconf 79' lang='lat' dir='ltr'><strong>praescriptiones</strong></span> <span class='ocrx_word' id='word_1_105' title='bbox 2710 1771 2908 1813; x_wconf 89' lang='lat' dir='ltr'><strong>eorum</strong></span> 
     </span>
     <span class='ocr_line' id='line_1_13' title="bbox 641 1841 2908 1937; baseline -0.001 -20"><span class='ocrx_word' id='word_1_106' title='bbox 641 1857 703 1917; x_wconf 93' lang='lat' dir='ltr'><strong>in</strong></span> <span class='ocrx_word' id='word_1_107' title='bbox 730 1859 840 1917; x_wconf 90' lang='lat' dir='ltr'><strong>hac</strong></span> <span class='ocrx_word' id='word_1_108' title='bbox 869 1874 1041 1916; x_wconf 88' lang='lat' dir='ltr'><strong>causa</strong></span> <span class='ocrx_word' id='word_1_109' title='bbox 1070 1859 1128 1917; x_wconf 91' lang='grc'><strong>01</strong></span> <span class='ocrx_word' id='word_1_110' title='bbox 1166 1857 1485 1930; x_wconf 87' lang='lat' dir='ltr'><strong>patrocinia</strong></span> <span class='ocrx_word' id='word_1_111' title='bbox 1522 1857 1756 1917; x_wconf 86' lang='lat' dir='ltr'><strong>referre.</strong></span> <span class='ocrx_word' id='word_1_112' title='bbox 1802 1841 1965 1937; x_wconf 81' lang='lat' dir='ltr'><strong>tubi’‚</strong></span> <span class='ocrx_word' id='word_1_113' title='bbox 1996 1856 2295 1932; x_wconf 89' lang='lat' dir='ltr'><strong>inquiunt,</strong></span> <span class='ocrx_word' id='word_1_114' title='bbox 2338 1845 2578 1931; x_wconf 86' lang='lat' dir='ltr'><strong>‘scripta</strong></span> <span class='ocrx_word' id='word_1_115' title='bbox 2607 1859 2742 1916; x_wconf 92' lang='lat' dir='ltr'><strong>sunt</strong></span> <span class='ocrx_word' id='word_1_116' title='bbox 2770 1857 2908 1930; x_wconf 86' lang='lat' dir='ltr'><strong>ista,</strong></span> 
     </span>
     <span class='ocr_line' id='line_1_14' title="bbox 644 1959 2911 2035; baseline -0.001 -14"><span class='ocrx_word' id='word_1_117' title='bbox 644 1961 745 2021; x_wconf 91' lang='lat' dir='ltr'><strong>ubi</strong></span> <span class='ocrx_word' id='word_1_118' title='bbox 794 1961 1124 2034; x_wconf 74' lang='lat' dir='ltr'><strong>prohibita?</strong></span> <span class='ocrx_word' id='word_1_119' title='bbox 1171 1961 1426 2035; x_wconf 87' lang='lat' dir='ltr'><strong>alioquin</strong></span> <span class='ocrx_word' id='word_1_120' title='bbox 1457 1963 1536 2020; x_wconf 53' lang='lat' dir='ltr'><strong>xet</strong></span> <span class='ocrx_word' id='word_1_121' title='bbox 1585 1961 1790 2034; x_wconf 82' lang='lat' dir='ltr'><strong>auriga</strong></span> <span class='ocrx_word' id='word_1_122' title='bbox 1848 1963 1944 2020; x_wconf 89' lang='lat' dir='ltr'><strong>est</strong></span> <span class='ocrx_word' id='word_1_123' title='bbox 1980 1959 2164 2020; x_wconf 86' lang='lat' dir='ltr'><strong>Israel</strong></span> <span class='ocrx_word' id='word_1_124' title='bbox 2203 1959 2405 2020; x_wconf 85' lang='lat' dir='ltr'><strong>Helias</strong></span> <span class='ocrx_word' id='word_1_125' title='bbox 2448 1962 2508 2020; x_wconf 89' lang='lat' dir='ltr'><strong>et</strong></span> <span class='ocrx_word' id='word_1_126' title='bbox 2544 1961 2677 2020; x_wconf 85' lang='lat' dir='ltr'><strong>ante</strong></span> <span class='ocrx_word' id='word_1_127' title='bbox 2720 1977 2911 2019; x_wconf 89' lang='lat' dir='ltr'><strong>arcam</strong></span> 
     </span>
     <span class='ocr_line' id='line_1_15' title="bbox 643 2063 2912 2140; baseline -0 -18"><span class='ocrx_word' id='word_1_128' title='bbox 643 2063 832 2122; x_wconf 89' lang='lat' dir='ltr'><strong>Dauid</strong></span> <span class='ocrx_word' id='word_1_129' title='bbox 859 2064 982 2140; x_wconf 87' lang='lat' dir='ltr'><strong>ipse</strong></span> <span class='ocrx_word' id='word_1_130' title='bbox 1011 2063 1266 2123; x_wconf 82' lang='lat' dir='ltr'><strong>saltauit.</strong></span> <span class='ocrx_word' id='word_1_131' title='bbox 1311 2063 1486 2123; x_wconf 88' lang='lat' dir='ltr'><strong>nabla</strong></span> <span class='ocrx_word' id='word_1_132' title='bbox 1513 2081 1755 2140; x_wconf 77' lang='lat' dir='ltr'><strong>cynarae</strong></span> <span class='ocrx_word' id='word_1_133' title='bbox 1786 2079 1919 2123; x_wconf 89' lang='lat' dir='ltr'><strong>aera</strong></span> <span class='ocrx_word' id='word_1_134' title='bbox 1940 2065 2213 2138; x_wconf 82' lang='lat' dir='ltr'><strong>tympana</strong></span> <span class='ocrx_word' id='word_1_135' title='bbox 2236 2063 2410 2122; x_wconf 86' lang='lat' dir='ltr'><strong>tibias</strong></span> <span class='ocrx_word' id='word_1_136' title='bbox 2432 2063 2685 2124; x_wconf 90' lang='lat' dir='ltr'><strong>citharas</strong></span> <span class='ocrx_word' id='word_1_137' title='bbox 2708 2064 2912 2123; x_wconf 91' lang='lat' dir='ltr'><strong>choros</strong></span> 
     </span>
     <span class='ocr_line' id='line_1_16' title="bbox 644 2165 2992 2242; baseline 0 -16"><span class='ocrx_word' id='word_1_138' title='bbox 644 2167 908 2242; x_wconf 82' lang='lat' dir='ltr'><strong>legimus.</strong></span> <span class='ocrx_word' id='word_1_139' title='bbox 957 2167 1251 2240; x_wconf 87' lang='lat' dir='ltr'><strong>apostolus</strong></span> <span class='ocrx_word' id='word_1_140' title='bbox 1295 2184 1516 2240; x_wconf 88' lang='lat' dir='ltr'><strong>quoque</strong></span> <span class='ocrx_word' id='word_1_141' title='bbox 1557 2166 1840 2225; x_wconf 83' lang='lat' dir='ltr'><strong>dimicans</strong></span> <span class='ocrx_word' id='word_1_142' title='bbox 1880 2168 2105 2226; x_wconf 87' lang='lat' dir='ltr'><strong>caestus</strong></span> <span class='ocrx_word' id='word_1_143' title='bbox 2134 2169 2195 2226; x_wconf 88' lang='lat' dir='ltr'><strong>et</strong></span> <span class='ocrx_word' id='word_1_144' title='bbox 2221 2165 2646 2226; x_wconf 86' lang='lat' dir='ltr'><strong>colluctationis</strong></span> <span class='ocrx_word' id='word_1_145' title='bbox 2678 2167 2910 2227; x_wconf 87' lang='lat' dir='ltr'><strong>nostrae</strong></span> <span class='ocrx_word' id='word_1_146' title='bbox 2928 2185 2992 2226; x_wconf 72' lang='lat'><strong>1⁵</strong></span> 
     </span>
     <span class='ocr_line' id='line_1_17' title="bbox 645 2269 2905 2345; baseline 0 -16"><span class='ocrx_word' id='word_1_147' title='bbox 645 2272 919 2330; x_wconf 85' lang='lat' dir='ltr'><strong>aduersus</strong></span> <span class='ocrx_word' id='word_1_148' title='bbox 949 2270 1236 2344; x_wconf 86' lang='lat' dir='ltr'><strong>spiritalia</strong></span> <span class='ocrx_word' id='word_1_149' title='bbox 1265 2269 1554 2345; x_wconf 84' lang='lat' dir='ltr'><strong>nequitiae</strong></span> <span class='ocrx_word' id='word_1_150' title='bbox 1583 2269 1852 2344; x_wconf 80' lang='lat' dir='ltr'><strong>proponit</strong></span> <span class='ocrx_word' id='word_1_151' title='bbox 1883 2272 2188 2330; x_wconf 84' lang='lat' dir='ltr'><strong>certamen.</strong></span> <span class='ocrx_word' id='word_1_152' title='bbox 2234 2287 2432 2329; x_wconf 88' lang='lat' dir='ltr'><strong>rursus</strong></span> <span class='ocrx_word' id='word_1_153' title='bbox 2462 2286 2591 2328; x_wconf 90' lang='lat' dir='ltr'><strong>cum</strong></span> <span class='ocrx_word' id='word_1_154' title='bbox 2620 2269 2691 2329; x_wconf 85' lang='lat' dir='ltr'><strong>de</strong></span> <span class='ocrx_word' id='word_1_155' title='bbox 2720 2269 2905 2330; x_wconf 84' lang='lat' dir='ltr'><strong>stadio</strong></span> 
     </span>
     <span class='ocr_line' id='line_1_18' title="bbox 646 2371 2915 2449; baseline -0.001 -15"><span class='ocrx_word' id='word_1_156' title='bbox 646 2375 822 2434; x_wconf 89' lang='lat' dir='ltr'><strong>sumit</strong></span> <span class='ocrx_word' id='word_1_157' title='bbox 872 2375 1148 2448; x_wconf 86' lang='lat' dir='ltr'><strong>exempla,</strong></span> <span class='ocrx_word' id='word_1_158' title='bbox 1203 2392 1442 2435; x_wconf 89' lang='lat' dir='ltr'><strong>coronae</strong></span> <span class='ocrx_word' id='word_1_159' title='bbox 1483 2390 1705 2448; x_wconf 89' lang='lat' dir='ltr'><strong>quoque</strong></span> <span class='ocrx_word' id='word_1_160' title='bbox 1748 2373 1993 2434; x_wconf 91' lang='lat' dir='ltr'><strong>collocat</strong></span> <span class='ocrx_word' id='word_1_161' title='bbox 2038 2375 2309 2449; x_wconf 86' lang='lat' dir='ltr'><strong>praemia.</strong></span> <span class='ocrx_word' id='word_1_162' title='bbox 2358 2392 2456 2434; x_wconf 89' lang='lat' dir='ltr'><strong>cur</strong></span> <span class='ocrx_word' id='word_1_163' title='bbox 2509 2390 2643 2448; x_wconf 85' lang='grc'><strong>0130</strong></span> <span class='ocrx_word' id='word_1_164' title='bbox 2694 2371 2915 2433; x_wconf 84' lang='lat' dir='ltr'><strong>homini</strong></span> 
     </span>
     <span class='ocr_line' id='line_1_19' title="bbox 646 2474 2913 2552; baseline -0.002 -13"><span class='ocrx_word' id='word_1_165' title='bbox 646 2478 958 2539; x_wconf 88' lang='lat' dir='ltr'><strong>christiano</strong></span> <span class='ocrx_word' id='word_1_166' title='bbox 1010 2478 1168 2538; x_wconf 88' lang='lat' dir='ltr'><strong>fideli</strong></span> <span class='ocrx_word' id='word_1_167' title='bbox 1219 2496 1332 2539; x_wconf 94' lang='lat' dir='ltr'><strong>non</strong></span> <span class='ocrx_word' id='word_1_168' title='bbox 1377 2479 1552 2538; x_wconf 85' lang='lat' dir='ltr'><strong>liceat</strong></span> <span class='ocrx_word' id='word_1_169' title='bbox 1593 2479 1854 2552; x_wconf 88' lang='lat' dir='ltr'><strong>spectare</strong></span> <span class='ocrx_word' id='word_1_170' title='bbox 1897 2477 2047 2552; x_wconf 86' lang='lat' dir='ltr'><strong>quod</strong></span> <span class='ocrx_word' id='word_1_171' title='bbox 2088 2477 2255 2537; x_wconf 91' lang='lat' dir='ltr'><strong>licuit</strong></span> <span class='ocrx_word' id='word_1_172' title='bbox 2284 2477 2495 2537; x_wconf 89' lang='lat' dir='ltr'><strong>diuinis</strong></span> <span class='ocrx_word' id='word_1_173' title='bbox 2525 2475 2737 2537; x_wconf 86' lang='lat' dir='ltr'><strong>litteris</strong></span> <span class='ocrx_word' id='word_1_174' title='bbox 2767 2474 2913 2535; x_wconf 89' lang='lat' dir='ltr'><strong>scri-</strong></span> 
     </span>
     <span class='ocr_line' id='line_1_20' title="bbox 645 2564 2913 2656; baseline -0.002 -14"><span class='ocrx_word' id='word_1_175' title='bbox 645 2564 803 2643; x_wconf 80' lang='lat' dir='ltr'><strong>bere&#39;</strong></span> <span class='ocrx_word' id='word_1_176' title='bbox 817 2587 844 2642; x_wconf 70' lang='grc' dir='ltr'><strong>*ι’</strong></span> <span class='ocrx_word' id='word_1_177' title='bbox 892 2583 1001 2643; x_wconf 91' lang='lat' dir='ltr'><strong>hoc</strong></span> <span class='ocrx_word' id='word_1_178' title='bbox 1027 2583 1090 2641; x_wconf 93' lang='lat' dir='ltr'><strong>in</strong></span> <span class='ocrx_word' id='word_1_179' title='bbox 1140 2584 1263 2643; x_wconf 92' lang='grc'><strong>1000</strong></span> <span class='ocrx_word' id='word_1_180' title='bbox 1315 2599 1428 2642; x_wconf 90' lang='grc'><strong>000</strong></span> <span class='ocrx_word' id='word_1_181' title='bbox 1480 2581 1763 2642; x_wconf 87' lang='grc'><strong>1101001110</strong></span> <span class='ocrx_word' id='word_1_182' title='bbox 1818 2582 2057 2641; x_wconf 85' lang='lat' dir='ltr'><strong>dixerim</strong></span> <span class='ocrx_word' id='word_1_183' title='bbox 2108 2582 2278 2656; x_wconf 89' lang='grc'><strong>10030</strong></span> <span class='ocrx_word' id='word_1_184' title='bbox 2319 2582 2521 2642; x_wconf 87' lang='lat' dir='ltr'><strong>melius</strong></span> <span class='ocrx_word' id='word_1_185' title='bbox 2561 2581 2739 2641; x_wconf 80' lang='lat' dir='ltr'><strong>fuisse</strong></span> <span class='ocrx_word' id='word_1_186' title='bbox 2780 2578 2913 2639; x_wconf 89' lang='lat' dir='ltr'><strong>istis</strong></span> 
     </span>
     <span class='ocr_line' id='line_1_21' title="bbox 645 2684 3001 2762; baseline -0.001 -15"><span class='ocrx_word' id='word_1_187' title='bbox 645 2687 837 2747; x_wconf 83' lang='lat' dir='ltr'><strong>nullas</strong></span> <span class='ocrx_word' id='word_1_188' title='bbox 877 2688 1103 2748; x_wconf 87' lang='lat' dir='ltr'><strong>litteras</strong></span> <span class='ocrx_word' id='word_1_189' title='bbox 1146 2704 1313 2748; x_wconf 88' lang='lat' dir='ltr'><strong>nosse</strong></span> <span class='ocrx_word' id='word_1_190' title='bbox 1353 2705 1521 2761; x_wconf 88' lang='lat' dir='ltr'><strong>quam</strong></span> <span class='ocrx_word' id='word_1_191' title='bbox 1552 2686 1637 2747; x_wconf 91' lang='lat' dir='ltr'><strong>sic</strong></span> <span class='ocrx_word' id='word_1_192' title='bbox 1665 2686 1894 2747; x_wconf 85' lang='lat' dir='ltr'><strong>litteras</strong></span> <span class='ocrx_word' id='word_1_193' title='bbox 1924 2688 2133 2762; x_wconf 90' lang='grc'><strong>103010.</strong></span> <span class='ocrx_word' id='word_1_194' title='bbox 2179 2689 2355 2747; x_wconf 89' lang='lat' dir='ltr'><strong>uerba</strong></span> <span class='ocrx_word' id='word_1_195' title='bbox 2384 2688 2535 2748; x_wconf 90' lang='lat' dir='ltr'><strong>enim</strong></span> <span class='ocrx_word' id='word_1_196' title='bbox 2564 2690 2623 2747; x_wconf 90' lang='lat' dir='ltr'><strong>et</strong></span> <span class='ocrx_word' id='word_1_197' title='bbox 2652 2684 2915 2759; x_wconf 82' lang='lat' dir='ltr'><strong>exempla</strong></span> <span class='ocrx_word' id='word_1_198' title='bbox 2932 2702 3001 2744; x_wconf 78' lang='lat' dir='ltr'><strong>so</strong></span> 
     </span>
     <span class='ocr_line' id='line_1_22' title="bbox 647 2788 2915 2866; baseline -0.002 -16"><span class='ocrx_word' id='word_1_199' title='bbox 647 2807 791 2866; x_wconf 87' lang='lat' dir='ltr'><strong>quae</strong></span> <span class='ocrx_word' id='word_1_200' title='bbox 843 2792 914 2850; x_wconf 88' lang='lat' dir='ltr'><strong>ad</strong></span> <span class='ocrx_word' id='word_1_201' title='bbox 957 2791 1406 2852; x_wconf 83' lang='lat' dir='ltr'><strong>exhortationem</strong></span> <span class='ocrx_word' id='word_1_202' title='bbox 1455 2791 1820 2865; x_wconf 86' lang='lat' dir='ltr'><strong>euangelicae</strong></span> <span class='ocrx_word' id='word_1_203' title='bbox 1848 2791 2083 2851; x_wconf 90' lang='lat' dir='ltr'><strong>uirtutis</strong></span> <span class='ocrx_word' id='word_1_204' title='bbox 2122 2792 2311 2866; x_wconf 86' lang='lat' dir='ltr'><strong>posita</strong></span> <span class='ocrx_word' id='word_1_205' title='bbox 2350 2794 2487 2851; x_wconf 91' lang='lat' dir='ltr'><strong>sunt</strong></span> <span class='ocrx_word' id='word_1_206' title='bbox 2527 2791 2601 2850; x_wconf 85' lang='lat' dir='ltr'><strong>ad</strong></span> <span class='ocrx_word' id='word_1_207' title='bbox 2640 2788 2915 2848; x_wconf 84' lang='lat' dir='ltr'><strong>uitiorum</strong></span> 
     </span>
     <span class='ocr_line' id='line_1_23' title="bbox 645 2891 2915 2969; baseline -0.002 -16"><span class='ocrx_word' id='word_1_208' title='bbox 645 2894 964 2968; x_wconf 89' lang='lat' dir='ltr'><strong>patrocinia</strong></span> <span class='ocrx_word' id='word_1_209' title='bbox 1005 2894 1458 2954; x_wconf 83' lang='lat' dir='ltr'><strong>transferuntur:</strong></span> <span class='ocrx_word' id='word_1_210' title='bbox 1506 2893 1773 2969; x_wconf 87' lang='lat' dir='ltr'><strong>quoniam</strong></span> <span class='ocrx_word' id='word_1_211' title='bbox 1822 2912 1934 2954; x_wconf 92' lang='lat' dir='ltr'><strong>non</strong></span> <span class='ocrx_word' id='word_1_212' title='bbox 1974 2898 2041 2953; x_wconf 93' lang='lat' dir='ltr'><strong>ut</strong></span> <span class='ocrx_word' id='word_1_213' title='bbox 2090 2897 2487 2969; x_wconf 87' lang='lat' dir='ltr'><strong>spectarentur</strong></span> <span class='ocrx_word' id='word_1_214' title='bbox 2530 2894 2649 2953; x_wconf 88' lang='lat' dir='ltr'><strong>ista</strong></span> <span class='ocrx_word' id='word_1_215' title='bbox 2698 2891 2915 2965; x_wconf 83' lang='lat' dir='ltr'><strong>scripta</strong></span> 
     </span>
    </p>
   </div>
   <div class='ocr_carea' id='block_1_3' title="bbox 784 3194 2855 3266">
    <p class='ocr_par' dir='ltr' id='par_1_5' title="bbox 784 3194 2855 3266">
     <span class='ocr_line' id='line_1_24' title="bbox 784 3194 2855 3266; baseline -0.001 -13"><span class='ocrx_word' id='word_1_216' title='bbox 784 3199 816 3253; x_wconf 91' lang='lat'>1</span> <span class='ocrx_word' id='word_1_217' title='bbox 852 3214 992 3252; x_wconf 89' lang='lat' dir='ltr'><strong>nunc</strong></span> <span class='ocrx_word' id='word_1_218' title='bbox 1026 3213 1134 3251; x_wconf 91' lang='lat' dir='ltr'><strong>non</strong></span> <span class='ocrx_word' id='word_1_219' title='bbox 1170 3214 1205 3253; x_wconf 84' lang='lat' dir='ltr'><strong><em>v</em></strong></span> <span class='ocrx_word' id='word_1_220' title='bbox 1342 3195 1436 3251; x_wconf 84' lang='lat' dir='ltr'><strong>sed</strong></span> <span class='ocrx_word' id='word_1_221' title='bbox 1469 3200 1526 3251; x_wconf 88' lang='lat' dir='ltr'><strong>et</strong></span> <span class='ocrx_word' id='word_1_222' title='bbox 1558 3196 1610 3251; x_wconf 91' lang='lat' dir='ltr'><em>Z</em></span> <span class='ocrx_word' id='word_1_223' title='bbox 1744 3196 2044 3266; x_wconf 84' lang='lat' dir='ltr'><strong>admonere]</strong></span> <span class='ocrx_word' id='word_1_224' title='bbox 2080 3210 2327 3249; x_wconf 87' lang='lat' dir='ltr'><strong>amouere</strong></span> <span class='ocrx_word' id='word_1_225' title='bbox 2360 3194 2415 3249; x_wconf 90' lang='lat' dir='ltr'><strong><em>Z</em></strong></span> <span class='ocrx_word' id='word_1_226' title='bbox 2547 3196 2635 3266; x_wconf 89' lang='lat' dir='ltr'><strong>ne]</strong></span> <span class='ocrx_word' id='word_1_227' title='bbox 2671 3212 2767 3251; x_wconf 88' lang='lat' dir='ltr'><strong>nec</strong></span> <span class='ocrx_word' id='word_1_228' title='bbox 2800 3195 2855 3250; x_wconf 90' lang='lat' dir='ltr'><strong><em>Z</em></strong></span> 
     </span>
    </p>
   </div>
   <div class='ocr_carea' id='block_1_4' title="bbox 643 3280 2925 3613">
    <p class='ocr_par' dir='ltr' id='par_1_6' title="bbox 643 3280 2925 3527">
     <span class='ocr_line' id='line_1_25' title="bbox 643 3280 2925 3353; baseline -0.001 -14"><span class='ocrx_word' id='word_1_229' title='bbox 643 3285 682 3339; x_wconf 80' lang='lat'><strong>2</strong></span> <span class='ocrx_word' id='word_1_230' title='bbox 726 3286 856 3339; x_wconf 89' lang='lat' dir='ltr'><strong>sunt</strong></span> <span class='ocrx_word' id='word_1_231' title='bbox 899 3300 951 3337; x_wconf 90' lang='grc'><strong>11.</strong></span> <span class='ocrx_word' id='word_1_232' title='bbox 999 3283 1244 3353; x_wconf 88' lang='lat' dir='ltr'><strong>uulnera]</strong></span> <span class='ocrx_word' id='word_1_233' title='bbox 1289 3282 1572 3337; x_wconf 83' lang='lat' dir='ltr'><strong>metuende</strong></span> <span class='ocrx_word' id='word_1_234' title='bbox 1631 3284 1760 3337; x_wconf 88' lang='lat' dir='ltr'><strong>sunt</strong></span> <span class='ocrx_word' id='word_1_235' title='bbox 1808 3282 2117 3351; x_wconf 85' lang='lat' dir='ltr'><strong>uoluptates</strong></span> <span class='ocrx_word' id='word_1_236' title='bbox 2160 3282 2214 3335; x_wconf 90' lang='lat' dir='ltr'><strong><em>Z</em></strong></span> <span class='ocrx_word' id='word_1_237' title='bbox 2588 3282 2810 3337; x_wconf 81' lang='lat' dir='ltr'><strong>sanitati</strong></span> <span class='ocrx_word' id='word_1_238' title='bbox 2853 3280 2925 3348; x_wconf 82' lang='lat' dir='ltr'><strong>Z,</strong></span> 
     </span>
     <span class='ocr_line' id='line_1_26' title="bbox 646 3368 2919 3441; baseline -0.001 -16"><span class='ocrx_word' id='word_1_239' title='bbox 646 3373 852 3425; x_wconf 84' lang='lat' dir='ltr'><strong>sanitas</strong></span> <span class='ocrx_word' id='word_1_240' title='bbox 888 3390 927 3439; x_wconf 81' lang='grc' dir='ltr'><strong>μ.</strong></span> <span class='ocrx_word' id='word_1_241' title='bbox 1110 3371 1420 3441; x_wconf 86' lang='lat' dir='ltr'><strong>perrumpat</strong></span> <span class='ocrx_word' id='word_1_242' title='bbox 1452 3389 1508 3439; x_wconf 87' lang='grc' dir='ltr'><strong>μ,</strong></span> <span class='ocrx_word' id='word_1_243' title='bbox 1545 3372 1900 3439; x_wconf 87' lang='lat' dir='ltr'><strong>prorumpant</strong></span> <span class='ocrx_word' id='word_1_244' title='bbox 1932 3384 1979 3434; x_wconf 80' lang='lat' dir='ltr'><strong>r,</strong></span> <span class='ocrx_word' id='word_1_245' title='bbox 2015 3370 2357 3437; x_wconf 86' lang='lat' dir='ltr'><strong>corrumpant</strong></span> <span class='ocrx_word' id='word_1_246' title='bbox 2390 3370 2449 3424; x_wconf 91' lang='lat' dir='ltr'><em>Z</em></span> <span class='ocrx_word' id='word_1_247' title='bbox 2612 3371 2647 3423; x_wconf 88' lang='grc'><strong>3</strong></span> <span class='ocrx_word' id='word_1_248' title='bbox 2680 3368 2919 3423; x_wconf 88' lang='lat' dir='ltr'><strong>redictus</strong></span> 
     </span>
     <span class='ocr_line' id='line_1_27' title="bbox 645 3454 2837 3527; baseline -0.001 -15"><span class='ocrx_word' id='word_1_249' title='bbox 645 3458 730 3527; x_wconf 69' lang='grc' dir='ltr'><strong>μ’,</strong></span> <span class='ocrx_word' id='word_1_250' title='bbox 765 3458 947 3513; x_wconf 89' lang='lat' dir='ltr'><strong>aditus</strong></span> <span class='ocrx_word' id='word_1_251' title='bbox 980 3474 1012 3512; x_wconf 80' lang='lat' dir='ltr'><strong>r</strong></span> <span class='ocrx_word' id='word_1_252' title='bbox 1230 3457 1266 3510; x_wconf 88' lang='lat'><strong>5</strong></span> <span class='ocrx_word' id='word_1_253' title='bbox 1299 3472 1404 3511; x_wconf 92' lang='lat' dir='ltr'><strong>non</strong></span> <span class='ocrx_word' id='word_1_254' title='bbox 1439 3455 1622 3525; x_wconf 89' lang='lat' dir='ltr'><strong>pudet,</strong></span> <span class='ocrx_word' id='word_1_255' title='bbox 1658 3457 1879 3524; x_wconf 87' lang='lat' dir='ltr'><strong>inquam</strong></span> <span class='ocrx_word' id='word_1_256' title='bbox 1914 3472 1963 3520; x_wconf 84' lang='lat' dir='ltr'><strong>v,</strong></span> <span class='ocrx_word' id='word_1_257' title='bbox 2001 3454 2222 3523; x_wconf 87' lang='lat' dir='ltr'><strong>inquam</strong></span> <span class='ocrx_word' id='word_1_258' title='bbox 2254 3456 2308 3509; x_wconf 90' lang='lat' dir='ltr'><strong><em>Z</em></strong></span> <span class='ocrx_word' id='word_1_259' title='bbox 2510 3455 2749 3511; x_wconf 87' lang='lat' dir='ltr'><strong>infideles</strong></span> <span class='ocrx_word' id='word_1_260' title='bbox 2783 3456 2837 3509; x_wconf 90' lang='lat' dir='ltr'><em>Z</em></span> 
     </span>
    </p>

    <p class='ocr_par' dir='ltr' id='par_1_7' title="bbox 644 3528 2919 3613">
     <span class='ocr_line' id='line_1_28' title="bbox 644 3528 2919 3613; baseline -0.001 -16"><span class='ocrx_word' id='word_1_261' title='bbox 644 3543 680 3597; x_wconf 88' lang='grc'><strong>6</strong></span> <span class='ocrx_word' id='word_1_262' title='bbox 715 3544 970 3613; x_wconf 87' lang='lat' dir='ltr'><strong>nominis]</strong></span> <span class='ocrx_word' id='word_1_263' title='bbox 1006 3528 1154 3597; x_wconf 81' lang='grc' dir='ltr'><strong>1οἶαο</strong></span> <span class='ocrx_word' id='word_1_264' title='bbox 1189 3542 1241 3597; x_wconf 89' lang='grc' dir='ltr'><em>Ζ</em></span> <span class='ocrx_word' id='word_1_265' title='bbox 1452 3544 1643 3612; x_wconf 85' lang='lat' dir='ltr'><strong>uanas]</strong></span> <span class='ocrx_word' id='word_1_266' title='bbox 1679 3541 1859 3595; x_wconf 87' lang='lat' dir='ltr'><strong>uarias</strong></span> <span class='ocrx_word' id='word_1_267' title='bbox 1894 3542 1940 3595; x_wconf 71' lang='grc' dir='ltr'><strong>τ’</strong></span> <span class='ocrx_word' id='word_1_268' title='bbox 2146 3542 2180 3594; x_wconf 82' lang='grc'>7</span> <span class='ocrx_word' id='word_1_269' title='bbox 2214 3542 2385 3597; x_wconf 80' lang='lat' dir='ltr'><strong>mixta</strong></span> <span class='ocrx_word' id='word_1_270' title='bbox 2417 3542 2473 3597; x_wconf 93' lang='lat' dir='ltr'><strong><em>Z</em></strong></span> <span class='ocrx_word' id='word_1_271' title='bbox 2675 3540 2919 3596; x_wconf 76' lang='lat' dir='ltr'><strong>diuinam</strong></span> 
     </span>
    </p>
   </div>
   <div class='ocr_carea' id='block_1_5' title="bbox 637 3624 2927 4563">
    <p class='ocr_par' dir='ltr' id='par_1_8' title="bbox 637 3624 2927 4563">
     <span class='ocr_line' id='line_1_29' title="bbox 645 3624 2913 3699; baseline 0 -14"><span class='ocrx_word' id='word_1_272' title='bbox 645 3642 746 3695; x_wconf 84' lang='lat' dir='ltr'><strong>om,</strong></span> <span class='ocrx_word' id='word_1_273' title='bbox 783 3646 855 3699; x_wconf 68' lang='grc' dir='ltr'><strong>νμ</strong></span> <span class='ocrx_word' id='word_1_274' title='bbox 993 3630 1054 3687; x_wconf 69' lang='grc'><strong>18</strong></span> <span class='ocrx_word' id='word_1_275' title='bbox 1088 3628 1372 3683; x_wconf 85' lang='lat' dir='ltr'><strong>idolatriae</strong></span> <span class='ocrx_word' id='word_1_276' title='bbox 1407 3628 1527 3697; x_wconf 74' lang='grc' dir='ltr'><strong>Ζνμ</strong></span> <span class='ocrx_word' id='word_1_277' title='bbox 1561 3634 1629 3683; x_wconf 72' lang='lat' dir='ltr'><strong>ut</strong></span> <span class='ocrx_word' id='word_1_278' title='bbox 1660 3642 1874 3697; x_wconf 78' lang='lat' dir='ltr'><strong>semper</strong></span> <span class='ocrx_word' id='word_1_279' title='bbox 2038 3628 2250 3698; x_wconf 86' lang='lat' dir='ltr'><strong>quando</strong></span> <span class='ocrx_word' id='word_1_280' title='bbox 2284 3644 2373 3697; x_wconf 72' lang='grc' dir='ltr'><strong>τμ,</strong></span> <span class='ocrx_word' id='word_1_281' title='bbox 2410 3630 2674 3699; x_wconf 85' lang='lat' dir='ltr'><strong>quomodo</strong></span> <span class='ocrx_word' id='word_1_282' title='bbox 2707 3624 2804 3682; x_wconf 81' lang='grc' dir='ltr'><strong>Ζυ.</strong></span> <span class='ocrx_word' id='word_1_283' title='bbox 2839 3628 2913 3695; x_wconf 76' lang='lat' dir='ltr'><strong>cf.</strong></span> 
     </span>
     <span class='ocr_line' id='line_1_30' title="bbox 637 3715 2920 3785; baseline 0 -17"><span class='ocrx_word' id='word_1_284' title='bbox 637 3732 699 3785; x_wconf 77' lang='lat' dir='ltr'><strong>p.</strong></span> <span class='ocrx_word' id='word_1_285' title='bbox 735 3720 787 3782; x_wconf 87' lang='lat'><strong>6,</strong></span> <span class='ocrx_word' id='word_1_286' title='bbox 811 3720 847 3770; x_wconf 74' lang='lat'><strong><em>4</em></strong></span> <span class='ocrx_word' id='word_1_287' title='bbox 985 3716 1020 3769; x_wconf 87' lang='grc'>9</span> <span class='ocrx_word' id='word_1_288' title='bbox 1043 3715 1354 3769; x_wconf 63' lang='lat' dir='ltr'><strong>christianis</strong></span> <span class='ocrx_word' id='word_1_289' title='bbox 1391 3730 1494 3769; x_wconf 86' lang='lat' dir='ltr'><strong>om.</strong></span> <span class='ocrx_word' id='word_1_290' title='bbox 1517 3716 1598 3783; x_wconf 87' lang='lat' dir='ltr'><strong>Z;</strong></span> <span class='ocrx_word' id='word_1_291' title='bbox 1636 3715 1765 3769; x_wconf 72' lang='lat' dir='ltr'><strong>item</strong></span> <span class='ocrx_word' id='word_1_292' title='bbox 1788 3716 1824 3768; x_wconf 81' lang='lat'><strong>1.</strong></span> <span class='ocrx_word' id='word_1_293' title='bbox 1851 3718 1951 3783; x_wconf 84' lang='lat'><strong>18;</strong></span> <span class='ocrx_word' id='word_1_294' title='bbox 1982 3730 2115 3785; x_wconf 74' lang='lat' dir='ltr'><strong>paq.</strong></span> <span class='ocrx_word' id='word_1_295' title='bbox 2140 3718 2189 3779; x_wconf 88' lang='lat'><strong>5,</strong></span> <span class='ocrx_word' id='word_1_296' title='bbox 2215 3720 2308 3780; x_wconf 77' lang='lat'><strong>103</strong></span> <span class='ocrx_word' id='word_1_297' title='bbox 2342 3718 2393 3782; x_wconf 88' lang='lat'><strong>6,</strong></span> <span class='ocrx_word' id='word_1_298' title='bbox 2417 3719 2517 3785; x_wconf 83' lang='lat'><strong><em>16,-</em></strong></span> <span class='ocrx_word' id='word_1_299' title='bbox 2536 3720 2589 3783; x_wconf 88' lang='lat'><strong>9,</strong></span> <span class='ocrx_word' id='word_1_300' title='bbox 2610 3717 2718 3781; x_wconf 81' lang='lat'><strong><em>20,·</em></strong></span> <span class='ocrx_word' id='word_1_301' title='bbox 2740 3719 2824 3783; x_wconf 87' lang='lat'><strong>11,</strong></span> <span class='ocrx_word' id='word_1_302' title='bbox 2846 3717 2920 3783; x_wconf 78' lang='lat'><strong>2,-</strong></span> 
     </span>
     <span class='ocr_line' id='line_1_31' title="bbox 645 3788 2917 3871; baseline -0.001 -14"><span class='ocrx_word' id='word_1_303' title='bbox 645 3804 732 3867; x_wconf 80' lang='lat'><strong>12,</strong></span> <span class='ocrx_word' id='word_1_304' title='bbox 769 3804 826 3869; x_wconf 82' lang='lat'><strong>2,</strong></span> <span class='ocrx_word' id='word_1_305' title='bbox 859 3805 896 3857; x_wconf 89' lang='lat'><strong><em>9</em></strong></span> <span class='ocrx_word' id='word_1_306' title='bbox 1151 3800 1220 3856; x_wconf 90' lang='grc'><strong>10</strong></span> <span class='ocrx_word' id='word_1_307' title='bbox 1242 3799 1564 3855; x_wconf 86' lang='lat' dir='ltr'><strong>contumelia</strong></span> <span class='ocrx_word' id='word_1_308' title='bbox 1599 3821 1640 3871; x_wconf 81' lang='grc' dir='ltr'>μ</span> <span class='ocrx_word' id='word_1_309' title='bbox 1884 3801 1950 3855; x_wconf 93' lang='grc'><strong>11</strong></span> <span class='ocrx_word' id='word_1_310' title='bbox 1987 3788 2365 3871; x_wconf 61' lang='lat' dir='ltr'><strong>§scriptionem</strong></span> <span class='ocrx_word' id='word_1_311' title='bbox 2396 3802 2450 3855; x_wconf 90' lang='lat' dir='ltr'><strong><em>Z</em></strong></span> <span class='ocrx_word' id='word_1_312' title='bbox 2687 3800 2758 3857; x_wconf 88' lang='grc'><strong>12</strong></span> <span class='ocrx_word' id='word_1_313' title='bbox 2792 3815 2917 3869; x_wconf 90' lang='lat' dir='ltr'><strong>pro-</strong></span> 
     </span>
     <span class='ocr_line' id='line_1_32' title="bbox 646 3886 2915 3958; baseline 0 -17"><span class='ocrx_word' id='word_1_314' title='bbox 646 3887 784 3942; x_wconf 89' lang='lat' dir='ltr'><strong>ferre</strong></span> <span class='ocrx_word' id='word_1_315' title='bbox 818 3889 872 3942; x_wconf 89' lang='lat' dir='ltr'><strong><em>Z</em></strong></span> <span class='ocrx_word' id='word_1_316' title='bbox 1105 3887 1172 3941; x_wconf 82' lang='lat'><strong>13</strong></span> <span class='ocrx_word' id='word_1_317' title='bbox 1208 3888 1446 3956; x_wconf 86' lang='lat' dir='ltr'><strong>alioquin</strong></span> <span class='ocrx_word' id='word_1_318' title='bbox 1482 3888 1560 3958; x_wconf 89' lang='grc'><strong>01]</strong></span> <span class='ocrx_word' id='word_1_319' title='bbox 1597 3888 1839 3957; x_wconf 88' lang='lat' dir='ltr'><strong>alioquin</strong></span> <span class='ocrx_word' id='word_1_320' title='bbox 1874 3907 1931 3957; x_wconf 87' lang='grc' dir='ltr'><strong>μ,</strong></span> <span class='ocrx_word' id='word_1_321' title='bbox 1967 3903 2038 3941; x_wconf 91' lang='lat' dir='ltr'><strong>an</strong></span> <span class='ocrx_word' id='word_1_322' title='bbox 2073 3888 2167 3955; x_wconf 89' lang='lat' dir='ltr'><strong>qui</strong></span> <span class='ocrx_word' id='word_1_323' title='bbox 2201 3887 2295 3941; x_wconf 86' lang='lat' dir='ltr'><strong>net</strong></span> <span class='ocrx_word' id='word_1_324' title='bbox 2328 3888 2379 3941; x_wconf 90' lang='lat' dir='ltr'><em>Z</em></span> <span class='ocrx_word' id='word_1_325' title='bbox 2616 3886 2778 3941; x_wconf 86' lang='lat' dir='ltr'><strong>israel</strong></span> <span class='ocrx_word' id='word_1_326' title='bbox 2812 3902 2915 3949; x_wconf 80' lang='lat' dir='ltr'><strong>om,</strong></span> 
     </span>
     <span class='ocr_line' id='line_1_33' title="bbox 646 3962 2847 4045; baseline -0.001 -17"><span class='ocrx_word' id='word_1_327' title='bbox 646 3990 680 4028; x_wconf 75' lang='lat' dir='ltr'><strong>r</strong></span> <span class='ocrx_word' id='word_1_328' title='bbox 709 3975 775 4028; x_wconf 71' lang='lat' dir='ltr'><strong>‘im</strong></span> <span class='ocrx_word' id='word_1_329' title='bbox 811 3974 1027 4042; x_wconf 72' lang='lat' dir='ltr'><strong>lacuna,</strong></span> <span class='ocrx_word' id='word_1_330' title='bbox 1063 3962 1146 4029; x_wconf 73' lang='lat' dir='ltr'><strong>‘i&#39;hl</strong></span> <span class='ocrx_word' id='word_1_331' title='bbox 1182 3995 1222 4045; x_wconf 87' lang='grc' dir='ltr'>μ</span> <span class='ocrx_word' id='word_1_332' title='bbox 1258 3990 1380 4043; x_wconf 73' lang='lat' dir='ltr'><strong>exp.</strong></span> <span class='ocrx_word' id='word_1_333' title='bbox 1418 3980 1470 4029; x_wconf 82' lang='lat' dir='ltr'><strong>et</strong></span> <span class='ocrx_word' id='word_1_334' title='bbox 1502 3975 1566 4029; x_wconf 69' lang='lat' dir='ltr'><strong>im</strong></span> <span class='ocrx_word' id='word_1_335' title='bbox 1597 3990 1753 4045; x_wconf 64' lang='lat' dir='ltr'><strong>maa-9</strong></span> <span class='ocrx_word' id='word_1_336' title='bbox 1786 3974 1929 4029; x_wconf 77' lang='lat' dir='ltr'><strong>add.-</strong></span> <span class='ocrx_word' id='word_1_337' title='bbox 1973 3973 2133 4027; x_wconf 86' lang='lat' dir='ltr'><strong>israel</strong></span> <span class='ocrx_word' id='word_1_338' title='bbox 2339 3971 2525 4041; x_wconf 80' lang='lat' dir='ltr'><strong>helyas</strong></span> <span class='ocrx_word' id='word_1_339' title='bbox 2554 3966 2611 4038; x_wconf 64' lang='grc' dir='ltr'><strong>η’</strong></span> <span class='ocrx_word' id='word_1_340' title='bbox 2636 3972 2771 4026; x_wconf 84' lang='lat' dir='ltr'><strong>elias</strong></span> <span class='ocrx_word' id='word_1_341' title='bbox 2806 3992 2847 4042; x_wconf 75' lang='grc' dir='ltr'><strong>μ,</strong></span> 
     </span>
     <span class='ocr_line' id='line_1_34' title="bbox 649 4058 2845 4131; baseline -0 -17"><span class='ocrx_word' id='word_1_342' title='bbox 649 4060 866 4115; x_wconf 90' lang='lat' dir='ltr'><strong>archam</strong></span> <span class='ocrx_word' id='word_1_343' title='bbox 899 4076 972 4131; x_wconf 66' lang='lat' dir='ltr'><strong>ry,</strong></span> <span class='ocrx_word' id='word_1_344' title='bbox 1111 4060 1179 4115; x_wconf 87' lang='lat'><strong>14</strong></span> <span class='ocrx_word' id='word_1_345' title='bbox 1211 4060 1438 4114; x_wconf 81' lang='lat' dir='ltr'><strong>nabulae</strong></span> <span class='ocrx_word' id='word_1_346' title='bbox 1473 4076 1700 4129; x_wconf 80' lang='lat' dir='ltr'><strong>cynuras</strong></span> <span class='ocrx_word' id='word_1_347' title='bbox 1733 4060 1795 4125; x_wconf 90' lang='lat' dir='ltr'><strong>Z,</strong></span> <span class='ocrx_word' id='word_1_348' title='bbox 1836 4075 2059 4130; x_wconf 81' lang='lat' dir='ltr'><strong>cynaras</strong></span> <span class='ocrx_word' id='word_1_349' title='bbox 2094 4058 2258 4113; x_wconf 86' lang='lat' dir='ltr'><strong>nabla</strong></span> <span class='ocrx_word' id='word_1_350' title='bbox 2290 4072 2322 4111; x_wconf 80' lang='lat' dir='ltr'><strong>r</strong></span> <span class='ocrx_word' id='word_1_351' title='bbox 2462 4074 2585 4112; x_wconf 86' lang='lat' dir='ltr'><strong>aera</strong></span> <span class='ocrx_word' id='word_1_352' title='bbox 2616 4073 2717 4112; x_wconf 86' lang='lat' dir='ltr'><strong>om.</strong></span> <span class='ocrx_word' id='word_1_353' title='bbox 2753 4059 2845 4126; x_wconf 86' lang='grc' dir='ltr'><strong>Ζμ</strong></span> 
     </span>
     <span class='ocr_line' id='line_1_35' title="bbox 647 4143 2919 4217; baseline -0.001 -16"><span class='ocrx_word' id='word_1_354' title='bbox 647 4150 935 4216; x_wconf 79' lang='lat' dir='ltr'><strong>tympanos</strong></span> <span class='ocrx_word' id='word_1_355' title='bbox 970 4168 1010 4215; x_wconf 83' lang='grc' dir='ltr'>μ</span> <span class='ocrx_word' id='word_1_356' title='bbox 1147 4147 1216 4202; x_wconf 88' lang='grc'><strong>15</strong></span> <span class='ocrx_word' id='word_1_357' title='bbox 1251 4146 1526 4217; x_wconf 87' lang='lat' dir='ltr'><strong>apostolus</strong></span> <span class='ocrx_word' id='word_1_358' title='bbox 1549 4185 1564 4199; x_wconf 89' lang='lat'><strong>.</strong></span> <span class='ocrx_word' id='word_1_359' title='bbox 1593 4188 1604 4200; x_wconf 93' lang='lat'><strong>.</strong></span> <span class='ocrx_word' id='word_1_360' title='bbox 1634 4186 1647 4200; x_wconf 91' lang='lat'><strong>.</strong></span> <span class='ocrx_word' id='word_1_361' title='bbox 1671 4147 1707 4201; x_wconf 78' lang='grc'><strong>1.</strong></span> <span class='ocrx_word' id='word_1_362' title='bbox 1734 4150 1803 4202; x_wconf 84' lang='grc'><strong>17</strong></span> <span class='ocrx_word' id='word_1_363' title='bbox 1836 4145 2075 4215; x_wconf 82' lang='lat' dir='ltr'><strong>praemia</strong></span> <span class='ocrx_word' id='word_1_364' title='bbox 2108 4160 2209 4199; x_wconf 85' lang='lat' dir='ltr'><strong>om.</strong></span> <span class='ocrx_word' id='word_1_365' title='bbox 2245 4160 2280 4197; x_wconf 78' lang='lat' dir='ltr'><strong>r</strong></span> <span class='ocrx_word' id='word_1_366' title='bbox 2436 4144 2513 4214; x_wconf 89' lang='grc'><strong>01]</strong></span> <span class='ocrx_word' id='word_1_367' title='bbox 2550 4143 2919 4199; x_wconf 83' lang='lat' dir='ltr'><strong>dimicationis</strong></span> 
     </span>
     <span class='ocr_line' id='line_1_36' title="bbox 650 4216 2851 4302; baseline -0.001 -15"><span class='ocrx_word' id='word_1_368' title='bbox 650 4234 707 4287; x_wconf 73' lang='lat' dir='ltr'><strong>et</strong></span> <span class='ocrx_word' id='word_1_369' title='bbox 739 4233 790 4286; x_wconf 84' lang='lat' dir='ltr'><strong><em>Z</em></strong></span> <span class='ocrx_word' id='word_1_370' title='bbox 925 4233 991 4287; x_wconf 83' lang='lat'><strong>16</strong></span> <span class='ocrx_word' id='word_1_371' title='bbox 1025 4216 1235 4302; x_wconf 63' lang='lat' dir='ltr'><strong>spffi‘na</strong></span> <span class='ocrx_word' id='word_1_372' title='bbox 1269 4254 1308 4302; x_wconf 78' lang='grc' dir='ltr'>μ</span> <span class='ocrx_word' id='word_1_373' title='bbox 1447 4232 1743 4287; x_wconf 73' lang='lat' dir='ltr'><strong>certamina</strong></span> <span class='ocrx_word' id='word_1_374' title='bbox 1776 4232 1839 4298; x_wconf 82' lang='grc' dir='ltr'><strong>Ζ,</strong></span> <span class='ocrx_word' id='word_1_375' title='bbox 1874 4230 2185 4287; x_wconf 74' lang='lat' dir='ltr'><strong>certaminis</strong></span> <span class='ocrx_word' id='word_1_376' title='bbox 2220 4247 2291 4285; x_wconf 69' lang='lat' dir='ltr'><strong>ex</strong></span> <span class='ocrx_word' id='word_1_377' title='bbox 2325 4232 2592 4286; x_wconf 74' lang='lat' dir='ltr'><strong>certamen</strong></span> <span class='ocrx_word' id='word_1_378' title='bbox 2628 4250 2668 4300; x_wconf 84' lang='grc' dir='ltr'>μ</span> <span class='ocrx_word' id='word_1_379' title='bbox 2702 4246 2775 4287; x_wconf 82' lang='lat' dir='ltr'><strong>m.</strong></span> <span class='ocrx_word' id='word_1_380' title='bbox 2809 4232 2851 4284; x_wconf 79' lang='lat'><em>2</em></span> 
     </span>
     <span class='ocr_line' id='line_1_37' title="bbox 650 4316 2919 4390; baseline -0.003 -16"><span class='ocrx_word' id='word_1_381' title='bbox 650 4335 773 4374; x_wconf 89' lang='lat' dir='ltr'><strong>cum</strong></span> <span class='ocrx_word' id='word_1_382' title='bbox 807 4335 906 4374; x_wconf 86' lang='lat' dir='ltr'><strong>om.</strong></span> <span class='ocrx_word' id='word_1_383' title='bbox 946 4340 985 4390; x_wconf 86' lang='grc' dir='ltr'>μ</span> <span class='ocrx_word' id='word_1_384' title='bbox 1211 4320 1402 4374; x_wconf 87' lang='lat' dir='ltr'><strong>stadiis</strong></span> <span class='ocrx_word' id='word_1_385' title='bbox 1437 4320 1662 4373; x_wconf 86' lang='lat' dir='ltr'><strong>summit</strong></span> <span class='ocrx_word' id='word_1_386' title='bbox 1696 4341 1735 4389; x_wconf 86' lang='grc' dir='ltr'>μ</span> <span class='ocrx_word' id='word_1_387' title='bbox 1961 4319 2029 4373; x_wconf 91' lang='grc'><strong>18</strong></span> <span class='ocrx_word' id='word_1_388' title='bbox 2062 4319 2335 4387; x_wconf 87' lang='lat' dir='ltr'><strong>expectare</strong></span> <span class='ocrx_word' id='word_1_389' title='bbox 2370 4318 2490 4387; x_wconf 74' lang='grc' dir='ltr'><strong>Ζνμ</strong></span> <span class='ocrx_word' id='word_1_390' title='bbox 2707 4316 2775 4370; x_wconf 89' lang='grc'><strong>19</strong></span> <span class='ocrx_word' id='word_1_391' title='bbox 2809 4330 2919 4370; x_wconf 87' lang='grc'><strong>000</strong></span> 
     </span>
     <span class='ocr_line' id='line_1_38' title="bbox 650 4403 2927 4475; baseline -0.001 -16"><span class='ocrx_word' id='word_1_392' title='bbox 650 4405 920 4459; x_wconf 84' lang='lat' dir='ltr'><strong>immerito</strong></span> <span class='ocrx_word' id='word_1_393' title='bbox 957 4422 1057 4461; x_wconf 88' lang='lat' dir='ltr'><strong>om.</strong></span> <span class='ocrx_word' id='word_1_394' title='bbox 1093 4422 1166 4475; x_wconf 61' lang='lat' dir='ltr'><strong>ru</strong></span> <span class='ocrx_word' id='word_1_395' title='bbox 1350 4405 1548 4460; x_wconf 89' lang='lat' dir='ltr'><strong>fuisset</strong></span> <span class='ocrx_word' id='word_1_396' title='bbox 1581 4406 1633 4460; x_wconf 90' lang='lat' dir='ltr'><em>Z</em></span> <span class='ocrx_word' id='word_1_397' title='bbox 1811 4404 1960 4474; x_wconf 89' lang='lat' dir='ltr'><strong>istis]</strong></span> <span class='ocrx_word' id='word_1_398' title='bbox 1996 4404 2148 4459; x_wconf 90' lang='lat' dir='ltr'><strong>nobis</strong></span> <span class='ocrx_word' id='word_1_399' title='bbox 2184 4404 2235 4457; x_wconf 89' lang='lat' dir='ltr'><em>Z</em></span> <span class='ocrx_word' id='word_1_400' title='bbox 2414 4403 2489 4460; x_wconf 82' lang='lat'><strong>22</strong></span> <span class='ocrx_word' id='word_1_401' title='bbox 2522 4404 2927 4473; x_wconf 81' lang='lat' dir='ltr'><strong>expectarentur</strong></span> 
     </span>
     <span class='ocr_line' id='line_1_39' title="bbox 647 4491 1320 4563; baseline -0.004 -14"><span class='ocrx_word' id='word_1_402' title='bbox 647 4492 816 4563; x_wconf 56' lang='grc' dir='ltr'><strong>Ζνμξ</strong></span> <span class='ocrx_word' id='word_1_403' title='bbox 852 4493 1215 4561; x_wconf 85' lang='lat' dir='ltr'><strong>expeterentur</strong></span> <span class='ocrx_word' id='word_1_404' title='bbox 1251 4491 1320 4561; x_wconf 67' lang='grc' dir='ltr'><strong>μ’</strong></span> 
     </span>
    </p>
   </div>
  </div>
 </body>
</html>
