3217 5150
645 535 764 601 192
1573 526 1942 597 Appendix.

536 688 614 748 17
727 690 872 749 Sunt
901 689 1164 763 equidem
1193 690 1564 749 necessitates
1593 688 1759 761 aliae,
1792 705 1937 762 quae
1963 704 2069 748 nos
2090 686 2363 762 priuatim
2390 702 2611 762 quoque
2641 686 2886 747 feminas

638 793 830 853 uidere
861 793 1212 867 conpellant,
1269 794 1368 853 sed
1399 793 1569 853 etiam
1597 791 1757 867 ipsae
1786 790 1969 851 diuini
2012 789 2301 866 praecepti
2360 790 2451 850 uel
2482 790 2670 865 operis
2700 790 2889 863 impe-

635 898 766 956 rant
795 896 1104 956 efficaciam
1119 942 1136 969 ,
1167 900 1234 957 ut
1261 894 1564 955 uisiteinus
1579 940 1596 969 ,
1641 898 1709 955 ιιι
1736 895 1952 955 solacia
1981 894 2349 968 praebeamus
2366 938 2381 967 ,
2414 896 2480 953 ut
2520 894 2887 953 hortamenta

633 999 841 1060 uitalia
869 998 1181 1059 salubriter
1223 1000 1586 1059 intimemus:
1630 1016 1736 1059 nec
1765 1001 1955 1058 tamen
1985 1000 2044 1058 et
2071 997 2133 1056 in
2162 996 2255 1055 his
2286 996 2489 1057 officiis
2516 997 2703 1057 minor
2746 1012 2887 1056 cura

635 1104 880 1179 gerenda
928 1106 1018 1163 est
1045 1120 1147 1177 pro
1199 1100 1450 1162 moribus
1477 1100 1693 1161 nostris
1710 1145 1725 1174 ,
1768 1104 1835 1161 ut
1886 1100 2204 1161 clarescant
2232 1100 2297 1159 in
2324 1102 2527 1160 nostra
2552 1099 2881 1173 operatione
2900 1119 2925 1159 s

521 1204 532 1217 “
629 1205 842 1267 indicia
868 1204 1156 1280 puritatis.
1205 1204 1480 1265 seueritas
1503 1221 1615 1264 non
1644 1204 1797 1263 desit
1840 1220 1987 1277 quae
2016 1204 2124 1263 sub
2154 1202 2358 1264 clerico
2402 1202 2672 1263 feminam
2694 1200 2884 1276 possit

629 1309 984 1382 adstringere
1001 1352 1016 1381 ,
1061 1310 1126 1367 ut
1169 1307 1356 1381 ipsam
1387 1306 1827 1367 consolationem
1856 1308 2109 1366 nostram
2140 1305 2422 1379 suscipiat
2464 1323 2595 1367 cum
2634 1308 2883 1365 tremore

629 1414 688 1471 et
717 1411 803 1471 ita
833 1410 1050 1470 sentiat
1077 1410 1427 1469 uisitationis
1471 1410 1736 1469 affectum
1751 1453 1768 1482 ,
1812 1412 1879 1469 ιιι
1906 1408 2173 1469 clericum
2204 1410 2525 1471 ueneretur.
2558 1428 2627 1471 ac
2652 1426 2729 1469 ne
2758 1412 2880 1469 tar·-

629 1514 758 1575 dius
787 1514 866 1574 sit
895 1514 1130 1587 euagari
1159 1529 1260 1587 per
1287 1510 1516 1587 singula
1530 1556 1546 1585 ,
1605 1515 1791 1571 totum
1820 1512 2089 1587 quicquid
2142 1512 2367 1588 agimus
2396 1514 2699 1573 honestum
2751 1528 2879 1573 esse

629 1622 819 1693 potest
836 1663 850 1691 ,
909 1617 964 1677 si
993 1632 1216 1691 semper
1265 1618 1328 1675 in
1379 1614 1542 1677 nobis
1571 1616 1740 1689 signa
1772 1616 2088 1676 honestatis
2118 1616 2417 1689 eluceant,
2476 1616 2628 1677 sicut
2657 1616 2879 1675 Paulus
2900 1632 2953 1672 ιο

631 1721 920 1797 apostolus
951 1720 1218 1779 uniuersa
1247 1718 1573 1793 complexus
1603 1722 1692 1779 est
1734 1720 1965 1780 dicens:
2012 1721 2247 1780 omnia
2274 1722 2535 1781 uestra
2576 1720 2881 1780 honeste

627 1824 851 1885 fiant.
897 1826 956 1884 et
985 1824 1210 1894 iterum,
1241 1823 1440 1883 sicut
1467 1824 2017 1898 praecepimus,
2060 1823 2270 1898 inquit,
2301 1822 2537 1897 uobis,
2568 1824 2881 1884 honeste

630 1925 1054 1987 ambuletis.
1099 1943 1214 1985 non
1242 1926 1388 1985 bene
1419 1926 1673 1987 succedit
1700 1926 1971 2002 quicquid
2000 1925 2193 2001 agitur
2220 1926 2435 2001 passim
2450 1970 2467 1999 ,
2526 1928 2585 1985 et
2614 1928 2879 1987 sanctum

626 2046 740 2089 non
770 2032 860 2089 est
887 2031 1036 2103 quod
1058 2030 1278 2104 geritur
1307 2032 1584 2102 sanctum,
1616 2030 1731 2089 nisi
1754 2032 1951 2091 sancte
1980 2032 2129 2105 quod
2152 2032 2411 2091 sanctum
2436 2033 2527 2089 est
2546 2032 2880 2105 peragatur,

625 2132 774 2193 sicut
827 2132 1088 2193 Salomon
1145 2133 1360 2192 adserit
1417 2128 1643 2193 dicens:
1720 2134 1843 2208 qui
1898 2134 2080 2195 enim
2126 2133 2629 2194 custodierint
2671 2133 2949 2193 iusteis

626 2238 828 2297 iusta
869 2236 1517 2297 iustificabuntur.
1565 2238 1865 2298 sinceriter
1908 2255 2043 2313 ergo
2094 2238 2396 2297 sinceritas
2442 2238 2569 2311 ipsa
2596 2237 2879 2297 seruanda

627 2341 717 2399 est
745 2342 804 2399 et
833 2356 996 2399 omne
1027 2340 1177 2413 quod
1211 2340 1334 2400 uoti
1382 2344 1474 2401 est
1523 2341 1699 2400 etiam
1748 2341 1809 2401 in
1838 2344 1973 2401 actu
2024 2341 2365 2415 signandum
2381 2385 2398 2414 ,
2444 2356 2520 2400 ne
2548 2340 2710 2399 aliud
2740 2342 2877 2401 uota

627 2443 1021 2503 commendent
1051 2446 1110 2503 et
1159 2444 1318 2504 aliud
1345 2447 1510 2503 actus
1539 2444 1851 2505 insinuent.
1898 2444 2145 2518 undique
2176 2443 2469 2517 probanda
2496 2447 2557 2503 et
2584 2443 2877 2505 institutio

627 2546 941 2607 uoluntatis
973 2549 1031 2607 et
1055 2546 1304 2622 undique
1335 2548 1809 2608 consummandus
1850 2549 1941 2608 est
1985 2564 2185 2608 cursus
2215 2546 2657 2623 uniuscuiusque
2686 2550 2875 2608 certa-

625 2650 815 2723 minis,
846 2667 920 2709 ne
940 2651 1128 2710 minus
1157 2651 1236 2710 sit
1265 2651 1485 2726 aliquid
1511 2652 1584 2710 ad
1614 2651 1983 2724 triumphum,
2036 2651 2089 2710 si
2130 2669 2245 2710 non
2286 2650 2513 2725 plenius
2552 2651 2875 2711 dimicetur.
2896 2669 2953 2710 ιο

625 2753 760 2813 hinc
789 2754 1006 2813 Paulus
1035 2753 1330 2827 apostolus
1359 2753 1671 2813 introducit
1700 2755 2037 2814 documenta
2064 2756 2469 2815 certaminum:
2502 2755 2623 2814 sed
2652 2756 2726 2814 et
2756 2754 2885 2828 qui

628 2857 702 2914 in
743 2871 1002 2931 agone,
1033 2856 1244 2930 inquit,
1275 2859 1557 2928 certat,
1602 2874 1741 2916 non
1782 2858 2304 2929 coronabitur,
2350 2857 2507 2916 nisi
2532 2856 2881 2930 legitime

633 2959 1058 3020 certauerit.
1141 2961 1200 3018 et
1273 2959 1510 3032 iterum,
1578 2959 1925 3033 nescitis,
1970 2960 2189 3036 inquit,
2258 2961 2593 3034 quoniam
2636 2959 2762 3035 qui
2808 2960 2881 3019 in

628 3062 875 3123 stadio
920 3064 1225 3122 currunt
1269 3077 1510 3121 omnes
1553 3062 1847 3137 quidem
1890 3066 2229 3136 currunt,
2285 3062 2409 3123 sed
2448 3081 2639 3123 unus
2690 3062 2879 3123 acci-

625 3165 737 3240 pit
800 3165 1160 3224 brauium.
1241 3164 1348 3224 sic
1415 3166 1725 3239 currite,
1792 3168 1867 3226 ut
1932 3166 2573 3241 conprehendatis.
2640 3167 2949 3229 omnies-⁷·

627 3271 862 3328 autem
906 3267 1028 3341 qui
1071 3268 1144 3326 in
1189 3284 1428 3343 agone
1483 3269 1873 3328 contendit
1934 3270 2021 3328 ab
2086 3269 2421 3330 omnibns
2489 3269 2881 3330 continens

627 3373 768 3432 est:
835 3372 904 3431 et
945 3370 1070 3430 illi
1114 3371 1402 3446 quidem
1465 3375 1545 3430 nt
1589 3372 2163 3446 corruptibilem
2208 3389 2553 3433 coronam
2596 3373 2875 3446 accipi·

623 3477 778 3547 ant,
824 3491 948 3534 nos
993 3475 1232 3534 autem
1299 3475 1815 3549 incorruptam.
1880 3475 2177 3549 plenitudo
2222 3479 2313 3536 est
2366 3493 2501 3552 ergo
2546 3475 2877 3536 sanctitatis

759 3712 826 3766 11
860 3711 890 3765 1
925 3709 1040 3765 Cor.
1081 3711 1164 3776 14,
1197 3709 1282 3764 40.
1567 3711 1635 3765 12
1668 3711 1697 3764 I
1734 3709 1915 3764 Thess.
1953 3712 2004 3775 4,
2040 3711 2123 3766 12.
2352 3731 2361 3736 ·
2437 3711 2504 3765 15
2538 3710 2661 3780 Sap.
2698 3711 2751 3776 6,
2790 3714 2873 3766 11.

618 3797 687 3852 21
721 3797 752 3852 1
787 3798 924 3852 Tim.
959 3797 1010 3863 2,
1048 3797 1101 3852 5.
1310 3796 1381 3850 23
1414 3797 1443 3850 I
1481 3795 1598 3854 Cor.
1636 3798 1685 3863 9,
1722 3797 1805 3852 24.
1843 3797 1927 3852 25.

759 4023 790 4076 1
825 4036 1036 4091 quoque
1070 4021 1332 4093 priuatim
1367 4039 1400 4078 v
1662 4021 1698 4075 2
1732 4021 2000 4090 conpellat
2042 4021 2109 4076 0¹
2386 4020 2561 4090 operis
2596 4020 2688 4074 uel
2720 4035 2872 4089 prae·

619 4108 762 4179 cepti
795 4125 830 4164 v
975 4109 1207 4178 imperat
1251 4107 1298 4163 Ο
1439 4107 1474 4161 5
1509 4105 1743 4176 gerenda
1786 4107 1843 4172 0,
1880 4105 2087 4176 agenda
2119 4123 2153 4162 v
2309 4107 2345 4162 6
2380 4107 2687 4162 seueritatis
2732 4107 2802 4162 0¹

616 4197 652 4250 8
685 4211 754 4250 ne
787 4210 857 4250 ex
889 4211 988 4249 nec
1023 4194 1072 4250 0
1252 4195 1286 4249 9
1319 4209 1546 4263 euagare
1587 4193 1659 4249 0¹
1842 4193 1907 4246 11
1942 4193 2172 4248 honesta
2206 4192 2253 4248 0
2444 4193 2510 4246 12
2543 4195 2609 4246 ut
2642 4193 2867 4248 honeste

624 4281 728 4338 0²0
888 4281 957 4335 15
991 4280 1308 4336 custodierit
1351 4280 1422 4336 0¹
1618 4279 1683 4332 17
1720 4281 1871 4334 actus
1908 4278 1977 4334 0²
2160 4278 2229 4333 22
2264 4279 2371 4332 nisi
2414 4277 2473 4344 Ο,
2507 4277 2615 4332 nisi
2638 4277 2735 4346 qui
2768 4295 2804 4333 v

615 4369 684 4424 26
719 4371 902 4423 autem
945 4368 1004 4434 Ο,
1040 4367 1186 4422 enim
1219 4383 1254 4422 v
1410 4367 1687 4422 continens
1722 4367 1807 4420 est
1842 4365 1900 4432 0,
1935 4382 1991 4421 se
2027 4365 2263 4420 abstinet
2299 4381 2332 4420 v
2364 4395 2383 4408 ·
2492 4363 2559 4418 27
2594 4363 2693 4418 ille
2728 4363 2801 4420 Οι

615 4455 686 4510 28
720 4469 816 4509 nos
863 4453 922 4520 Ο,
955 4469 1050 4508 nos
1083 4470 1118 4509 υ
