3217 5150
672 529 753 593 74
1605 522 1975 594 Appendix.

669 684 902 758 ferrent,
965 687 1233 759 quoniam
1286 686 1379 745 uel
1436 683 1538 746 illo
1603 683 1907 744 interuallo
1968 684 2236 759 temporis
2293 682 2503 758 aliquis
2564 699 2759 744 eorum
2806 700 2922 744 non

677 788 919 862 adeptus
947 788 1212 862 spiritum
1243 791 1500 848 sanctum
1535 791 1717 848 morte
1744 786 1933 860 potuit
1960 786 2237 866 intercipi⁸
2250 788 2315 846 et
2341 785 2709 847 defraudatus
2730 787 2927 860 gratia

675 889 913 965 spiritus
943 891 1126 951 sancti
1155 890 1406 966 defungi.
1451 891 1602 965 quod
1632 889 1905 950 hodierna
1934 906 2157 964 quoque
2187 889 2279 949 die
2308 906 2421 950 non
2448 891 2639 963 potest
2664 889 2921 950 dubitari

675 1011 800 1056 esse
829 995 1104 1054 usitatum
1133 997 1192 1055 et
1221 994 1446 1054 euenire
1473 994 1707 1054 solitum
1736 995 1801 1052 ut
1830 991 2087 1067 plerique
2116 994 2247 1068 post
2274 992 2559 1067 baptisma
2580 992 2705 1053 sine
2732 993 2919 1068 impo-

673 1098 882 1160 sitione
934 1115 1134 1158 manus
1181 1097 1432 1173 episcopi
1483 1097 1554 1157 de
1607 1097 1833 1157 saeculo
1877 1099 2101 1170 exeant,
2156 1099 2215 1156 et
2264 1097 2455 1156 tumen
2498 1112 2601 1170 pro
2644 1095 2919 1170 perfectis
2938 1115 2966 1153 s

669 1199 934 1261 fidelibus
963 1201 1260 1261 habentur.
1313 1200 1481 1260 sicuti
1521 1199 1801 1274 Aethiops
1832 1199 2124 1260 eunuchus
2164 1217 2291 1260 cum
2330 1199 2545 1260 rediret
2590 1199 2665 1258 ab
2703 1198 2921 1260 Hieru-

595 1329 606 1342 ·
673 1302 848 1364 salem
877 1306 935 1364 et
975 1302 1191 1378 legeret
1230 1303 1564 1378 prophetam
1594 1301 1825 1362 Esaiam
1851 1304 1914 1362 et
1958 1302 2269 1363 haesitaret
2316 1305 2659 1376 suggerente
2707 1301 2919 1377 spiritu

674 1408 870 1467 audita
913 1407 1158 1467 ueritate
1186 1423 1222 1466 a
1249 1405 1518 1486 Phiiippo
1559 1406 1795 1466 diacono
1840 1405 2081 1464 credidit
2108 1407 2169 1465 et
2198 1404 2523 1478 baptizatus
2546 1407 2657 1478 est,
2700 1407 2761 1465 et
2788 1421 2917 1466 eum

671 1512 1020 1572 ascendisset
1048 1512 1118 1570 de
1159 1527 1326 1584 aqua,
1369 1509 1610 1584 spiritus
1636 1509 1863 1568 Domini
1900 1508 2093 1584 rapuit
2133 1508 2485 1583 Philippum,
2526 1511 2587 1568 et
2614 1525 2729 1568 non
2768 1507 2918 1571 uidit

671 1631 800 1675 eum
838 1614 952 1674 iam
991 1632 1141 1674 nunc
1184 1611 1432 1687 amplius
1471 1613 1791 1673 eunuchus:
1848 1612 2047 1672 abibat
2074 1612 2225 1672 euim
2252 1611 2407 1671 uiam
2434 1628 2597 1672 suam
2636 1613 2913 1686 gaudeus.
2939 1633 2997 1672 ιο

669 1733 1030 1792 quamquam,
1071 1720 1139 1776 ut
1179 1716 1610 1789 animaduertis,
1653 1715 1921 1789 imposita
1958 1715 2017 1776 ei
2039 1731 2242 1774 manus
2270 1730 2383 1774 non
2412 1715 2502 1774 est
2528 1715 2603 1774 ab
2632 1715 2915 1790 episcopo,

665 1823 734 1880 ut
763 1819 1028 1894 spiritum
1071 1821 1330 1879 sanctum
1371 1818 1669 1893 acciperet.
1724 1817 1877 1893 quod
1904 1817 1957 1876 si
1984 1818 2093 1877 hoc
2120 1816 2377 1878 admittis
2420 1820 2479 1878 et
2508 1817 2761 1878 salutare
2790 1833 2917 1878 esse

575 1939 578 1942 ’
675 1911 858 1983 credis
889 1939 992 1983 nec
1023 1921 1276 1997 opinioni
1297 1922 1546 1982 omnium
1571 1921 1827 1982 fidelium
1849 1919 2179 1996 refragaris,
2210 1935 2443 1982 necesse
2462 1923 2553 1982 est
2573 1920 2917 1996 confitearis,

665 2025 902 2101 proinde
945 2028 1135 2086 autem
1175 2028 1346 2100 atque
1385 2025 1496 2085 hoc
1535 2024 1713 2084 latius
1760 2025 2013 2084 tractatu
2054 2023 2329 2098 procedit,
2376 2023 2551 2084 etiam
2580 2022 2726 2083 illud
2754 2023 2917 2084 aliud

668 2128 844 2188 latius
895 2145 1064 2202 posse
1115 2129 1441 2202 consistere,
1504 2127 1565 2187 id
1609 2129 1701 2186 est
1750 2129 1819 2187 ut
1858 2143 1961 2202 per
2012 2127 2193 2188 solam
2240 2143 2443 2186 manus
2492 2125 2914 2200 impositionem
2936 2147 2991 2186 ιε

667 2231 936 2307 episcopi,
985 2233 1121 2306 quia
1163 2231 1448 2306 baptisma
1487 2231 1548 2289 in
1587 2230 1812 2290 nomine
1854 2231 1986 2290 Iesu
2028 2229 2243 2290 Christi
2286 2228 2512 2290 Domini
2538 2229 2719 2288 nostri
2748 2245 2914 2303 prae·

667 2335 857 2408 cessit,
909 2335 1094 2409 possit
1143 2334 1256 2394 alio
1309 2334 1524 2394 homini
1571 2332 1887 2410 paenitenti
1936 2336 2107 2406 atque
2155 2333 2406 2392 credenti
2456 2333 2631 2392 etiam
2677 2331 2917 2406 spiritus

669 2441 899 2498 sanctus
929 2437 1128 2511 tribui,
1160 2438 1427 2511 quoniam
1457 2453 1552 2497 eos
1582 2437 1681 2512 qui
1712 2437 1773 2496 in
1802 2435 2093 2496 Christum
2122 2435 2395 2496 credituri
2416 2436 2607 2496 essent
2628 2434 2916 2509 scriptura

675 2543 872 2601 sancta
900 2541 1188 2616 praedixit
1215 2545 1474 2616 oportere
1503 2540 1564 2600 in
1595 2540 1803 2616 spiritu
1830 2538 2129 2614 baptizari,
2162 2538 2247 2599 ita
2276 2540 2343 2600 ut
2370 2541 2431 2601 et
2457 2539 2522 2598 hi
2550 2555 2775 2613 quoque
2799 2554 2912 2599 non

665 2644 970 2705 uideantur
998 2646 1186 2705 minus
1217 2644 1436 2719 aliquid
1465 2645 1677 2705 habere
1708 2662 1875 2719 quam
1906 2644 1997 2704 illi
2024 2643 2124 2718 qui
2153 2642 2393 2717 perfecti
2422 2644 2559 2703 sunt
2584 2642 2904 2714 christiani,
2928 2660 2989 2701 20

663 2763 770 2808 nec
813 2764 1050 2808 necesse
1091 2749 1170 2808 sit
1212 2747 1408 2822 quaeri
1449 2747 1621 2822 quale
1664 2748 1810 2807 illud
1848 2747 2129 2821 baptisma
2172 2744 2349 2806 fuerit
2388 2744 2537 2820 quod
2580 2744 2643 2804 in
2688 2745 2911 2805 nomine

666 2852 798 2910 Iesu
829 2850 1041 2911 Christi
1083 2853 1219 2911 sunt
1269 2850 1574 2911 consecuti.
1623 2850 1737 2910 nisi
1764 2850 1913 2911 forte
1942 2849 2005 2908 in
2032 2850 2135 2909 illo
2184 2866 2409 2924 quoque
2438 2846 2727 2922 superiore
2758 2850 2910 2909 trac-

663 2956 792 3014 tatu
841 2954 992 3015 circa
1035 2970 1131 3014 eos
1171 2954 1272 3028 qui
1323 2956 1546 3015 tantum
1597 2954 1761 3014 modo
1818 2953 1879 3011 in
1922 2952 2151 3013 nomine
2194 2952 2409 3011 Christi
2453 2952 2587 3011 Iesu
2636 2950 2911 3027 baptizati

662 3056 875 3117 fuerint
921 3058 1146 3117 statuas
1185 3058 1359 3117 etiam
1389 3058 1512 3117 sine
1541 3056 1751 3131 spiritu
1778 3058 1977 3117 sancto
2004 3072 2183 3130 posse.
2202 3055 2396 3115 saluos
2424 3054 2567 3127 fieri,
2598 3058 2637 3129 †
2666 3057 2767 3129 aut
2798 3071 2910 3115 non

662 3160 771 3219 hac
823 3160 946 3219 sola
993 3161 1233 3235 ratione,
1286 3161 1389 3221 sed
1433 3161 1484 3219 si
1523 3176 1627 3235 per
1668 3176 1869 3219 manns
1914 3158 2337 3233 impositionem
2367 3158 2617 3233 episcopi
2646 3157 2910 3233 spiritum
2928 3178 2989 3217 85

667 3266 926 3323 sanctum
958 3280 1262 3325 consuesse
1302 3264 1585 3339 praestari
1630 3265 1731 3323 aut
1758 3263 1933 3323 etiam
1964 3280 2078 3323 non
2110 3262 2433 3337 episcopum
2460 3262 2619 3323 dieas
2646 3260 2911 3337 spiritum

663 3368 921 3426 sanctum
952 3367 1183 3427 solitum
1213 3382 1337 3427 esse
1367 3366 1587 3442 largiri.

605 3476 642 3534 5
747 3470 910 3540 Quod
954 3470 1004 3529 si
1045 3470 1130 3531 ita
1171 3474 1260 3531 est
1289 3474 1349 3531 et
1388 3474 1578 3547 potest
1627 3472 1845 3545 aliquid
1890 3472 2091 3532 horum
2134 3472 2401 3533 eueniens
2428 3470 2671 3532 salutem
2698 3472 2913 3532 homini

662 3572 917 3633 credenti
948 3590 1061 3634 non
1089 3575 1429 3649 praeripere,
1459 3577 1527 3635 tu
1558 3591 1781 3649 quoque
1809 3576 1933 3649 ipse
1960 3575 2165 3635 annuis
2196 3573 2459 3650 quoniam
2488 3574 2649 3635 modo
2682 3574 2909 3635 dimidi-

661 3678 819 3736 atum
867 3679 928 3737 et
983 3693 1095 3736 non
1143 3679 1210 3735 ut
1261 3677 1553 3737 contendis
1605 3680 2053 3739 consummatum
2104 3678 2437 3754 mysterium
2484 3677 2637 3750 fidei,
2688 3677 2748 3735 ei
2794 3694 2911 3752 qna
2928 3696 2991 3737 so

667 3779 980 3841 necessitas
1021 3780 1352 3854 interuenit,
1395 3782 1639 3841 salutem
1686 3780 1935 3841 adimere
1975 3798 2087 3841 non
2134 3796 2301 3856 posse
2340 3780 2595 3841 credenti
2622 3783 2683 3841 et
2710 3782 2909 3855 paeni·

801 4101 831 4154 1
859 4101 1110 4169 quoniam
1134 4100 1222 4155 uel
1244 4102 1457 4171 scripsi,
1480 4101 1570 4156 uel
1594 4101 1844 4170 quoniam
1868 4100 2000 4166 cod„
2024 4102 2279 4171 qnoniam
2303 4101 2431 4173 1259.
2522 4102 2695 4171 aliqui
2718 4101 2840 4173 Ray.

662 4187 726 4240 11
775 4202 1098 4256 quamquam
1143 4189 1284 4242 coni.
1331 4188 1514 4243 nescio
1559 4187 1700 4257 quis,
1746 4188 1995 4255 quoniam
2040 4188 2157 4243 eod.
2192 4194 2243 4244 et
2276 4204 2309 4243 v
2582 4189 2651 4243 21
2694 4188 2808 4259 nec]
2844 4205 2910 4245 ne

659 4272 779 4344 Ray.
1025 4274 1094 4327 27
1131 4274 1302 4328 solum
1339 4272 1459 4345 Ray.
1708 4272 1777 4327 29
1814 4274 2064 4341 quoniam
2096 4274 2272 4345 modo]
2310 4289 2543 4344 quonam
2576 4276 2734 4331 modo
2768 4277 2909 4332 coni.
2940 4334 2947 4339 ,

667 4357 1028 4425 Gallandius3
1083 4376 1188 4414 non
1223 4359 1377 4413 modo
1422 4357 1765 4414 dimidiatum
1800 4362 1863 4413 ut
1898 4360 2171 4415 contendis
2206 4360 2301 4415 sed
2335 4364 2733 4417 consummatur
2767 4364 2907 4417 coni.

657 4446 834 4501 nescio
858 4447 994 4515 quie,
1021 4444 1116 4500 sed
1139 4446 1280 4501 nihil
1302 4444 1659 4513 mummium,-
1683 4444 1753 4510 οἵ.
1784 4448 1945 4517 Cypr.
1968 4448 2119 4516 epist.
2137 4462 2196 4515 p.
2218 4450 2335 4512 536,
2353 4452 2423 4503 12
2558 4448 2629 4503 30
2652 4448 2699 4501 si
2714 4447 2913 4503 addidi
