3217 5150
755 553 927 602 LXIV

758 689 923 773 quod
944 690 1133 769 etiam
1149 692 1215 756 in
1233 691 1542 774 proximas
1564 691 1718 757 duas
1743 691 1828 776 (X
1841 695 1906 758 et
1927 693 2046 775 XI)
2073 695 2516 762 Orationes
2538 694 2730 770 cadit,
2757 711 3036 776 quarum

756 803 1022 886 priorem
1053 803 1133 868 ad
1163 801 1437 870 codicem
1459 803 1531 883 Τ,
1562 805 1826 870 alteram
1857 806 1934 870 ad
1965 809 2466 874 uetustissimum
2495 806 2926 872 Veronensem
2949 805 3032 882 X,

760 913 821 980 8.
852 931 1006 980 saec.
1038 915 1197 980 VIII
1235 914 1369 1001 (Y),
1418 917 1525 998 qui
1566 916 1733 981 inter
1763 917 2106 1002 Augustini
2149 919 2379 1002 scripta
2421 937 2558 984 eam
2599 917 2706 983 fol.
2757 917 2886 982 151
2935 935 3026 999 sq.

759 1025 1005 1092 exhibet
1033 1026 1138 1110 (cf.
1165 1027 1656 1092 Reifferscheidii
1679 1026 1854 1092 Bibl.
1884 1046 1943 1111 p.
1978 1027 2110 1114 21),
2144 1031 2336 1114 exegi.
2374 1068 2455 1079 -
2484 1029 2611 1095 XII
2641 1033 2779 1097 De
2810 1033 3032 1097 duo-

759 1141 1035 1208 decim
1062 1141 1448 1207 abu-simis
1476 1143 1796 1208 saccum
1823 1141 2128 1208 tractatus
2157 1141 2458 1227 Cypriane
2489 1145 2848 1228 Augustino
2877 1142 3024 1209 Ori-

759 1253 903 1339 geni
932 1253 999 1318 in
1028 1252 1361 1332 codicibus,
1403 1253 1638 1319 Erardo
1679 1252 1929 1320 cuidam
1969 1254 2219 1339 propter
2247 1254 2656 1338 marginalem
2685 1254 2838 1320 libri
2871 1273 3028 1321 mss,

756 1365 1224 1448 inscriptionem
1245 1385 1283 1431 a
1302 1365 1600 1446 Pamelio,
1633 1365 1693 1432 S.
1717 1365 1992 1432 Patricio
2014 1365 2432 1434 Hibernorum
2459 1368 2738 1452 apostolo
2769 1367 2928 1450 quia
2955 1369 3026 1433 in

754 1477 1046 1563 linguam
1070 1477 1421 1563 Anglorum
1452 1478 1730 1543 ueterem
1759 1477 2106 1544 translatus
2127 1477 2552 1544 Homiliarum
2576 1477 3030 1544 Saxonicarum

764 1589 1099 1672 exemplari
1148 1591 1501 1656 asseruatur
1550 1590 1628 1655 ab
1675 1589 1904 1675 Anglis
1955 1591 2304 1674 adscriptus
2356 1591 2566 1656 nullas
2613 1590 3034 1673 antiquitatis

762 1705 940 1769 notas
970 1723 1116 1786 prae
1138 1722 1204 1770 se
1227 1701 1366 1768 fert.
1398 1721 1469 1768 ex
1492 1703 1833 1769 innumeris
1857 1703 1990 1768 eius
2013 1703 2328 1769 codicibus
2356 1704 2485 1768 tres
2515 1702 2680 1787 elegi
2709 1703 3030 1768 uetustio—

767 1832 866 1880 res
882 1813 1348 1899 Sangallensem
1370 1815 1453 1881 89
1477 1834 1634 1881 saec.
1656 1815 1748 1880 IX
1773 1813 1910 1902 (G),
1941 1815 2355 1881 Parisiensem
2383 1813 2591 1880 18095
2617 1815 2804 1898 (olim
2824 1814 3035 1880 Notre

768 1927 970 1994 Dame
1008 1928 1160 2008 228)
1200 1945 1357 1992 saec.
1387 1926 1447 1990 X
1478 1925 1614 2013 (X),
1655 1926 2189 1994 vindobonensem
2229 1927 2400 1992 1010
2428 1945 2586 1992 saec.
2617 1925 2710 1991 XI
2743 1925 2890 2013 (V).
2943 1926 3036 1992 G¹

770 2041 834 2106 et
860 2040 921 2105 X
950 2039 1225 2106 diuersas
1256 2039 1651 2122 recensioneS‚
1695 2037 1784 2105 (3²
1813 2040 1877 2104 et
1905 2038 1964 2104 V
1995 2059 2067 2104 ex
2096 2041 2358 2122 utraque
2385 2039 2670 2118 mixtam,
2713 2038 2935 2122 qualis
2967 2040 3034 2103 in

766 2152 1209 2218 recentioribus
1250 2151 1431 2216 libris
1462 2153 1557 2217 est
1584 2150 2104 2234 frequentissima,
2145 2151 2499 2216 ostendunt.
2547 2149 2626 2215 ad
2657 2149 2747 2216 G¹
2777 2151 3036 2216 textum

768 2265 1079 2331 constitui.
1114 2301 1199 2312 -
1226 2263 1388 2328 XIII
1419 2267 1552 2331 De
1580 2267 2180 2348 emautur-itate
2211 2265 2716 2332 clericorum
2757 2281 3037 2346 opuscu-

766 2379 902 2444 lum
947 2377 1025 2442 ad
1075 2378 1344 2443 codicem
1376 2377 1789 2444 Parisiensem
1824 2379 2028 2444 13331
2077 2379 2230 2443 olim
2261 2377 2861 2463 Sangermanensem
2899 2377 3034 2443 839

768 2507 921 2556 saec.
953 2487 1045 2553 Π
1079 2487 1203 2579 (O),
1236 2491 1344 2572 qui
1372 2509 1410 2556 a
1437 2489 1756 2572 scriptoris
1787 2492 1992 2556 aetate
2023 2507 2144 2554 non
2171 2492 2449 2555 multum
2483 2488 2714 2556 distare
2743 2488 3034 2568 uidetur,

770 2602 1113 2669 emendaui.
1156 2603 1430 2669 ceterum
1458 2602 1842 2669 Parisienses
1871 2602 1939 2685 ip
1975 2606 2038 2668 et
2069 2601 2604 2668 vindobonensem
2651 2600 2826 2665 1064
2869 2620 3034 2667 saec.

767 2712 948 2795 XIII,
977 2714 1045 2780 in
1074 2733 1194 2798 quo
1224 2714 1329 2779 fol.
1361 2715 1474 2779 42·
1496 2712 1749 2798 Origeni
1781 2714 2165 2799 adsignatur,
2197 2714 2456 2798 inspexi.
2489 2714 2596 2779 sod
2625 2731 2850 2796 operae
2883 2734 3032 2799 pre-

766 2826 931 2891 tium
990 2846 1113 2891 non
1170 2825 1503 2891 uidebatur
1570 2826 1987 2907 discrepantes
2045 2826 2342 2891 lectiones
2397 2844 2630 2904 eorum,
2703 2825 2818 2907 qui
2879 2846 3034 2910 prae

766 2938 1105 3005 Parisiensi
1144 2939 1384 3003 nullam
1427 2938 1710 3003 obtinent
1751 2938 2210 3015 auctoritatem,
2253 2937 2512 3004 adicere.
2556 2974 2644 2984 --
2671 2938 3034 3003 tractatum

766 3050 918 3116 XIV
966 3055 1101 3117 Dc
1159 3052 1489 3132 duplici
1543 3052 1967 3132 martyrio
2023 3044 2109 3115 ‘in
2159 3048 2590 3114 uetustissima
2639 3046 3038 3114 bibliotheca

767 3152 1101 3248 repertum’
1128 3164 1427 3230 Erasmus
1454 3162 1747 3249 Cypriani
1775 3163 2061 3247 operibus
2091 3181 2146 3227 a.
2183 3162 2350 3227 1530
2377 3160 2624 3243 adiecit,
2657 3178 2786 3226 non
2815 3179 2856 3225 a
2885 3178 3037 3242 per-

768 3278 983 3343 sonato
1049 3277 1322 3359 quodam
1380 3276 1618 3342 Isidoro
1685 3294 1826 3340 eum
1885 3274 2232 3358 profectum
2291 3291 2421 3338 esse
2475 3271 2843 3351 arbitratae,
2925 3273 3036 3338 sed

768 3410 803 3455 a
834 3390 1139 3475 Cypriane
1169 3390 1322 3473 ipso.
1368 3390 1601 3455 indicia
1631 3407 1775 3453 uero
1805 3386 2347 3470 Pseudocypriani,
2380 3384 2487 3467 qui
2515 3384 3036 3466 persecutionum

763 3502 1137 3568 Diocletiani
1162 3503 1224 3567 et
1244 3500 1572 3567 Maximini
1597 3498 1907 3585 (231‚26)‚
1934 3496 2210 3564 Caesaris
2236 3496 2698 3577 Turcarumque
2725 3494 3032 3582 (23829)

766 3614 1143 3681 mentionem
1188 3612 1397 3691 faciat,
1446 3632 1589 3677 cum
1631 3610 2060 3677 manifestiora
2099 3610 2225 3675 sint
2266 3626 2452 3691 quam
2495 3626 2652 3691 quae
2681 3608 3032 3673 Erasmum

766 3725 979 3809 fugere
1021 3726 1354 3809 potuerint,
1402 3724 1605 3791 nescio
1651 3742 1849 3789 annon
1877 3724 2010 3787 iure
2039 3720 2308 3788 Grauius
2341 3723 2403 3786 et
2432 3720 2544 3785 alii
2571 3720 2786 3803 ipsum
2817 3718 3034 3785 libelli

765 3837 1175 3904 subiectorem
1232 3857 1365 3904 esse
1422 3836 1551 3904 sint
1609 3834 1929 3918 suspicati.
1989 3836 2156 3899 certe
2207 3832 2440 3897 nemini
2489 3833 2631 3915 post
2681 3832 3032 3896 Erasmum

764 3950 999 4015 librum
1040 3968 1189 4015 mss,
1234 3950 1443 4014 uidere
1485 3948 1769 4033 contigit.
1811 3986 1897 3994 —
1932 3944 2051 4010 XV
2091 3947 2471 4011 Paschae
2515 3944 3036 4023 computum

766 4082 911 4127 cum
952 4061 1130 4127 nouis
1174 4060 1501 4145 praesidiis
1529 4062 1722 4126 nullis
1754 4060 2078 4125 emendare
2107 4077 2371 4142 possem,
2418 4075 2490 4149 ⁰¹.
2519 4056 2860 4123 Oxoniensi
2889 4056 3032 4121 edi-

763 4176 928 4241 tione
972 4176 1051 4240 ad
1097 4174 1357 4239 uerbum
1403 4172 1529 4239 fere
1571 4173 1638 4237 in
1665 4174 1822 4237 hanc
1863 4174 2172 4254 receptam
2207 4154 2350 4235 ¹esse
2391 4188 2568 4234 nemo
2609 4169 3030 4252 uituperabit.

760 4288 865 4353 hic
892 4288 1053 4352 liber
1084 4286 1287 4353 codice
1318 4284 1605 4351 Remensi
1638 4283 1735 4370 (b)
1768 4282 2069 4369 Cypriano
2101 4282 2259 4347 falso
2291 4282 2641 4365 adscriptus
2673 4282 2785 4365 (cf.
2827 4282 3036 4349 Tille-

763 4400 940 4464 mont
988 4396 1154 4463 Hist.
1198 4396 1370 4463 Eccl.
1419 4396 1484 4464 S.
1520 4396 1799 4478 Cypricn
1845 4398 1965 4459 art.
1998 4393 2167 4459 LXV
2209 4396 2259 4458 t.
2290 4392 2384 4456 IV
2427 4412 2486 4477 p.
2521 4390 2672 4477 193)
2721 4391 3038 4459 Gordiani

766 4530 923 4577 anno
954 4511 1169 4592 quinto
1192 4511 1453 4575 Arriano
1476 4512 1541 4575 et
1562 4508 1734 4593 Papo
1765 4506 2118 4574 consulibus
2149 4526 2204 4571 a.
2229 4525 2266 4570 a
2287 4503 2533 4571 Christo
2563 4524 2622 4570 n.
2651 4499 2786 4571 243
2819 4506 3040 4571 editus
