3217 5150
631 520 758 585 242
965 598 972 607 ·
1571 516 1945 585 Appendix.

633 680 909 750 mortuus,
941 678 1220 750 martyres
1251 678 1384 735 sunt
1413 690 1516 735 nec
1547 678 1861 751 martyrum
1893 692 2098 734 corona
2126 674 2571 733 fraudabuntur:
2625 673 2888 747 inprimis

631 784 821 841 autem
849 780 1114 841 monachi
1143 780 1242 855 qui
1269 795 1404 839 uere
1433 780 1699 839 monachi
1728 781 1863 839 sunt
1892 796 1959 837 88
2010 778 2263 853 uirgines
2294 793 2439 851 quae
2468 793 2601 837 uere
2630 776 2885 851 uirgines

631 886 784 942 sunt.
815 899 996 956 neque
1027 882 1180 942 enim
1207 881 1364 943 18888
1395 884 1655 942 118881188
1679 927 1694 956 ,
1724 899 1922 942 888888
1950 898 2051 956 pro
2082 883 2243 941 88818
2262 925 2277 953 ,
2308 879 2575 955 18381888
2604 897 2705 955 pro
2738 880 2885 953 cibo,

632 1003 814 1060 neque
842 985 1056 1045 ieiunia
1086 1002 1270 1060 1181188
1300 984 1669 1045 chameuniae
1696 986 2035 1045 monachum
2066 984 2413 1056 8118818881,
2462 985 2567 1043 sub
2596 983 2691 1042 his
2720 982 2884 1044 inuo-

633 1090 808 1151 lucris
838 1090 1124 1149 interdum
1151 1089 1294 1149 latet
1324 1089 1546 1150 animus
1577 1089 1747 1147 ualde
1776 1090 2116 1147 mundanae.
2149 1088 2299 1163 quod
2329 1088 2412 1145 ita
2442 1086 2892 1160 deprehenditur
2914 1108 2938 1146 8

636 1194 688 1253 81
716 1194 789 1252 811
818 1211 1021 1253 munus
1051 1192 1282 1266 aliquod
1313 1191 1765 1253 ecclesiasticum
1792 1194 2092 1252 uocentur:
2156 1189 2237 1249 ibi
2280 1190 2476 1249 uideas
2507 1190 2783 1264 quosdam
2812 1207 2882 1250 ex

629 1296 750 1355 illis
779 1296 1053 1357 facillime
1083 1296 1240 1356 uinci
1268 1296 1490 1357 deliciis
1505 1340 1521 1369 ,
1554 1294 2007 1369 impatientiores
2036 1293 2404 1367 iniuriarum,
2462 1295 2885 1369 appetentiores

631 1400 918 1461 uindictae
949 1417 1121 1473 quam
1150 1398 1340 1473 quiuis
1391 1400 1540 1459 alius
1592 1398 1671 1457 sit
1720 1415 1790 1458 ex
1838 1398 2023 1459 media
2064 1397 2251 1472 plebe.
2305 1398 2444 1473 quid
2496 1414 2701 1457 causae
2752 1400 2843 1457 est
2858 1402 2887 1459 ἓ

629 1505 896 1578 1188818111
925 1520 1128 1577 corpus
1159 1504 1530 1563 exercuerunt
1558 1502 1744 1576 magis
1774 1520 1944 1577 quam
1974 1500 2256 1561 animum:
2288 1518 2417 1561 cum
2433 1502 2647 1591 ‘beatus
2670 1501 2886 1561 Paulus

632 1607 848 1680 doceat,
881 1609 1031 1684 quod
1057 1606 1504 1667 exercitatio
1537 1606 1968 1680 „corporalis
1998 1606 2080 1665 ad
2112 1605 2461 1665 modicum
2504 1606 2729 1666 utilis
2760 1606 2883 1679 811,
2912 1622 2964 1661 ιο

629 1709 868 1783 pietas
912 1712 1000 1770 ad
1043 1710 1284 1770 omnia
1313 1709 1584 1769 ualeat.

528 1822 564 1881 3
571 1824 608 1881 2
719 1814 849 1874 Non
882 1814 1020 1875 haec
1050 1813 1290 1874 dixerim
1305 1858 1320 1887 ,
1376 1815 1528 1887 quod
1555 1814 1915 1888 improbandi
1968 1812 2087 1872 sint
2126 1813 2223 1886 qui
2252 1812 2464 1873 talibus
2494 1812 2679 1873 modis
2702 1813 2880 1873 casti-

632 1920 774 1992 gant
803 1934 1006 1991 corpus
1040 1934 1204 1977 888111
1234 1918 1294 1978 81
1318 1916 1380 1975 in
1409 1916 1752 1977 seruitutem
1784 1916 2085 1991 redigunt:
2132 1916 2236 1975 sed
2280 1917 2428 1991 quod
2458 1918 2691 1975 satanas
2722 1915 2885 1977 1111118

629 2020 942 2080 1881188188
971 2021 1194 2080 artibus
1226 2038 1645 2094 nonnumquam
1698 2019 1891 2079 illudit
1947 2018 2215 2092 18888118,
2259 2018 2676 2093 transfigurans
2708 2036 2771 2079 88
2824 2020 2885 2079 111

629 2122 894 2196 angelum
925 2123 1073 2183 lucis
1103 2126 1162 2183 81
1191 2140 1258 2183 ex
1287 2122 1613 2183 huiusmodi
1656 2140 1951 2197 corporum
1993 2122 2453 2183 exercitamentis
2497 2122 2721 2182 inducit
2764 2121 2887 2183 illis
2908 2140 2956 2179 18

628 2225 833 2285 falsam
865 2225 1274 2287 sanctimoniae
1302 2226 1746 2303 persuasionem,
1776 2243 2013 2301 cumque
2041 2226 2197 2286 intus
2227 2226 2495 2287 madeant
2522 2227 2881 2301 spiritalibus

627 2329 788 2389 uitiis
807 2374 822 2401 ‚
881 2332 942 2389 81
970 2329 1080 2389 sibi
1112 2333 1171 2389 et
1201 2330 1332 2389 aliis
1361 2330 1649 2389 habentur
1677 2329 1778 2404 pii.
1838 2330 1977 2389 talis
2006 2333 2132 2390 erat
2160 2330 2386 2390 iustitia
2414 2330 2875 2403 Pharisaeorum,

626 2434 719 2493 cui
747 2434 1003 2507 praelata
1033 2438 1122 2494 881
1151 2433 1338 2495 1811188
1369 2434 1596 2495 01111818
1628 2434 1917 2509 publicani
1938 2433 2241 2497 iniustitia.
2274 2436 2359 2496 ita
2381 2437 2597 2495 suntet
2622 2434 2879 2510 uirgines

626 2536 836 2610 fatuae,
869 2554 1012 2612 quae
1045 2538 1288 2599 solidam
1317 2538 1651 2600 existimant
1672 2538 1947 2614 pietatem
1966 2556 2173 2613 corpus
2201 2539 2411 2600 habere
2433 2538 2559 2600 uiro
2580 2539 2880 2612 intactum,
2902 2556 2935 2580 =

624 2658 752 2702 cum
781 2642 1004 2702 animus
1035 2643 1287 2702 auaritia
1313 2642 1586 2721 superbia
1616 2642 1837 2702 inuidia
1866 2644 1926 2702 81
1957 2642 2369 2706 obtrectatione
2398 2641 2477 2702 sit
2506 2642 2875 2718 corruptissi-
2902 2661 2955 2702 20

622 2763 766 2803 11188.
832 2749 965 2804 sunt
993 2749 1054 2805 81
1083 2745 1232 2806 falso
1261 2746 1488 2822 uiduae,
1534 2763 1679 2821 11888
1713 2746 1847 2806 dum
1876 2745 2081 2806 uiuunt
2110 2746 2171 2804 in
2202 2745 2423 2806 deliciis
2454 2745 2679 2805 Christo
2724 2763 2879 2806 11181-

621 2849 752 2907 tuae
782 2850 934 2907 sunt.
964 2849 1024 2908 in
1055 2866 1279 2908 summa
1307 2850 1500 2908 tamen
1530 2849 1787 2923 quisquis
1817 2865 1951 2909 uere
1983 2849 2347 2910 Christianus
2376 2849 2650 2924 cuiusque
2688 2851 2879 2908 818188

624 2953 724 3009 881
753 2951 966 3010 ordinis
998 2950 1175 3010 habet
1203 2952 1516 3012 certamina
1539 2969 1664 3024 sua,
1698 2952 1871 3012 habet
1898 2967 2121 3013 crucem
2152 2969 2342 3013 suam:
2376 2969 2545 3026 quam
2576 2952 2627 3013 si
2654 2951 2879 3028 patien-

619 3053 709 3112 ter
738 3052 894 3112 tollit
908 3062 953 3128 ,⁸1
985 3053 1038 3113 si
1069 3055 1396 3114 constanter
1425 3055 1692 3128 sustinet,
1754 3055 2080 3116 testimonio
2111 3072 2211 3116 888
2242 3055 2526 3130 glorificat
2554 3055 2879 3128 Dominum,

620 3157 846 3215 tantum
873 3171 946 3214 ne
975 3155 1088 3216 sibi
1117 3155 1370 3216 uindicet
1411 3157 1637 3218 laudem
1685 3157 1960 3220 bonorum
2004 3176 2263 3234 operum:
2308 3160 2419 3220 hoc
2461 3158 2613 3219 enim
2641 3175 2758 3220 non
2788 3160 2879 3220 881
2897 3177 2950 3219 as

621 3257 940 3332 glorificare
969 3259 1172 3332 Deum,
1206 3260 1309 3319 sed
1337 3258 1652 3320 clarificare
1686 3261 1955 3337 seipsum.

522 3369 603 3429 33
707 3362 901 3422 Habet
929 3363 1314 3438 unusquisque
1345 3363 1598 3424 fidelium
1642 3382 1853 3440 agones
1896 3383 2050 3440 suos,
2096 3366 2270 3427 habet
2328 3365 2722 3428 aduersarium
2751 3367 2875 3427 dia-

623 3465 834 3539 bolum,
867 3466 1042 3528 habet
1065 3468 1473 3542 agonothetam
1494 3467 1697 3542 Deum,
1731 3469 1904 3530 habet
1928 3469 2219 3530 theatrum
2246 3485 2359 3530 non
2390 3471 2575 3530 solum
2602 3469 2881 3531 ecclesiae

624 3570 684 3627 et
712 3570 1046 3644 angelorum
1073 3571 1178 3630 sed
1211 3573 1270 3630 et
1299 3571 1635 3646 infidelium,
1674 3574 2143 3648 quemadmodum
2172 3573 2315 3634 dicit
2342 3572 2559 3634 Paulus
2587 3573 2662 3634 ad
2684 3572 2879 3634 Corin·

625 3671 811 3732 thies:
871 3674 1374 3748 spectaculum
1441 3674 1631 3735 facti
1702 3693 1947 3736 sumus
2010 3677 2266 3737 mundo
2328 3678 2401 3736 et
2466 3675 2764 3753 81138118
2808 3681 2952 3740 etse

623 3775 1002 3837 hominibu
1019 3794 1066 3838 s.
1126 3776 1178 3837 81
1221 3776 1519 3852 uincimus,
1573 3780 1893 3854 3181188181·
1921 3780 2133 3855 angeli,
2188 3779 2508 3856 3181188181·
2536 3783 2599 3841 et
2627 3780 2883 3842 fidelium

621 3879 911 3954 ecclesiae,
973 3880 1254 3957 gloriatur
1304 3883 1364 3941 et
1412 3881 1536 3957 ipse
1569 3881 1834 3944 Christus
1864 3885 1924 3944 in
1963 3883 2231 3944 membris
2283 3883 2421 3945 suis.
2466 3884 2561 3945 sin
2601 3884 2881 3946 uincimus

621 3981 855 4056 ignauia
875 3985 1090 4058 nostra,
1113 3985 1432 4062 triumphat
1455 3987 1687 4046 satanas
1716 4005 1843 4048 cum
1873 3987 2094 4062 angelis
2124 3988 2263 4062 8818,
2288 3986 2571 4049 1888118111
2593 3986 2760 4048 nobis
2792 3987 2885 4048 in-

623 4084 844 4146 creduli
871 4103 938 4146 ac
968 4087 1152 4148 Deum
1180 4088 1540 4149 contumeliis
1569 4089 1829 4151 afficiunt
1846 4135 1863 4164 ,
1908 4090 2195 4152 dicentes:
2240 4107 2371 4152 8888
2422 4090 2520 4166 1181
2550 4090 2771 4152 iactant
2822 4106 2885 4152 88

623 4189 908 4250 redemtos
935 4206 972 4249 a
999 4192 1298 4267 tyrannide
1330 4194 1581 4266 88181188,
1616 4193 1717 4267 1181
1735 4194 2069 4268 praedicant
2098 4209 2161 4254 se
2190 4195 2443 4256 mortuos
2462 4193 2691 4269 mundo,
2709 4193 2877 4256 nihi-
2896 4213 2948 4255 ιε

761 4443 829 4499 10
861 4445 892 4499 I
927 4445 1066 4504 Tim.
1103 4448 1155 4514 4,
1189 4449 1240 4504 8.
1543 4449 1614 4504 30
1646 4449 1677 4503 1
1712 4448 1830 4506 Cor.
1868 4450 1917 4517 4,
1956 4449 2006 4504 9.
