3217 5150
677 545 764 611 68
1618 541 1985 612 Appendix.

683 715 936 774 magno
988 699 1274 773 agitata
1314 698 1545 759 mittit
1594 717 1891 775 grossos
1934 718 2127 774 suot-3,
2180 705 2251 761 et
2290 701 2569 761 caelum
2608 703 2935 762 recessit

685 805 764 861 ut
814 802 1006 862 liber
1053 818 1204 861 cum
1255 801 1698 875 inuoluitur,
1753 807 1825 862 et
1874 803 2105 863 omnis
2154 821 2349 864 mons
2393 806 2467 863 et
2514 803 2795 864 insulae
2848 806 2938 865 de

679 906 868 968 locis
921 905 1076 965 suis
1128 908 1359 964 motae
1413 907 1615 964 sunt:
1660 909 1733 965 et
1782 922 1997 980 reges
2037 909 2284 966 terrae
2315 908 2387 965 et
2427 906 2716 967 maximi
2768 909 2929 982 qui-

680 1028 811 1085 que
858 1012 928 1070 et
971 1008 1258 1069 tribuni
1309 1012 1382 1068 et
1430 1009 1717 1070 diuites
1758 1013 1831 1069 et
1878 1009 2115 1070 fortes
2156 1007 2231 1070 et
2278 1010 2510 1070 omnis
2552 1028 2813 1070 seruus
2856 1016 2931 1071 et

677 1114 872 1174 liber
911 1112 1454 1172 absconderunt
1493 1113 1681 1172 sein
1722 1112 2103 1187 speluncis
2156 1116 2532 1187 petrarum
2584 1115 2655 1172 et
2706 1114 2779 1172 in
2818 1132 2981 1174 caes

678 1216 930 1277 uernis
987 1215 1330 1275 montium
1387 1214 1723 1274 dicentes
1794 1215 2165 1275 montibus
2224 1219 2293 1275 et
2349 1216 2619 1290 petris:
2680 1216 2931 1277 cadite

680 1335 898 1394 super
936 1337 1062 1379 nos
1103 1321 1174 1377 et
1215 1318 1651 1378 abscondite
1692 1335 1819 1378 nos
1865 1335 1901 1378 a
1944 1321 2345 1397 conspectu
2388 1320 2633 1393 patris
2677 1320 2929 1378 seden-

677 1423 781 1482 tis
824 1439 1038 1497 super
1079 1423 1416 1482 thronum
1475 1423 1546 1480 et
1587 1421 1674 1480 ab
1716 1419 1826 1480 ira
1867 1420 2069 1495 agni:
2129 1421 2467 1496 quoniam
2519 1421 2723 1481 uenit
2766 1422 2929 1481 dies

679 1525 1184 1598 interitionis,
1237 1527 1307 1584 et
1357 1523 1520 1598 quis
1569 1523 1849 1598 poterit
1918 1526 2161 1584 stare?
2218 1523 2353 1583 item
2404 1525 2465 1583 in
2523 1526 2719 1584 eadem
2768 1525 2929 1598 Apo-

679 1629 896 1704 calypsi
943 1630 1052 1688 hoc
1095 1643 1316 1702 quoque
1372 1627 1611 1686 Ioannes
1676 1626 1815 1686 dicit
1884 1626 1995 1686 sibi
2064 1626 2410 1686 reuelatum:
2470 1627 2658 1700 uidi,
2716 1625 2929 1700 inquit,
2950 1647 3009 1686 ιο

676 1733 1010 1792 thronum
1067 1746 1396 1804 magnum
1452 1730 1522 1788 et
1578 1727 1961 1788 candidum
2032 1730 2405 1812 sedentem
2476 1747 2695 1803 super
2752 1747 2929 1803 eum,

679 1853 714 1894 a
756 1835 964 1894 cuius
1007 1833 1198 1893 facie
1243 1831 1442 1905 fugit
1485 1832 1764 1892 caelum
1806 1835 1877 1892 et
1914 1836 2135 1905 terra,
2180 1835 2251 1892 et
2291 1832 2496 1894 locus
2540 1850 2779 1892 eorum
2821 1834 2929 1893 in·

679 1941 946 1997 uentus
999 1953 1134 1995 nou
1205 1939 1350 1996 est:
1415 1937 1485 1994 et
1535 1935 1695 1996 uidi
1754 1938 2075 1996 mortuos
2132 1953 2429 2009 magnos
2481 1941 2551 1996 et
2601 1935 2931 2010 pusillos

681 2043 971 2100 stantes
1015 2043 1182 2099 ante
1234 2041 1700 2112 conspectum
1752 2038 2001 2098 throni
2032 2039 2335 2111 Domini,
2367 2042 2438 2099 ¹et
2465 2038 2647 2099 libri
2678 2039 2923 2114 aperti

681 2147 866 2203 sunt.
913 2146 984 2202 et
1039 2142 1235 2202 alius
1293 2141 1485 2201 liber
1541 2144 1844 2216 apertus
1896 2143 2011 2201 est
2067 2142 2189 2215 qui
2246 2145 2361 2202 est
2412 2141 2644 2202 uitae:
2699 2145 2775 2200 et
2825 2142 3006 2204 iu-rs

681 2245 912 2306 dicati
955 2247 1126 2329 sunt
1175 2242 1459 2318 singuli
1501 2243 1893 2303 secundum
1933 2261 2014 2304 ea
2054 2259 2233 2318 quae
2276 2243 2562 2320 scripta
2600 2245 2814 2304 erant
2858 2244 2932 2304 in

679 2349 874 2408 libro
939 2347 1328 2408 secundum
1399 2363 1620 2422 opera
1692 2345 2034 2419 ipsorum.
2112 2346 2213 2407 sed
2264 2349 2321 2407 et
2372 2347 2663 2422 apostolus
2718 2347 2929 2408 bonum

681 2452 976 2512 consulens
1022 2450 1106 2510 sic
1148 2451 1409 2510 hortatur
1458 2466 1562 2509 nos
1611 2449 1836 2510 dicens:
1890 2465 2087 2509 nemo
2138 2467 2265 2510 uos
2316 2449 2643 2524 decipiat
2692 2451 2933 2511 inani-

679 2557 808 2616 bus
865 2554 1146 2615 uerbis:
1207 2555 1600 2629 propterea
1644 2553 1831 2611 enim
1872 2553 2081 2613 uenit
2122 2553 2233 2612 ira
2275 2552 2405 2613 Dei
2450 2571 2665 2629 super
2710 2553 2929 2615 filios

681 2658 1198 2729 contumaciae,
1243 2655 1479 2715 nolite
1521 2671 1679 2715 esse
1724 2655 2137 2730 participes
2179 2673 2435 2717 eorum.
2945 2682 3001 2722 ,ο

579 2777 658 2836 18
764 2772 974 2830 Demus
1003 2770 1181 2843 igitur
1211 2768 1349 2827 totis
1381 2767 1600 2827 uiribus
1631 2766 1763 2827 fldei
1794 2770 2021 2827 nostrae
2049 2767 2167 2828 Deo
2197 2767 2441 2841 laudem,
2474 2769 2669 2828 demus
2699 2769 2925 2844 plenam

679 2873 1120 2934 confessionem:
1166 2869 1621 2945 quandoquidem
1666 2887 1834 2943 super
1874 2870 2227 2943 paenitentia
2266 2873 2463 2930 nostra
2491 2872 2776 2945 gaudeant
2804 2870 2927 2931 uir·

677 2979 832 3035 tutes
861 2974 1160 3046 caelorum,
1207 2972 1494 3048 gaudeant
1523 2971 1715 3047 angeli
1746 2988 1959 3045 omnes,
2003 2974 2249 3047 gaudeat
2278 2976 2337 3033 et
2368 2973 2649 3047 ChristuS,
2692 2974 2790 3052 qui
2820 2992 2925 3034 nos

679 3080 859 3139 denuo
889 3077 1136 3153 peccatis
1169 3078 1430 3135 oneratos
1461 3074 1687 3135 delictis
1720 3074 1949 3135 obrutos
1978 3074 2150 3148 plena
2170 3077 2231 3135 et
2252 3076 2517 3136 clementi
2540 3076 2925 3137 moderatione

681 3196 902 3241 cessare
948 3198 983 3239 a
1023 3179 1274 3239 facinore
1319 3180 1582 3237 hortatur
1633 3177 1860 3238 dicens:
1916 3179 2332 3239 conuertite
2384 3196 2513 3239 uos
2562 3182 2635 3239 et
2684 3180 3001 3240 reditess

679 3284 764 3345 ab
806 3280 1325 3358 impietatibus
1366 3280 1668 3354 uestris,
1712 3284 1783 3340 et
1823 3298 1961 3341 non
1990 3284 2209 3341 eruut
2235 3282 2445 3342 uobis
2475 3280 2929 3358 iniquitates

679 3389 971 3447 uestrae
1023 3386 1110 3445 ad
1150 3400 1469 3460 poenam.
1520 3383 1843 3458 proicite
1884 3402 1919 3443 a
1963 3384 2174 3444 uobis
2216 3401 2455 3444 omnes
2496 3385 2929 3460 impietates

677 3493 973 3551 uestras
1023 3506 1202 3563 quas
1251 3488 1552 3548 fecistis
1607 3488 1989 3548 aduersum
2030 3492 2232 3549 meet
2272 3489 2503 3551 facite
2554 3488 2767 3550 uobis
2808 3506 2930 3549 cor

679 3610 933 3654 nouum
992 3596 1064 3651 et
1093 3590 1442 3666 spiritum
1497 3608 1775 3650 nouum.
1850 3593 1922 3650 et
1950 3594 2029 3652 ut
2087 3592 2259 3667 quid
2316 3609 2442 3653 uos
2502 3591 2725 3653 morti
2780 3596 2929 3652 tra-

681 3696 864 3755 ditis
923 3696 1166 3755 domus
1224 3694 1506 3754 Israel?
1567 3711 1705 3753 non
1761 3693 1949 3755 enim
2004 3695 2346 3756 desidero
2404 3698 2705 3756 mortem
2762 3712 3012 3770 pec-ao

680 3798 979 3861 catoris.
1040 3814 1168 3872 ego
1221 3814 1388 3870 sum,
1449 3813 1581 3872 ego
1611 3814 1779 3870 sum,
1840 3798 1963 3871 qui
2019 3796 2225 3859 deleo
2284 3798 2622 3860 facinora
2678 3802 2804 3859 tua
2854 3800 2932 3859 et

679 3904 816 3964 noh
886 3900 1490 3962 commemorabor
1559 3901 1662 3960 te:
1721 3904 1798 3960 tu
1859 3904 2097 3960 autem
2156 3900 2227 3960 in
2285 3904 2525 3962 mente
2582 3902 2797 3975 habe,
2857 3906 2933 3962 et

679 4006 1102 4065 iudicemus.
1163 4004 1279 4065 dic
1327 4006 1406 4063 tu
1455 4004 1792 4065 facinora
1842 4008 1969 4064 tua
2016 4003 2241 4079 prius,
2302 4009 2381 4065 ut
2438 4005 2929 4067 iustificeris.

680 4110 814 4168 dum
843 4111 1004 4183 patet
1017 4154 1032 4181 ,
1063 4106 1272 4167 fratres
1287 4154 1304 4183 ‚
1334 4106 1724 4182 indulgentiae
1754 4108 1947 4167 aditus
1960 4154 1977 4182 ,
2006 4107 2186 4168 Deum
2213 4107 2403 4184 plenis
2432 4108 2931 4170 satisfactionibus

681 4212 1058 4287 deprecemur.
1089 4211 1450 4271 humiliemus
1480 4228 1583 4271 nos
1613 4212 1679 4270 ut
1708 4210 1951 4270 exaltari
1970 4211 2268 4285 possimus.
2314 4214 2737 4287 acquiescamus
2773 4211 2927 4272 diui-
2954 4230 3024 4271 aa

817 4378 885 4431 10
916 4378 1079 4447 Apoc.
1115 4377 1199 4441 20,
1234 4376 1454 4430 11-13.
1664 4376 1730 4428 18
1764 4374 1899 4444 Eph.
1936 4376 1987 4440 ὃ,
2022 4376 2071 4431 6.
2106 4376 2154 4430 7.
2362 4377 2431 4433 25
2465 4378 2553 4433 Ez.
2590 4380 2671 4443 18,
2708 4378 2943 4433 30-32.

679 4464 742 4519 31
781 4464 870 4519 Es.
905 4463 991 4527 43,
1025 4462 1110 4518 25.
1144 4462 1229 4517 26.
2864 4466 2880 4477 “
