3217 5150
843 534 931 587 Dc
964 533 1045 587 du
1069 533 1240 603 plici
1276 534 1613 604 martyrio
1665 550 1707 587 c.
1745 532 1963 601 10—14.
2402 536 2529 601 229

277 695 458 754 betur.
491 693 804 767 plurimum
831 694 1072 753 interest
1102 695 1252 755 inter
1281 694 1639 754 barbaricam
1670 692 2083 753 immanitatem
2125 696 2185 752 et
2213 697 2525 768 martyrum

271 799 753 859 modestissimam
785 799 1167 859 constantiam
1197 799 1257 857 in
1287 816 1348 859 se
1379 796 1742 871 imbecillem,
1773 797 1836 855 in
1866 796 2091 857 Christo
2122 797 2346 857 fortem.
2394 801 2527 857 sunt

273 903 372 975 qui
427 903 598 961 certis
651 901 874 962 artibus
905 920 1110 976 corpus
1162 902 1566 976 stupefaciunt,
1619 918 1689 961 ne
1742 901 1993 960 sentiant
2042 901 2360 959 cruciatus:
2421 902 2528 959 hoc

269 1007 433 1066 modo
466 1022 529 1065 se
561 1005 789 1079 quidem
817 1005 1058 1065 malefici
1090 1006 1358 1065 muniunt
1388 1006 1664 1064 aduersus
1697 1004 2021 1064 carnificum
2050 1021 2269 1063 manus.
2306 1007 2441 1063 sunt
2470 1007 2528 1062 et

231 1130 256 1167 1,
275 1110 515 1170 affectus
545 1110 886 1183 impotentes
918 1110 1014 1183 qui
1045 1126 1274 1169 sensum
1303 1110 1562 1169 adimunt
1591 1108 1799 1179 animo,
1830 1108 1914 1166 ita
1943 1108 2010 1165 ut
2038 1106 2132 1165 001
2156 1108 2393 1165 mortem
2418 1107 2525 1165 im-

269 1213 465 1287 pauidi
507 1212 814 1287 perferant.
877 1214 976 1271 sed
1033 1211 1320 1285 placidum
1349 1212 1496 1271 illud
1525 1229 1591 1270 ac
1622 1213 1979 1271 mansuetum
1996 1254 2009 1280 ,
2056 1209 2202 1268 illud
2230 1209 2523 1269 humiliter

271 1316 516 1375 sublime
547 1318 605 1373 et
634 1314 956 1374 sublimiter
978 1314 1190 1375 humile
1224 1334 1337 1375 11011
1365 1315 1624 1374 uidemus
1669 1313 1781 1373 nisi
1805 1313 1865 1372 in
1898 1312 2114 1372 Christi
2158 1312 2525 1387 martyribus

267 1435 381 1478 non
437 1420 744 1477 obtuentur
773 1418 1030 1477 trucibus
1077 1417 1255 1477 oculis
1302 1418 1646 1490 carnificem,
1701 1433 1814 1477 non
1858 1410 2195 1475 minitantur
2246 1418 2520 1489 tyranno:

267 1521 454 1596 magis
485 1522 680 1581 dolent
711 1523 779 1581 de
809 1521 1038 1581 illorum
1069 1521 1344 1581 caecitate
1375 1539 1544 1596 quam
1576 1521 1643 1579 de
1674 1520 1795 1579 suis
1826 1518 2246 1579 afflictionibus
2306 1518 2526 1578 scilicet

189 1641 246 1679 ιο
267 1626 484 1686 clamat
536 1628 595 1685 et
643 1624 705 1682 in
749 1624 868 1683 illis
912 1624 1207 1683 Christus:
1269 1628 1487 1699 pater
1545 1624 1853 1699 ignosce
1908 1622 2115 1695 illis,
2178 1622 2349 1698 quia
2412 1640 2527 1681 ne-

267 1731 522 1790 sciunt
565 1728 742 1803 quid
784 1728 1091 1787 faciunt.
1139 1745 1251 1786 non
1303 1727 1461 1786 aliud
1513 1728 1775 1801 spectant
1818 1742 1985 1799 quam
2029 1726 2089 1784 in
2120 1726 2368 1798 caelum,
2429 1726 2527 1785 ubi

265 1850 430 1907 spem
463 1849 684 1893 omnem
715 1832 928 1891 habent
956 1832 1287 1905 repositam.
1345 1831 1428 1891 sic
1480 1832 1602 1904 ipse
1635 1830 1912 1889 Dominus
1962 1828 2124 1888 uelut
2174 1846 2357 1903 agnus
2404 1830 2528 1888 sine

265 1954 410 1996 uoce
441 1938 514 1995 ad
543 1937 944 1995 mactationem
976 1936 1178 1995 ductus
1212 1936 1330 1993 est:
1366 1936 1424 1993 et
1455 1934 1506 1995 si
1537 1952 1707 2007 quam
1741 1934 1923 1993 edidit
1954 1949 2149 1992 uocem
2167 1977 2181 2004 ,
2228 1950 2295 1991 ea
2342 1932 2525 2006 magis

265 2040 588 2101 declarauit
619 2039 868 2099 animum
889 2038 1084 2098 mitem
1109 2054 1175 2097 ac
1197 2039 1484 2113 placidum
1509 2054 1677 2111 quam
1701 2038 1881 2097 ullum
1904 2036 2186 2111 potuisset
2215 2036 2526 2097 silentium.

185 2159 244 2197 u
267 2162 443 2219 quam
488 2142 698 2202 blanda
741 2142 990 2202 oratione
1043 2142 1343 2215 compellat
1401 2142 1602 2200 Iudam
1663 2139 2024 2214 proditorem,
2078 2157 2249 2214 quam
2306 2140 2528 2212 placide

263 2248 562 2321 respondit
623 2263 820 2306 caesus
879 2246 1078 2318 alapa,
1148 2262 1316 2319 quam
1384 2244 1533 2304 nihil
1591 2244 1833 2303 ferocius
1892 2242 2145 2317 loquitur
2203 2244 2403 2302 Annae
2472 2247 2533 2302 et

267 2352 540 2425 Caiphae,
590 2368 757 2423 quam
815 2349 1124 2421 tranquille
1185 2349 1481 2421 respondit
1540 2348 1747 2407 Pilato.
1796 2345 2037 2420 denique
2084 2364 2209 2405 cum
2234 2345 2527 2406 Pharisaei

265 2454 432 2514 uelut
461 2454 711 2514 uictores
769 2440 1062 2512 mouerent
1119 2452 1310 2525 capita
1358 2468 1463 2510 sua
1516 2450 1888 2510 amarissimis
1934 2450 2202 2508 conuiciis
2254 2450 2313 2508 in
2367 2449 2531 2507 illum

265 2558 703 2630 debacchantes,
736 2556 836 2616 ille
865 2554 1206 2616 mitissimus
1236 2554 1474 2615 clamat:
1520 2556 1732 2628 pater
1762 2553 2063 2628 ignosce
2109 2552 2309 2624 illis,
2356 2552 2530 2625 quia

175 2662 616 2721 senesciunt
659 2660 831 2735 quid
875 2660 1180 2719 faciunt.

352 2765 484 2823 Non
518 2765 698 2838 igitur
728 2764 870 2823 mori
903 2780 1006 2836 per
1035 2779 1096 2821 se
1127 2762 1518 2821 testimonium
1546 2765 1665 2835 est,
1708 2763 1809 2821 sed
1852 2760 1937 2820 sic
1963 2761 2107 2820 mori
2136 2763 2224 2820 est
2256 2760 2515 2820 testimo·
2542 2770 2629 2827 14

261 2869 426 2927 nium
457 2864 730 2941 praebere
761 2867 899 2928 Dee.
961 2867 1282 2939 Stephanus
1317 2865 1548 2924 iuuenis
1601 2864 1753 2924 inter
1796 2864 2108 2924 homicidas
2159 2880 2341 2938 agnus
2370 2863 2520 2921 inter

263 2973 432 3046 lupos
465 2972 660 3030 stabat
688 2971 912 3045 placido
943 2968 1310 3044 angelicoque
1363 2968 1530 3027 uultu
1559 2959 1618 3027 et
1650 2970 1724 3027 ad
1766 2967 1995 3028 Domini
2024 2966 2339 3040 exemplum
2399 2970 2525 3025 orat

261 3091 369 3148 pro
403 3073 795 3147 lapidantibus
825 3089 930 3132 1100
960 3071 1101 3130 011111
1132 3073 1308 3131 habet
1337 3071 1528 3131 oculos
1577 3087 1747 3144 quam
1801 3070 1861 3128 in
1892 3069 2130 3128 caelum.
2180 3068 2302 3128 illic
2334 3068 2526 3128 uidere

175 3196 238 3238 a·
265 3179 509 3249 meruit,
545 3177 706 3236 cuius
735 3177 1016 3250 praesidio
1047 3176 1307 3250 superior
1338 3177 1464 3234 erat
1496 3173 1995 3248 persequentibus:
2042 3173 2141 3247 qui
2194 3190 2329 3232 uero
2360 3171 2527 3231 timet

263 3281 471 3352 Deum,
505 3298 616 3340 non
649 3281 852 3339 metuit
881 3279 1172 3352 hominum
1206 3278 1500 3338 saeuitiaS.
1534 3278 1724 3352 quiex
1754 3277 1939 3336 animo
1971 3275 2164 3350 diligit
2195 3275 2373 3334 uitam
2397 3292 2525 3334 cae-

263 3384 486 3458 lestem,
517 3383 686 3442 facile
716 3385 891 3442 uilem
921 3382 1095 3442 habet
1127 3383 1373 3442 animam
1395 3383 1568 3456 atque
1594 3380 1686 3440 illi
1716 3397 1844 3440 cum
1872 3381 2040 3440 beato
2063 3380 2241 3438 Paulo
2266 3380 2437 3438 uiue
2453 3395 2525 3438 re

260 3487 623 3546 Christus
667 3488 797 3558 est,
843 3487 1020 3546 mori
1065 3487 1362 3545 lucrum.
1429 3502 1502 3544 an
1532 3501 1646 3544 non
1688 3484 1891 3559 ingens
1922 3482 2141 3542 lucrum
2172 3484 2263 3542 est
2292 3484 2439 3540 hanc
2468 3482 2526 3538 et

262 3593 498 3650 breuem
528 3592 588 3650 et
616 3590 931 3650 innumeris
961 3589 1132 3648 malis
1164 3588 1608 3649 contaminatam
1640 3588 1831 3647 uitam.
1850 3603 1982 3652 cum
2010 3585 2357 3659 sempiterna
2385 3585 2525 3644 feli-

173 3711 238 3750 00
264 3693 441 3754 citate
472 3697 816 3753 commutare
833 3696 861 3751 ⁴?
893 3692 988 3751 hic
1017 3692 1295 3752 Dominus
1326 3691 1797 3766 quemadmodum
1828 3691 1887 3749 et
1931 3688 1991 3748 in
2020 3689 2226 3748 ceteris
2259 3689 2519 3748 omnibus

263 3814 394 3857 8080
423 3797 663 3858 formam
695 3795 857 3856 nobis
889 3795 1166 3855 exhibuit.
1201 3805 1374 3870 quum
1403 3795 1554 3854 enim
1583 3795 1829 3854 instaret
1854 3795 2141 3852 extremus
2174 3793 2334 3851 actus
2365 3809 2517 3849 mar-

259 3901 398 3974 tyrii
429 3917 597 3975 quem
627 3900 789 3958 aiunt
818 3899 880 3958 in
907 3897 1122 3958 fabulis
1153 3903 1412 3972 oportere
1464 3915 1590 3958 0880
1645 3897 1921 3972 optimum
1940 3941 1954 3968 ,
2010 3896 2275 3966 secessit,
2310 3894 2521 3954 abiecit

258 4021 385 4063 sese
446 4004 508 4062 in
541 4008 766 4075 terram,
815 4002 1030 4078 prolixe
1062 4005 1234 4076 atque
1267 4003 1442 4063 etiam
1471 4002 1802 4077 frequenter
1858 4018 1925 4060 ac
1965 3998 2277 4073 sanguineo
2312 3998 2518 4058 sudore

255 4111 592 4168 madescens
643 4110 870 4167 nostrae
923 4109 1160 4167 naturae
1213 4106 1272 4165 in
1319 4124 1380 4168 se
1423 4105 1705 4181 expressit
1736 4102 2190 4164 imbecillitatem
2210 4147 2223 4173 ,
2270 4105 2401 4161 ante
2432 4105 2520 4161 te-

173 4231 234 4271 05
257 4214 452 4270 status
505 4211 679 4270 animi
731 4211 984 4270 taedium
1034 4227 1102 4270 ac
1153 4208 1450 4270 tristitiam
1507 4227 1685 4283 usque
1736 4208 1807 4266 ad
1853 4209 2091 4268 mortem
2111 4251 2125 4278 ,
2175 4222 2245 4264 ne
2297 4222 2403 4264 1108
2462 4206 2525 4264 iu

401 4463 470 4516 10
505 4461 626 4516 Luc.
665 4465 748 4528 23,
787 4463 871 4517 34.
1082 4455 1329 4519 27'Phil.
1353 4441 1418 4530 ’1,
1455 4461 1536 4515 21.
