3217 5150
588 538 674 593 Ad
708 540 974 610 Vigilium
1010 542 1312 612 episcopum
1347 544 1414 597 de
1445 543 1669 598 Iudaica
1707 542 2153 597 incredulitatem
2188 544 2342 598 4—6.
2470 550 2590 611 125
2704 500 2709 503 Ι

425 696 780 775 Frequentat
831 701 1041 775 ubique
1089 706 1260 778 atque
1309 703 1642 763 manifestat
1687 703 2047 778 prophetatio
2090 706 2438 775 cunctorum,
2491 702 2591 777 qui
2610 703 2651 761 5

339 806 538 865 sancto
581 805 791 878 spiritu
840 811 1239 879 praemonente
1291 808 1571 867 aduentus
1601 808 1829 867 Domini
1881 796 2186 868 metatores
2237 824 2361 867 esse
2402 805 2595 867 sortiti

339 911 491 967 sunt.
541 909 692 968 hunc
745 910 936 969 lumen
977 910 1203 972 saeculo
1235 912 1432 971 datum
1459 916 1518 972 et
1545 912 1695 972 diem
1724 912 1891 973 nobis
1920 911 2129 971 salutis
2158 914 2413 971 exortum
2442 909 2593 969 uiui·

337 1011 576 1071 flcandis
628 1030 850 1088 quoque
877 1014 938 1073 in
967 1030 1098 1075 eum
1148 1016 1509 1075 credentibus
1557 1016 1907 1075 destinatum
1935 1017 2101 1075 docet
2129 1015 2237 1075 hoc
2264 1014 2325 1073 in
2354 1012 2595 1089 psalmis

290 1115 582 1189 sspiritus
613 1120 844 1177 sanctus
883 1121 945 1177 et
973 1119 1223 1179 ostendit
1252 1119 1474 1179 dicens:
1521 1119 1717 1194 lapis
1762 1136 1963 1193 quem
2006 1117 2593 1193 reprobauerunt

335 1218 838 1281 aedificantes
881 1222 1002 1281 hic
1044 1202 1291 1282 factus
1335 1226 1447 1283 est
1488 1223 1562 1281 in
1605 1226 1823 1297 caput
1883 1222 2171 1297 anguli:
2218 1240 2253 1281 a
2295 1221 2595 1281 Domino

335 1325 574 1384 factus
603 1328 719 1385 est
745 1324 908 1398 iste,
956 1328 1026 1385 et
1053 1327 1260 1386 adest
1287 1326 1659 1386 mirabilis
1688 1326 1761 1385 in
1804 1326 2045 1386 oculis
2091 1325 2393 1386 nostris,
2436 1326 2590 1388 iste

335 1428 492 1489 dies
535 1432 651 1489 est
709 1446 910 1504 quem
975 1430 1159 1491 fecit
1200 1430 1562 1503 Dominus,
1634 1431 2078 1490 ambulemus
2122 1432 2200 1489 et
2256 1428 2593 1489 iocunde-

335 1550 486 1591 mur
543 1532 618 1591 in
676 1550 775 1593 eo.
843 1534 906 1594 in
955 1535 1062 1594 hoc
1113 1534 1206 1595 die
1257 1552 1360 1595 nos
1412 1535 1707 1595 ambulare
1757 1534 1973 1595 Paulus
2026 1551 2247 1607 quoque
2298 1531 2593 1607 apostolus

264 1654 318 1694 ιο
337 1636 690 1710 praecipiens
720 1641 780 1697 et
829 1638 1036 1698 docens
1088 1655 1155 1697 ac
1204 1654 1576 1713 praemonens
1618 1638 1787 1698 dicit:
1833 1654 2017 1697 nunc
2061 1638 2247 1697 enim
2290 1636 2595 1711 propius

333 1742 450 1798 est
491 1741 708 1801 nobis
753 1742 956 1801 salus
1001 1758 1206 1817 quam
1248 1760 1400 1802 cum
1444 1742 1913 1802 credidimus.
1957 1759 2095 1803 nox
2158 1740 2593 1818 praecessit,

335 1844 490 1906 dies
535 1849 774 1905 autem
818 1847 1472 1923 adpropinquauit.
1529 1846 1935 1907 abiciamus
1980 1862 2201 1921 opera
2254 1845 2592 1905 tenebra-

334 1966 484 2007 rum
531 1951 602 2007 et
643 1949 1030 2009 induamur
1073 1967 1269 2010 arma
1313 1950 1535 2023 lueis,
1599 1952 1793 2009 sicut
1835 1949 1907 2007 in
1951 1949 2065 2009 die
2108 1950 2415 2009 honeste
2458 1967 2595 2010 am-

332 2052 685 2113 bulemus.
732 2054 790 2112 id
837 2057 930 2113 est
975 2054 1036 2113 in
1090 2053 1317 2115 Christo
1369 2058 1430 2115 et
1479 2054 1765 2114 mandatis
1816 2053 1973 2126 eius,
2038 2054 2201 2115 cuius
2254 2053 2467 2114 lumine
2528 2069 2597 2112 ac

273 2172 324 2212 15
347 2155 579 2217 monitis
630 2157 893 2216 luminati
937 2158 994 2217 e't
1041 2159 1101 2217 in
1152 2158 1419 2219 claritate
1471 2158 1582 2218 diei
1637 2158 1761 2218 eius
1816 2158 2037 2218 inuenti
2082 2157 2397 2232 pmximam
2426 2156 2592 2219 nobis

336 2259 584 2319 salutem
613 2261 974 2321 credulitatis
1002 2262 1064 2320 in
1096 2278 1225 2322 eum
1255 2265 1442 2323 mente
1471 2262 1868 2343 conspicimus.

427 2363 612 2425 Solem
665 2381 887 2440 quoque
939 2382 1062 2425 esse
1115 2365 1402 2425 Christum
1455 2366 1677 2427 cunctis
1733 2366 2066 2427 timentibus
2112 2382 2241 2425 eum
2270 2363 2589 2424 Malachiae
2609 2366 2649 2425 6

333 2469 618 2543 propheta
645 2471 896 2529 testatur
924 2472 984 2529 et
1011 2468 1297 2543 promittit
1327 2470 1550 2529 dicens:
1606 2470 1821 2529 uobis
1866 2473 2104 2529 autem
2147 2466 2594 2528 timentibus

339 2588 568 2631 meum
633 2589 883 2632 nomen
946 2573 1234 2633 orietur
1277 2574 1389 2634 sol
1432 2572 1815 2645 iustitiae,
1883 2576 1956 2633 et
1998 2571 2287 2632 sanitas
2330 2570 2403 2629 in
2448 2569 2594 2629 alis

271 2691 327 2733 so
347 2691 378 2735 e
396 2676 534 2749 ins,
581 2677 884 2737 ostendens
936 2694 1003 2736 ex
1056 2677 1215 2737 nullo
1243 2677 1410 2737 nobis
1441 2677 1685 2737 salutem
1715 2693 1881 2752 posse
1910 2676 2172 2750 conferri,
2224 2675 2339 2735 nisi
2369 2675 2430 2734 in
2458 2689 2593 2747 pas-

343 2779 562 2839 sionem
609 2780 792 2840 cruois
845 2780 987 2854 eius,
1041 2797 1156 2855 qua
1208 2782 1515 2840 extendens
1561 2796 1762 2840 manus
1792 2781 1995 2840 cuncta
2023 2778 2237 2839 saeculi
2268 2777 2595 2838 saluatums

473 3024 507 3078 5
541 3021 629 3077 Ps.
670 3019 788 3091 117,
824 3023 894 3078 22
929 3042 1006 3095 sq.
1218 3026 1286 3080 10
1319 3025 1471 3081 Rom.
1508 3027 1591 3091 13,
1631 3028 1713 3081 11.
1753 3027 1835 3080 12.
2047 3027 2112 3081 18
2146 3027 2272 3080 Mal.
2310 3027 2360 3090 4,
2400 3026 2447 3080 2.

475 3259 506 3312 1
537 3257 911 3327 frequentatur
943 3275 994 3324 v,
1027 3259 1493 3326 frequentetumm
1527 3259 1584 3312 Z
1733 3260 2023 3328 utrobique
2062 3261 2193 3330 Τεμ,
2225 3262 2445 3330 obitque
2478 3261 2531 3314 Z

333 3345 370 3398 2
404 3345 592 3399 sancto
626 3345 822 3414 spiritu
855 3360 956 3399 om.
993 3345 1044 3400 Z
1397 3345 1691 3400 aduentum
1727 3346 1781 3399 Z
2136 3347 2171 3402 3
2206 3347 2348 3402 hunc
2388 3349 2457 3403 Τι
2472 3349 2597 3419 “Ζμ,

330 3432 438 3487 hoc
482 3431 566 3486 t²v
777 3432 956 3487 lumen
1005 3433 1202 3487 saeculi
1234 3433 1299 3499 Z,
1345 3434 1556 3488 saeculo
1590 3433 1775 3488 lumen
1810 3433 2020 3488 saeculo
2062 3433 2133 3490 Tt
2349 3435 2438 3490 die
2472 3435 2525 3489 Z

329 3519 370 3574 4
403 3519 464 3573 in
499 3519 640 3588 eum]
676 3521 732 3572 et
767 3533 888 3573 cum
924 3519 978 3573 Z
1344 3518 1702 3589 credentibus]
1739 3522 1989 3590 sequitur
2019 3521 2086 3574 in
2120 3520 2174 3574 Z
2204 3520 2395 3576 docens
2430 3523 2594 3590 atque

331 3613 431 3661 ete.
467 3606 538 3671 cf.
575 3609 694 3670 123,
721 3609 786 3658 11
959 3604 1061 3660 hoe
1093 3619 1194 3659 om.
1229 3621 1263 3660 v
1447 3605 1504 3659 in
1539 3605 1765 3673 psalmis
1800 3622 1901 3661 om.
1939 3607 2006 3676 μ*
2183 3605 2219 3660 5
2251 3610 2310 3662 et
2344 3621 2449 3660 om.
2473 3605 2529 3660 Z

328 3694 366 3748 6
401 3693 577 3760 capite
615 3691 720 3746 ΤΖ
1031 3692 1062 3745 7
1097 3690 1250 3745 adest
1290 3693 1378 3756 Tt,
1413 3693 1496 3744 est
1530 3691 1655 3761 Ζμυ
1972 3691 2221 3746 mirabile
2255 3692 2323 3756 Z,
2358 3691 2595 3746 admira-

327 3778 462 3834 bilis
497 3793 572 3848 μυ
791 3777 826 3832 8
859 3779 945 3831 est
979 3777 1094 3832 dies
1128 3779 1218 3847 Ζμ.
1443 3778 1621 3847 quem]
1658 3794 1803 3847 quon
1843 3780 1896 3834 T
2113 3777 2466 3847 ambulemus]
2503 3794 2593 3832 ex·

327 3865 566 3918 nltemus
597 3865 649 3918 Z
870 3864 905 3918 9
941 3879 1150 3934 quoque
1184 3879 1282 3920 om.
1320 3865 1388 3929 Z,
1423 3879 1665 3934 quaeque
1700 3867 1765 3934 μι
1985 3865 2052 3920 10
2086 3868 2141 3920 et
2173 3863 2225 3918 d.
2260 3880 2309 3918 a.
2346 3881 2397 3934 p.
2434 3863 2593 3934 dicit]

329 3951 486 4006 docet
520 3951 700 4006 dicens
735 3951 792 4004 Z
1059 3953 1303 4021 proprius
1338 3955 1420 4019 μ’,
1454 3951 1701 4022 proprior
1732 3952 1785 4006 Z
2027 3952 2093 4005 11
2129 3951 2303 4022 nobis]
2339 3936 2438 4006 υἷα
2471 3950 2526 4005 Ζ

329 4037 594 4091 credimus
616 4054 650 4092 υ
787 4039 1042 4107 processit
1070 4039 1132 4103 T,
1167 4038 1428 4092 transiuit
1453 4039 1508 4092 Z
1516 4057 1531 4102 ς
1568 4039 1639 4106 cf.
1668 4037 1831 4108 Gypr.
1850 4055 1912 4108 p.
1942 4041 2065 4104 425,
2086 4041 2160 4093 23
2297 4038 2365 4092 12
2402 4037 2591 4093 abiici-

327 4137 484 4177 amus
518 4138 644 4193 ergo
677 4139 712 4178 v
917 4124 985 4179 13
1019 4125 1190 4196 arma]
1228 4140 1390 4196 opera
1418 4127 1532 4195 Τιμ,
1740 4126 1809 4180 15
1844 4125 1969 4196 diei]
2009 4124 2095 4179 dei
2121 4126 2176 4179 Z
2377 4126 2445 4180 16
2482 4139 2597 4180 cre—

329 4207 586 4262 dulitatis
620 4209 778 4278 Zt2p,
814 4209 1152 4265 crudelitatis
1194 4211 1267 4265 Tt
1275 4215 1313 4277 ¹,
1349 4210 1565 4266 credula
1597 4211 1726 4267 Bal.
1765 4228 1837 4268 ex
1870 4228 1905 4266 r
2046 4214 2113 4268 18
2145 4214 2329 4267 autem
2352 4228 2453 4267 om.
2478 4232 2520 4282 μ

329 4294 400 4348 19
434 4308 626 4348 nomen
670 4311 848 4350 meum
881 4312 930 4360 v,
979 4311 1170 4351 nomen
1221 4283 1317 4352 dn‘i
1349 4297 1402 4351 Z
1808 4298 1867 4352 in
1902 4297 2035 4354 alais
2075 4298 2137 4362 T,
2186 4298 2245 4351 in
2278 4297 2439 4352 malis
2475 4297 2529 4351 Z

330 4379 402 4433 20
435 4395 594 4434 nosse
626 4381 682 4436 Z
918 4383 1170 4450 passione
1203 4383 1286 4439 Ζυ
1533 4385 1603 4440 21
1639 4385 1764 4454 qua]
1803 4400 1905 4453 que
1939 4385 1995 4440 Z
2218 4387 2437 4440 cunctas
2473 4385 2525 4439 Z

341 4464 554 4520 saecula
595 4467 685 4531 1¹¹,
719 4467 990 4522 saeculum
1024 4469 1078 4522 Z
1346 4471 1635 4526 saluatoris
1676 4473 1740 4534 T,
1776 4471 2016 4526 saluator
2050 4486 2121 4526 ex
2155 4471 2464 4525 saluatioris
2499 4477 2523 4525 t
