3217 5150
941 528 1030 581 De
1063 529 1330 596 duplici
1365 529 1695 597 martyrio
1731 545 1773 581 c.
1810 529 2030 582 25-28.
2484 531 2610 594 239

358 689 638 763 peratoris
689 688 776 749 tui
828 688 1356 748 irreconciliabilem
1406 673 1829 763 transfugeris'.
1876 690 2077 749 merito
2132 688 2383 749 fidelium
2440 704 2607 747 aures

357 793 756 853 abominantur
805 794 1100 865 apostatae
1153 793 1523 852 uocabulum:
1570 809 1767 851 uerum
1817 794 1924 852 hoc
1966 810 2079 851 non
2109 792 2191 851 ibi
2220 794 2445 851 tantum
2474 806 2605 849 exe-

355 898 631 957 crandum
661 899 766 967 est,
801 913 928 955 cum
957 896 1184 955 incenso
1215 895 1442 955 tusculo
1470 897 1571 954 aut
1601 896 1813 970 scripto
1843 894 2039 955 libello
2082 896 2443 955 renuntiatur
2470 912 2604 968 pro-

355 998 590 1059 fessioni
641 1000 886 1059 nominis
936 999 1150 1059 Christi
1169 1044 1183 1072 ,
1237 1001 1340 1059 sed
1384 999 1721 1072 ubicumque
1774 998 2075 1059 contemtis
2122 998 2339 1057 Christi
2382 998 2608 1071 legibus

314 1122 338 1159 ⁵
357 1107 781 1178 obtemperatur
832 1107 1086 1165 satanae.
1133 1122 1236 1163 nec
1292 1105 1443 1163 enim
1495 1105 1673 1163 refert
1714 1105 1850 1177 quid
1896 1106 2060 1163 sonet
2103 1102 2329 1177 lingua:
2379 1118 2525 1176 quae
2561 1102 2611 1160 si

357 1213 522 1268 sonet
552 1208 860 1279 Christum,
894 1227 1020 1268 cum
1050 1208 1273 1267 animus
1305 1207 1384 1266 sit
1415 1207 1643 1266 deditus
1674 1206 2023 1278 criminibus,
2068 1223 2180 1265 non
2209 1207 2301 1263 est
2329 1204 2607 1280 professio

357 1312 458 1371 sed
510 1312 826 1387 hypocrisis
846 1356 861 1383 ,
907 1312 1263 1385 abnegatura
1314 1310 1602 1369 Christum
1654 1310 1707 1369 si
1740 1313 1942 1379 metus
1986 1311 2209 1384 urgeat,
2264 1308 2361 1383 qui
2400 1308 2610 1382 premit

351 1414 670 1475 turificatos
699 1418 798 1473 aut
827 1414 1132 1475 libellatos,
1165 1418 1336 1489 atque
1367 1414 1428 1473 in
1455 1415 1548 1473 his
1575 1416 1747 1474 rebus
1776 1431 1921 1488 quae
1952 1413 2037 1472 sic
2065 1412 2215 1471 inter
2238 1428 2299 1471 se
2322 1414 2603 1485 pugnant,

353 1520 420 1577 ut
463 1522 668 1578 neutra
709 1519 856 1579 ferat
884 1518 1124 1581 alterius
1155 1518 1522 1589 consortium,
1569 1517 1791 1591 quoties
1820 1519 1967 1577 hanc
1996 1496 2409 1589 amplectimur,
2446 1514 2607 1573 illam

285 1634 336 1674 ιο
351 1622 763 1693 abdicauimus,
797 1624 1020 1695 quoties
1049 1639 1220 1681 unam
1249 1620 1564 1691 reiecimus,
1596 1621 1835 1681 alteram
1865 1619 2244 1694 agnoscimus,
2291 1619 2608 1679 cuiusmodi

351 1726 489 1782 sunt
532 1725 632 1783 lux
659 1728 720 1783 et
759 1726 1026 1785 tenebrae
1043 1770 1058 1797 ,
1105 1725 1318 1785 bellum
1347 1726 1408 1783 et
1449 1741 1589 1798 pax,
1636 1740 1787 1782 mors
1816 1725 1875 1783 et
1904 1723 2026 1783 uita
2046 1768 2061 1795 ,
2108 1722 2263 1783 Deus
2292 1724 2353 1781 et
2380 1721 2605 1781 Belial:

353 1829 826 1900 quemadmodum
877 1831 1125 1888 testatur
1171 1832 1231 1886 et
1271 1828 1472 1887 beatus
1517 1828 1731 1887 Paulus
1762 1827 1823 1895 in
1869 1828 2117 1886 secunda
2145 1829 2219 1887 ad
2249 1825 2603 1886 Corinthios:

353 1948 534 2004 quae
591 1933 780 1992 enim
835 1932 1320 2007 participatio
1379 1931 1732 1991 iustitiae
1788 1948 1942 1990 cum
1987 1930 2426 2004 iniquitate,
2484 1932 2609 1989 aut

356 2050 536 2107 quae
583 2035 910 2095 societas
954 2036 1105 2095 luci
1147 2037 1232 2103 ad
1277 2037 1670 2095 tenebras?
1718 2052 1895 2110 quae
1938 2033 2605 2121 autem'conuentio

281 2154 335 2192 15
360 2138 644 2198 Christi
687 2140 771 2199 ad
815 2139 1107 2200 Belial?
1168 2140 1496 2200 adhaesisse
1545 2140 1735 2199 Belial
1786 2143 1877 2199 est
1928 2139 2242 2213 abnegasse
2296 2138 2604 2208 Christum,

353 2245 658 2317 utcumque
686 2241 886 2316 lingua
915 2244 1015 2301 aut
1043 2242 1246 2303 habitu
1277 2243 1568 2303 Christum
1599 2242 1936 2317 profitearis.

440 2344 523 2407 De
553 2348 661 2405 hoc
691 2347 743 2405 si
773 2345 902 2419 quis
931 2347 1340 2419 simpliciorum
1371 2346 1682 2418 dubitarit,
1731 2346 1877 2409 dabo
1924 2348 2320 2419 argumentum
2352 2362 2603 2404 crassum
2627 2340 2705 2397 28

353 2452 414 2507 et
467 2450 721 2509 euidens.
791 2450 1074 2524 fingamus
1123 2454 1429 2525 tyrannum
1479 2451 1563 2509 ita
1607 2450 1761 2524 loqui
1807 2449 2129 2509 Christiano
2173 2437 2461 2508 ‘incendes
2512 2452 2607 2507 tus

353 2536 522 2626 Ioui',
577 2552 726 2614 nihil
775 2554 1076 2614 addentem
1127 2570 1233 2614 nec
1258 2585 1262 2590 ·
1285 2555 1605 2628 exigentem
1637 2556 1702 2615 ut
1733 2553 2019 2613 Christum
2068 2554 2341 2627 abneget:
2388 2552 2440 2611 si
2470 2552 2606 2612 ado-

281 2671 337 2712 20
352 2656 580 2728 leuerit,
634 2674 822 2718 nonne
874 2658 1096 2718 cunctis
1142 2657 1511 2718 manifestum
1555 2659 1668 2717 erit
1695 2657 1860 2717 illum
1888 2659 1996 2717 hoc
2024 2657 2147 2730 ipso
2181 2657 2471 2716 Christum
2500 2658 2605 2716 ab-

356 2776 618 2833 negasse,
673 2763 822 2836 quod
871 2760 997 2820 Ioui
1044 2761 1251 2820 fecerit
1282 2761 1613 2836 thymiama,
1658 2761 1883 2822 etiamsi
1912 2760 2057 2820 nihil
2088 2760 2341 2834 proferat
2372 2760 2607 2832 impium

353 2862 416 2920 in
468 2863 755 2923 Christum
776 2869 804 2923 ⁴?
853 2865 1323 2938 quemadmodum
1381 2866 1479 2937 qui
1531 2865 1769 2939 magicis
1822 2865 2043 2924 artibus
2094 2867 2331 2922 utuntur
2387 2865 2450 2945 (a
2496 2881 2606 2938 quo

351 2966 502 3025 malo
530 2984 636 3026 nos
665 2967 893 3028 Domini
923 2968 1312 3028 misericordia
1341 2969 1631 3040 liberauit,
1676 2969 1825 3028 sicut
1854 2987 1889 3026 a
1917 2969 2122 3029 ceteris
2154 2968 2433 3039 omnibus,
2477 2967 2605 3043 qui-

319 3070 462 3134 ,bus
511 3071 673 3130 iuxta
719 3074 968 3132 ueterem
1015 3073 1302 3131 hominem
1345 3072 1625 3145 quondam
1653 3051 2013 3131 ambulantes
2042 3067 2399 3152 tenebamur)
2432 3071 2607 3130 tacite

281 3188 334 3229 8⁶
355 3172 651 3234 Christum
701 3175 1006 3249 abnegant,
1059 3176 1194 3235 dum
1245 3192 1373 3235 cum
1428 3174 1797 3236 daemonibus
1850 3177 2065 3235 habent
2114 3175 2331 3235 foedus.
2398 3175 2511 3234 iam
2558 3175 2606 3234 si

351 3277 688 3337 Machabaei
743 3278 953 3340 fratres
997 3297 1111 3338 una
1153 3297 1282 3339 cum
1333 3281 1512 3340 matre
1559 3280 1881 3340 maluerunt
1910 3282 1997 3340 tot
2028 3279 2373 3339 cruciatibus
2403 3279 2606 3339 exani-

349 3381 497 3440 mari
540 3399 708 3456 quam
751 3399 918 3442 carne
959 3383 1130 3442 suilla
1163 3383 1332 3468 uesci,
1374 3384 1466 3452 sic
1507 3381 1902 3442 existimantes
1930 3401 2053 3442 eum
2086 3382 2265 3442 Deum
2294 3382 2441 3456 legis
2469 3399 2604 3441 auc-

349 3487 532 3544 torem
577 3501 786 3560 negare
836 3486 1096 3560 quisquis
1141 3486 1328 3546 sciens
1359 3503 1426 3545 ac
1455 3486 1654 3546 uolens
1701 3487 1848 3559 legis
1890 3489 2194 3560 praecepta
2238 3486 2448 3545 uiolat:
2496 3503 2606 3561 quo

351 3591 520 3662 pacto
551 3589 664 3648 sibi
692 3589 1000 3662 blanditur,
1033 3591 1132 3664 qui
1165 3590 1227 3649 in
1255 3590 1396 3649 luxu
1425 3565 1761 3651 temulentia
1790 3589 2033 3648 auaritia
2063 3589 2277 3663 rapinis
2308 3589 2605 3648 adulteriis

283 3704 336 3744 ³⁰
355 3691 600 3766 aliisque
629 3692 960 3753 criminibus
989 3697 1422 3767 consenescunt,
1456 3711 1600 3769 quae
1631 3690 1887 3768 gentium
1908 3689 2091 3752 'etiam
2121 3694 2277 3767 leges
2300 3695 2607 3754 noluerunt

351 3813 476 3856 esse
526 3797 808 3871 impunita
821 3802 850 3856 ’ἓ
897 3801 957 3857 et
1007 3817 1134 3858 cum
1186 3801 1273 3858 tot
1323 3798 1504 3860 modis
1550 3797 1841 3856 Christum
1894 3798 2179 3872 abnegent
2192 3843 2207 3870 ,
2258 3815 2383 3856 cum
2437 3797 2607 3856 toties

247 3873 262 3890 ’
353 3898 650 3958 immolent
679 3901 1068 3974 daemonibus,
1101 3919 1201 3975 pro
1232 3900 1580 3962 Christianis
1609 3901 1809 3961 haberi
1838 3900 2173 3974 postulant?
2222 3903 2395 3974 atque
2426 3901 2487 3958 111
2516 3901 2607 3960 his

355 4005 510 4074 sunt,
558 4004 656 4076 qui
685 4003 876 4079 palam
905 4005 1021 4063 ista
1051 4005 1414 4064 committunt
1443 4023 1510 4064 ac
1541 4003 1942 4079 propemodum
1980 4003 2156 4062 etiam
2196 4003 2518 4078 gloriantur
2546 4006 2605 4064 in

353 4105 526 4166 rebus
555 4106 852 4180 pessimis:
899 4109 1039 4167 adeo
1069 4125 1181 4167 non
1209 4109 1386 4182 pudet
1413 4111 1516 4166 aut
1543 4108 1705 4182 piget
1732 4106 2128 4166 admissorum.
2189 4109 2249 4166 et
2277 4110 2467 4168 tamen
2496 4127 2601 4167 au-

281 4225 332 4264 us
351 4207 488 4268 dent
538 4210 732 4269 uenire
773 4211 834 4269 in
873 4209 1173 4270 ecclesiam
1213 4214 1554 4283 sanctorum,
1587 4212 1800 4273 audent
1848 4209 2073 4269 misceri
2100 4210 2262 4284 gregi
2293 4210 2591 4270 dominico.

363 4535 374 4550 ἱ
494 4462 562 4516 13
597 4462 656 4516 11
691 4463 808 4518 Cor.
845 4463 894 4527 6,
933 4464 1014 4516 14.
