<?xml version="1.0" encoding="UTF-8"?>
<!DOCTYPE html PUBLIC "-//W3C//DTD XHTML 1.0 Transitional//EN"
    "http://www.w3.org/TR/xhtml1/DTD/xhtml1-transitional.dtd">
<html xmlns="http://www.w3.org/1999/xhtml" xml:lang="en" lang="en">
 <head>
  <title>
</title>
<meta http-equiv="Content-Type" content="text/html;charset=utf-8" />
  <meta name='ocr-system' content='tesseract 3.04.00' />
  <meta name='ocr-capabilities' content='ocr_page ocr_carea ocr_par ocr_line ocrx_word'/>
</head>
<body>
  <div class='ocr_page' id='page_1' title='image "./corpusscriptoru29wissgoog_0246.png"; bbox 0 0 3217 5150; ppageno 0'>
   <div class='ocr_carea' id='block_1_1' title="bbox 671 530 1970 625">
    <p class='ocr_par' dir='ltr' id='par_1_1' title="bbox 671 530 1970 625">
     <span class='ocr_line' id='line_1_1' title="bbox 671 530 1970 625; baseline -0.012 -29"><span class='ocrx_word' id='word_1_1' title='bbox 671 532 802 596; x_wconf 83' lang='lat'><strong>240</strong></span> <span class='ocrx_word' id='word_1_2' title='bbox 1263 612 1270 625; x_wconf 89' lang='lat'>.</span> <span class='ocrx_word' id='word_1_3' title='bbox 1607 530 1970 599; x_wconf 81' lang='lat' dir='ltr'><strong>Appendix.</strong></span> 
     </span>
    </p>
   </div>
   <div class='ocr_carea' id='block_1_2' title="bbox 575 688 2985 4280">
    <p class='ocr_par' dir='ltr' id='par_1_2' title="bbox 659 688 2963 1281">
     <span class='ocr_line' id='line_1_2' title="bbox 669 688 2917 766; baseline 0 -18"><span class='ocrx_word' id='word_1_4' title='bbox 669 688 820 749; x_wconf 88' lang='lat' dir='ltr'><strong>tales</strong></span> <span class='ocrx_word' id='word_1_5' title='bbox 863 690 1144 749; x_wconf 88' lang='lat' dir='ltr'><strong>interdum</strong></span> <span class='ocrx_word' id='word_1_6' title='bbox 1187 690 1393 749; x_wconf 90' lang='lat' dir='ltr'><strong>tolerat</strong></span> <span class='ocrx_word' id='word_1_7' title='bbox 1423 690 1680 765; x_wconf 85' lang='lat' dir='ltr'><strong>ecclesia,</strong></span> <span class='ocrx_word' id='word_1_8' title='bbox 1736 708 1805 749; x_wconf 89' lang='lat' dir='ltr'><strong>ne</strong></span> <span class='ocrx_word' id='word_1_9' title='bbox 1835 691 2125 764; x_wconf 87' lang='lat' dir='ltr'><strong>prouocati</strong></span> <span class='ocrx_word' id='word_1_10' title='bbox 2156 692 2339 765; x_wconf 86' lang='lat' dir='ltr'><strong>magis</strong></span> <span class='ocrx_word' id='word_1_11' title='bbox 2370 691 2545 751; x_wconf 89' lang='lat' dir='ltr'><strong>etiam</strong></span> <span class='ocrx_word' id='word_1_12' title='bbox 2576 692 2917 766; x_wconf 73' lang='lat' dir='ltr'>perturbent</span> 
     </span>
     <span class='ocr_line' id='line_1_3' title="bbox 669 793 2917 869; baseline 0.001 -16"><span class='ocrx_word' id='word_1_13' title='bbox 669 794 940 867; x_wconf 86' lang='lat' dir='ltr'><strong>populum</strong></span> <span class='ocrx_word' id='word_1_14' title='bbox 993 793 1129 851; x_wconf 90' lang='lat' dir='ltr'><strong>Dei:</strong></span> <span class='ocrx_word' id='word_1_15' title='bbox 1180 796 1280 852; x_wconf 83' lang='lat' dir='ltr'><strong>sed</strong></span> <span class='ocrx_word' id='word_1_16' title='bbox 1332 794 1468 868; x_wconf 91' lang='lat' dir='ltr'><strong>quid</strong></span> <span class='ocrx_word' id='word_1_17' title='bbox 1521 795 1754 867; x_wconf 86' lang='lat' dir='ltr'><strong>prodest</strong></span> <span class='ocrx_word' id='word_1_18' title='bbox 1782 812 1897 853; x_wconf 89' lang='lat' dir='ltr'><strong>non</strong></span> <span class='ocrx_word' id='word_1_19' title='bbox 1922 793 2050 853; x_wconf 89' lang='grc'><strong>01101</strong></span> <span class='ocrx_word' id='word_1_20' title='bbox 2081 797 2243 854; x_wconf 86' lang='grc'><strong>000111</strong></span> <span class='ocrx_word' id='word_1_21' title='bbox 2276 795 2517 869; x_wconf 89' lang='lat' dir='ltr'><strong>piorum,</strong></span> <span class='ocrx_word' id='word_1_22' title='bbox 2564 796 2615 855; x_wconf 91' lang='lat' dir='ltr'><strong>si</strong></span> <span class='ocrx_word' id='word_1_23' title='bbox 2644 795 2917 855; x_wconf 85' lang='lat' dir='ltr'><strong>merueris</strong></span> 
     </span>
     <span class='ocr_line' id='line_1_4' title="bbox 659 895 2916 971; baseline 0.001 -17"><span class='ocrx_word' id='word_1_24' title='bbox 659 895 798 955; x_wconf 83' lang='lat' dir='ltr'><strong>eiici</strong></span> <span class='ocrx_word' id='word_1_25' title='bbox 811 901 840 955; x_wconf 67' lang='grc' dir='ltr'><strong>’ἓ</strong></span> <span class='ocrx_word' id='word_1_26' title='bbox 886 914 1018 956; x_wconf 90' lang='lat' dir='ltr'><strong>nam</strong></span> <span class='ocrx_word' id='word_1_27' title='bbox 1059 897 1189 957; x_wconf 91' lang='lat' dir='ltr'><strong>eiici</strong></span> <span class='ocrx_word' id='word_1_28' title='bbox 1219 897 1528 956; x_wconf 86' lang='lat' dir='ltr'><strong>remedium</strong></span> <span class='ocrx_word' id='word_1_29' title='bbox 1560 900 1651 956; x_wconf 85' lang='lat' dir='ltr'><strong>est</strong></span> <span class='ocrx_word' id='word_1_30' title='bbox 1678 900 1737 970; x_wconf 83' lang='lat' dir='ltr'><strong>et</strong></span> <span class='ocrx_word' id='word_1_31' title='bbox 1767 898 1977 971; x_wconf 83' lang='lat' dir='ltr'><strong>gradus</strong></span> <span class='ocrx_word' id='word_1_32' title='bbox 2006 900 2079 956; x_wconf 84' lang='lat' dir='ltr'><strong>ad</strong></span> <span class='ocrx_word' id='word_1_33' title='bbox 2110 898 2550 971; x_wconf 75' lang='lat' dir='ltr'><strong>recuperandam</strong></span> <span class='ocrx_word' id='word_1_34' title='bbox 2578 898 2916 957; x_wconf 83' lang='lat' dir='ltr'><strong>sanitatem:</strong></span> 
     </span>
     <span class='ocr_line' id='line_1_5' title="bbox 667 1000 2921 1062; baseline 0.001 -5"><span class='ocrx_word' id='word_1_35' title='bbox 667 1000 999 1061; x_wconf 90' lang='lat' dir='ltr'><strong>eiectionem</strong></span> <span class='ocrx_word' id='word_1_36' title='bbox 1051 1002 1326 1062; x_wconf 87' lang='lat' dir='ltr'><strong>meruisse</strong></span> <span class='ocrx_word' id='word_1_37' title='bbox 1379 1019 1601 1061; x_wconf 88' lang='lat' dir='ltr'><strong>summa</strong></span> <span class='ocrx_word' id='word_1_38' title='bbox 1632 1000 1908 1059; x_wconf 89' lang='lat' dir='ltr'><strong>malorum</strong></span> <span class='ocrx_word' id='word_1_39' title='bbox 1938 1003 2044 1059; x_wconf 87' lang='lat' dir='ltr'><strong>est.</strong></span> <span class='ocrx_word' id='word_1_40' title='bbox 2094 1020 2161 1061; x_wconf 89' lang='lat' dir='ltr'><strong>ac</strong></span> <span class='ocrx_word' id='word_1_41' title='bbox 2192 1001 2407 1061; x_wconf 88' lang='lat' dir='ltr'><strong>frustra</strong></span> <span class='ocrx_word' id='word_1_42' title='bbox 2434 1000 2706 1061; x_wconf 85' lang='lat' dir='ltr'><strong>miscetur</strong></span> <span class='ocrx_word' id='word_1_43' title='bbox 2734 1002 2921 1061; x_wconf 88' lang='lat' dir='ltr'><strong>coetui</strong></span> 
     </span>
     <span class='ocr_line' id='line_1_6' title="bbox 668 1104 2963 1179; baseline 0.002 -19"><span class='ocrx_word' id='word_1_44' title='bbox 668 1106 990 1163; x_wconf 87' lang='lat' dir='ltr'><strong>sanctorum</strong></span> <span class='ocrx_word' id='word_1_45' title='bbox 1021 1105 1080 1163; x_wconf 91' lang='lat' dir='ltr'><strong>in</strong></span> <span class='ocrx_word' id='word_1_46' title='bbox 1121 1104 1333 1179; x_wconf 87' lang='lat' dir='ltr'><strong>templo</strong></span> <span class='ocrx_word' id='word_1_47' title='bbox 1377 1104 1719 1176; x_wconf 87' lang='lat' dir='ltr'><strong>manufacto,</strong></span> <span class='ocrx_word' id='word_1_48' title='bbox 1774 1104 1823 1163; x_wconf 89' lang='lat' dir='ltr'><strong>si</strong></span> <span class='ocrx_word' id='word_1_49' title='bbox 1876 1106 2171 1163; x_wconf 88' lang='lat' dir='ltr'><strong>submotus</strong></span> <span class='ocrx_word' id='word_1_50' title='bbox 2227 1107 2317 1164; x_wconf 90' lang='lat' dir='ltr'><strong>est</strong></span> <span class='ocrx_word' id='word_1_51' title='bbox 2344 1121 2381 1162; x_wconf 90' lang='lat' dir='ltr'><strong>a</strong></span> <span class='ocrx_word' id='word_1_52' title='bbox 2408 1104 2692 1164; x_wconf 89' lang='lat' dir='ltr'><strong>consortio</strong></span> <span class='ocrx_word' id='word_1_53' title='bbox 2724 1104 2831 1165; x_wconf 91' lang='lat' dir='ltr'><strong>Dei</strong></span> <span class='ocrx_word' id='word_1_54' title='bbox 2860 1107 2918 1165; x_wconf 91' lang='lat' dir='ltr'><strong>et</strong></span> <span class='ocrx_word' id='word_1_55' title='bbox 2940 1127 2963 1164; x_wconf 75' lang='lat'>⁵</span> 
     </span>
     <span class='ocr_line' id='line_1_7' title="bbox 671 1207 1833 1281; baseline 0 -16"><span class='ocrx_word' id='word_1_56' title='bbox 671 1208 742 1265; x_wconf 89' lang='lat' dir='ltr'><strong>ab</strong></span> <span class='ocrx_word' id='word_1_57' title='bbox 772 1208 1037 1268; x_wconf 86' lang='lat' dir='ltr'><strong>uniuerso</strong></span> <span class='ocrx_word' id='word_1_58' title='bbox 1067 1224 1298 1280; x_wconf 87' lang='lat' dir='ltr'><strong>corpore</strong></span> <span class='ocrx_word' id='word_1_59' title='bbox 1328 1208 1566 1281; x_wconf 86' lang='lat' dir='ltr'><strong>mystice</strong></span> <span class='ocrx_word' id='word_1_60' title='bbox 1599 1207 1833 1266; x_wconf 76' lang='lat' dir='ltr'><strong>Christi.</strong></span> 
     </span>
    </p>

    <p class='ocr_par' dir='ltr' id='par_1_3' title="bbox 575 1306 2985 4280">
     <span class='ocr_line' id='line_1_8' title="bbox 575 1306 2910 1385; baseline 0.003 -22"><span class='ocrx_word' id='word_1_61' title='bbox 575 1306 653 1365; x_wconf 84' lang='lat'><strong>29</strong></span> <span class='ocrx_word' id='word_1_62' title='bbox 753 1310 990 1384; x_wconf 83' lang='lat' dir='ltr'><strong>Oportet</strong></span> <span class='ocrx_word' id='word_1_63' title='bbox 1018 1314 1210 1370; x_wconf 89' lang='lat' dir='ltr'><strong>autem</strong></span> <span class='ocrx_word' id='word_1_64' title='bbox 1241 1313 1299 1370; x_wconf 92' lang='lat' dir='ltr'><strong>et</strong></span> <span class='ocrx_word' id='word_1_65' title='bbox 1331 1309 1477 1370; x_wconf 91' lang='lat' dir='ltr'><strong>illud</strong></span> <span class='ocrx_word' id='word_1_66' title='bbox 1503 1311 1861 1370; x_wconf 86' lang='lat' dir='ltr'><strong>considerare</strong></span> <span class='ocrx_word' id='word_1_67' title='bbox 1888 1314 2233 1385; x_wconf 73' lang='lat' dir='ltr'><strong>quantopere</strong></span> <span class='ocrx_word' id='word_1_68' title='bbox 2260 1311 2573 1371; x_wconf 76' lang='lat' dir='ltr'><strong>Christiani</strong></span> <span class='ocrx_word' id='word_1_69' title='bbox 2603 1312 2910 1372; x_wconf 89' lang='lat' dir='ltr'><strong>abhorrent</strong></span> 
     </span>
     <span class='ocr_line' id='line_1_9' title="bbox 663 1413 2911 1489; baseline 0 -15"><span class='ocrx_word' id='word_1_70' title='bbox 663 1417 736 1474; x_wconf 92' lang='lat' dir='ltr'><strong>ab</strong></span> <span class='ocrx_word' id='word_1_71' title='bbox 765 1413 1100 1489; x_wconf 73' lang='lat' dir='ltr'><strong>idolothytis</strong></span> <span class='ocrx_word' id='word_1_72' title='bbox 1132 1417 1190 1474; x_wconf 91' lang='lat' dir='ltr'><strong>et</strong></span> <span class='ocrx_word' id='word_1_73' title='bbox 1219 1416 1295 1473; x_wconf 90' lang='lat' dir='ltr'><strong>ab</strong></span> <span class='ocrx_word' id='word_1_74' title='bbox 1323 1414 1588 1487; x_wconf 90' lang='lat' dir='ltr'><strong>ingressu</strong></span> <span class='ocrx_word' id='word_1_75' title='bbox 1618 1413 1881 1473; x_wconf 88' lang='lat' dir='ltr'><strong>fanorum</strong></span> <span class='ocrx_word' id='word_1_76' title='bbox 1908 1416 2079 1487; x_wconf 86' lang='lat' dir='ltr'><strong>atque</strong></span> <span class='ocrx_word' id='word_1_77' title='bbox 2108 1416 2182 1475; x_wconf 89' lang='lat' dir='ltr'><strong>ab</strong></span> <span class='ocrx_word' id='word_1_78' title='bbox 2210 1414 2351 1488; x_wconf 91' lang='lat' dir='ltr'><strong>ipsis</strong></span> <span class='ocrx_word' id='word_1_79' title='bbox 2376 1415 2549 1474; x_wconf 86' lang='lat' dir='ltr'><strong>etiam</strong></span> <span class='ocrx_word' id='word_1_80' title='bbox 2570 1414 2911 1477; x_wconf 72' lang='lat' dir='ltr'><strong>simulacris,</strong></span> 
     </span>
     <span class='ocr_line' id='line_1_10' title="bbox 664 1516 2902 1593; baseline 0.001 -17"><span class='ocrx_word' id='word_1_81' title='bbox 664 1534 790 1577; x_wconf 88' lang='lat' dir='ltr'><strong>cum</strong></span> <span class='ocrx_word' id='word_1_82' title='bbox 841 1518 1042 1577; x_wconf 86' lang='lat' dir='ltr'><strong>beatus</strong></span> <span class='ocrx_word' id='word_1_83' title='bbox 1071 1517 1288 1577; x_wconf 89' lang='lat' dir='ltr'><strong>Paulus</strong></span> <span class='ocrx_word' id='word_1_84' title='bbox 1320 1517 1526 1576; x_wconf 89' lang='lat' dir='ltr'><strong>clamet</strong></span> <span class='ocrx_word' id='word_1_85' title='bbox 1554 1534 1735 1591; x_wconf 88' lang='lat' dir='ltr'><strong>neque</strong></span> <span class='ocrx_word' id='word_1_86' title='bbox 1764 1518 1979 1577; x_wconf 90' lang='lat' dir='ltr'><strong>idolum</strong></span> <span class='ocrx_word' id='word_1_87' title='bbox 2006 1534 2131 1577; x_wconf 88' lang='lat' dir='ltr'><strong>esse</strong></span> <span class='ocrx_word' id='word_1_88' title='bbox 2162 1516 2381 1592; x_wconf 88' lang='lat' dir='ltr'><strong>aliquid</strong></span> <span class='ocrx_word' id='word_1_89' title='bbox 2407 1535 2587 1593; x_wconf 89' lang='lat' dir='ltr'><strong>neque</strong></span> <span class='ocrx_word' id='word_1_90' title='bbox 2616 1518 2902 1593; x_wconf 84' lang='lat' dir='ltr'><strong>idolothy-</strong></span> 
     </span>
     <span class='ocr_line' id='line_1_11' title="bbox 661 1620 2985 1696; baseline -0.002 -15"><span class='ocrx_word' id='word_1_91' title='bbox 661 1625 802 1693; x_wconf 86' lang='lat' dir='ltr'><strong>tum,</strong></span> <span class='ocrx_word' id='word_1_92' title='bbox 854 1621 1035 1680; x_wconf 89' lang='lat' dir='ltr'><strong>multo</strong></span> <span class='ocrx_word' id='word_1_93' title='bbox 1087 1620 1274 1679; x_wconf 89' lang='lat' dir='ltr'><strong>minus</strong></span> <span class='ocrx_word' id='word_1_94' title='bbox 1329 1620 1524 1679; x_wconf 84' lang='lat' dir='ltr'><strong>fanum</strong></span> <span class='ocrx_word' id='word_1_95' title='bbox 1579 1637 1647 1680; x_wconf 85' lang='lat' dir='ltr'><strong>ex</strong></span> <span class='ocrx_word' id='word_1_96' title='bbox 1699 1620 1985 1694; x_wconf 80' lang='lat' dir='ltr'><strong>lapidibus</strong></span> <span class='ocrx_word' id='word_1_97' title='bbox 2016 1623 2404 1681; x_wconf 87' lang='lat' dir='ltr'><strong>constructum</strong></span> <span class='ocrx_word' id='word_1_98' title='bbox 2434 1623 2522 1680; x_wconf 89' lang='lat' dir='ltr'><strong>est</strong></span> <span class='ocrx_word' id='word_1_99' title='bbox 2550 1621 2803 1696; x_wconf 85' lang='lat' dir='ltr'><strong>aliquid:</strong></span> <span class='ocrx_word' id='word_1_100' title='bbox 2848 1624 2907 1681; x_wconf 88' lang='lat' dir='ltr'><strong>et</strong></span> <span class='ocrx_word' id='word_1_101' title='bbox 2938 1640 2985 1678; x_wconf 84' lang='grc' dir='ltr'><strong>ιο</strong></span> 
     </span>
     <span class='ocr_line' id='line_1_12' title="bbox 659 1723 2907 1799; baseline -0 -15"><span class='ocrx_word' id='word_1_102' title='bbox 659 1727 851 1784; x_wconf 89' lang='lat' dir='ltr'><strong>tamen</strong></span> <span class='ocrx_word' id='word_1_103' title='bbox 901 1724 1276 1797; x_wconf 81' lang='lat' dir='ltr'><strong>plurimorum</strong></span> <span class='ocrx_word' id='word_1_104' title='bbox 1317 1724 1541 1781; x_wconf 85' lang='lat' dir='ltr'><strong>animus</strong></span> <span class='ocrx_word' id='word_1_105' title='bbox 1571 1740 1639 1782; x_wconf 91' lang='lat' dir='ltr'><strong>ea</strong></span> <span class='ocrx_word' id='word_1_106' title='bbox 1668 1723 1945 1797; x_wconf 84' lang='lat' dir='ltr'><strong>religione</strong></span> <span class='ocrx_word' id='word_1_107' title='bbox 1974 1726 2219 1796; x_wconf 86' lang='lat' dir='ltr'><strong>tenetur,</strong></span> <span class='ocrx_word' id='word_1_108' title='bbox 2276 1725 2343 1783; x_wconf 90' lang='lat' dir='ltr'><strong>ut</strong></span> <span class='ocrx_word' id='word_1_109' title='bbox 2368 1726 2606 1784; x_wconf 90' lang='lat' dir='ltr'><strong>mortem</strong></span> <span class='ocrx_word' id='word_1_110' title='bbox 2636 1728 2907 1799; x_wconf 86' lang='lat' dir='ltr'><strong>oppetant</strong></span> 
     </span>
     <span class='ocr_line' id='line_1_13' title="bbox 662 1825 2906 1901; baseline 0 -15"><span class='ocrx_word' id='word_1_111' title='bbox 662 1827 832 1887; x_wconf 90' lang='lat' dir='ltr'><strong>citius</strong></span> <span class='ocrx_word' id='word_1_112' title='bbox 883 1845 1054 1900; x_wconf 91' lang='lat' dir='ltr'><strong>quam</strong></span> <span class='ocrx_word' id='word_1_113' title='bbox 1097 1828 1332 1900; x_wconf 79' lang='lat' dir='ltr'><strong>gustent</strong></span> <span class='ocrx_word' id='word_1_114' title='bbox 1374 1826 1542 1886; x_wconf 91' lang='lat' dir='ltr'><strong>idolis</strong></span> <span class='ocrx_word' id='word_1_115' title='bbox 1571 1825 1955 1886; x_wconf 83' lang='lat' dir='ltr'><strong>immolatum:</strong></span> <span class='ocrx_word' id='word_1_116' title='bbox 2001 1830 2061 1887; x_wconf 90' lang='lat' dir='ltr'><strong>et</strong></span> <span class='ocrx_word' id='word_1_117' title='bbox 2091 1826 2435 1900; x_wconf 84' lang='lat' dir='ltr'><strong>inexpiabile</strong></span> <span class='ocrx_word' id='word_1_118' title='bbox 2465 1827 2757 1901; x_wconf 82' lang='lat' dir='ltr'><strong>piaculum</strong></span> <span class='ocrx_word' id='word_1_119' title='bbox 2786 1844 2906 1887; x_wconf 88' lang='grc'><strong>0880</strong></span> 
     </span>
     <span class='ocr_line' id='line_1_14' title="bbox 663 1931 2912 2009; baseline 0.001 -18"><span class='ocrx_word' id='word_1_120' title='bbox 663 1932 894 2003; x_wconf 86' lang='lat' dir='ltr'><strong>ducant,</strong></span> <span class='ocrx_word' id='word_1_121' title='bbox 940 1931 992 1990; x_wconf 89' lang='lat' dir='ltr'><strong>si</strong></span> <span class='ocrx_word' id='word_1_122' title='bbox 1047 1931 1444 2004; x_wconf 84' lang='lat' dir='ltr'><strong>ingrediantur</strong></span> <span class='ocrx_word' id='word_1_123' title='bbox 1495 1931 1694 1990; x_wconf 89' lang='lat' dir='ltr'><strong>fanum</strong></span> <span class='ocrx_word' id='word_1_124' title='bbox 1721 1931 1877 1991; x_wconf 88' lang='lat' dir='ltr'><strong>Iouis</strong></span> <span class='ocrx_word' id='word_1_125' title='bbox 1920 1934 2021 1991; x_wconf 88' lang='lat' dir='ltr'><strong>aut</strong></span> <span class='ocrx_word' id='word_1_126' title='bbox 2048 1931 2337 2006; x_wconf 79' lang='lat' dir='ltr'><strong>Apollinis</strong></span> <span class='ocrx_word' id='word_1_127' title='bbox 2366 1934 2469 1991; x_wconf 90' lang='lat' dir='ltr'><strong>aut</strong></span> <span class='ocrx_word' id='word_1_128' title='bbox 2495 1932 2713 1993; x_wconf 89' lang='lat' dir='ltr'><strong>Dianae</strong></span> <span class='ocrx_word' id='word_1_129' title='bbox 2740 1950 2912 2009; x_wconf 84' lang='lat' dir='ltr'><strong>seque</strong></span> 
     </span>
     <span class='ocr_line' id='line_1_15' title="bbox 665 2034 2911 2110; baseline 0 -16"><span class='ocrx_word' id='word_1_130' title='bbox 665 2037 870 2108; x_wconf 86' lang='lat' dir='ltr'><strong>putent</strong></span> <span class='ocrx_word' id='word_1_131' title='bbox 921 2037 1186 2095; x_wconf 89' lang='lat' dir='ltr'><strong>contactu</strong></span> <span class='ocrx_word' id='word_1_132' title='bbox 1241 2034 1531 2093; x_wconf 85' lang='lat' dir='ltr'><strong>simulacri</strong></span> <span class='ocrx_word' id='word_1_133' title='bbox 1581 2034 1949 2094; x_wconf 89' lang='lat' dir='ltr'><strong>uehementer</strong></span> <span class='ocrx_word' id='word_1_134' title='bbox 1997 2035 2395 2095; x_wconf 88' lang='lat' dir='ltr'><strong>contaminari.</strong></span> <span class='ocrx_word' id='word_1_135' title='bbox 2442 2036 2702 2109; x_wconf 86' lang='lat' dir='ltr'><strong>equidem</strong></span> <span class='ocrx_word' id='word_1_136' title='bbox 2742 2036 2911 2110; x_wconf 87' lang='lat' dir='ltr'><strong>probo</strong></span> 
     </span>
     <span class='ocr_line' id='line_1_16' title="bbox 669 2137 2981 2213; baseline -0.001 -14"><span class='ocrx_word' id='word_1_137' title='bbox 669 2137 870 2199; x_wconf 87' lang='lat' dir='ltr'><strong>talium</strong></span> <span class='ocrx_word' id='word_1_138' title='bbox 900 2138 1254 2211; x_wconf 85' lang='lat' dir='ltr'><strong>religionem,</strong></span> <span class='ocrx_word' id='word_1_139' title='bbox 1310 2138 1360 2196; x_wconf 91' lang='lat' dir='ltr'><strong>si</strong></span> <span class='ocrx_word' id='word_1_140' title='bbox 1393 2137 1505 2197; x_wconf 90' lang='lat' dir='ltr'><strong>sibi</strong></span> <span class='ocrx_word' id='word_1_141' title='bbox 1533 2140 1760 2197; x_wconf 88' lang='lat' dir='ltr'><strong>constet</strong></span> <span class='ocrx_word' id='word_1_142' title='bbox 1789 2138 1849 2195; x_wconf 92' lang='lat' dir='ltr'><strong>in</strong></span> <span class='ocrx_word' id='word_1_143' title='bbox 1888 2138 2165 2199; x_wconf 69' lang='lat' dir='ltr'><strong>omnibus</strong></span> <span class='ocrx_word' id='word_1_144' title='bbox 2214 2156 2365 2198; x_wconf 90' lang='lat' dir='ltr'><strong>nunc</strong></span> <span class='ocrx_word' id='word_1_145' title='bbox 2396 2156 2497 2213; x_wconf 91' lang='lat' dir='ltr'><strong>pro</strong></span> <span class='ocrx_word' id='word_1_146' title='bbox 2530 2139 2689 2199; x_wconf 91' lang='lat' dir='ltr'><strong>dolor</strong></span> <span class='ocrx_word' id='word_1_147' title='bbox 2720 2139 2909 2199; x_wconf 89' lang='lat' dir='ltr'><strong>uidere</strong></span> <span class='ocrx_word' id='word_1_148' title='bbox 2934 2158 2981 2197; x_wconf 74' lang='lat'><strong>15</strong></span> 
     </span>
     <span class='ocr_line' id='line_1_17' title="bbox 671 2240 2915 2317; baseline -0 -15"><span class='ocrx_word' id='word_1_149' title='bbox 671 2245 762 2302; x_wconf 89' lang='lat' dir='ltr'><strong>est</strong></span> <span class='ocrx_word' id='word_1_150' title='bbox 811 2242 1085 2316; x_wconf 80' lang='lat' dir='ltr'><strong>quosdam</strong></span> <span class='ocrx_word' id='word_1_151' title='bbox 1115 2241 1178 2299; x_wconf 90' lang='lat' dir='ltr'><strong>in</strong></span> <span class='ocrx_word' id='word_1_152' title='bbox 1207 2240 1300 2299; x_wconf 91' lang='lat' dir='ltr'><strong>his</strong></span> <span class='ocrx_word' id='word_1_153' title='bbox 1332 2257 1510 2314; x_wconf 87' lang='lat' dir='ltr'><strong>paene</strong></span> <span class='ocrx_word' id='word_1_154' title='bbox 1542 2240 1939 2314; x_wconf 79' lang='lat' dir='ltr'><strong>superstitiose</strong></span> <span class='ocrx_word' id='word_1_155' title='bbox 1968 2242 2240 2316; x_wconf 83' lang='lat' dir='ltr'><strong>trepides,</strong></span> <span class='ocrx_word' id='word_1_156' title='bbox 2294 2243 2357 2301; x_wconf 92' lang='grc'><strong>111</strong></span> <span class='ocrx_word' id='word_1_157' title='bbox 2400 2242 2531 2303; x_wconf 81' lang='lat' dir='ltr'><strong>aliis</strong></span> <span class='ocrx_word' id='word_1_158' title='bbox 2560 2242 2660 2302; x_wconf 90' lang='lat' dir='ltr'><strong>ubi</strong></span> <span class='ocrx_word' id='word_1_159' title='bbox 2688 2244 2915 2317; x_wconf 88' lang='lat' dir='ltr'><strong>grauior</strong></span> 
     </span>
     <span class='ocr_line' id='line_1_18' title="bbox 671 2343 2910 2421; baseline -0 -16"><span class='ocrx_word' id='word_1_160' title='bbox 671 2348 796 2406; x_wconf 91' lang='lat' dir='ltr'><strong>erat</strong></span> <span class='ocrx_word' id='word_1_161' title='bbox 853 2343 1144 2405; x_wconf 86' lang='lat' dir='ltr'><strong>metuendi</strong></span> <span class='ocrx_word' id='word_1_162' title='bbox 1195 2360 1368 2403; x_wconf 86' lang='lat' dir='ltr'><strong>causa</strong></span> <span class='ocrx_word' id='word_1_163' title='bbox 1411 2343 1648 2403; x_wconf 90' lang='lat' dir='ltr'><strong>nimium</strong></span> <span class='ocrx_word' id='word_1_164' title='bbox 1678 2360 1807 2404; x_wconf 90' lang='grc'><strong>0880</strong></span> <span class='ocrx_word' id='word_1_165' title='bbox 1836 2360 2083 2405; x_wconf 87' lang='grc'><strong>80011108.</strong></span> <span class='ocrx_word' id='word_1_166' title='bbox 2128 2362 2233 2419; x_wconf 92' lang='lat' dir='ltr'><strong>per</strong></span> <span class='ocrx_word' id='word_1_167' title='bbox 2262 2362 2325 2404; x_wconf 90' lang='lat' dir='ltr'><strong>se</strong></span> <span class='ocrx_word' id='word_1_168' title='bbox 2356 2362 2468 2405; x_wconf 91' lang='grc'><strong>11011</strong></span> <span class='ocrx_word' id='word_1_169' title='bbox 2498 2346 2759 2421; x_wconf 84' lang='lat' dir='ltr'><strong>inquinat</strong></span> <span class='ocrx_word' id='word_1_170' title='bbox 2788 2346 2910 2406; x_wconf 89' lang='lat' dir='ltr'><strong>ani-</strong></span> 
     </span>
     <span class='ocr_line' id='line_1_19' title="bbox 668 2447 2909 2524; baseline -0 -15"><span class='ocrx_word' id='word_1_171' title='bbox 668 2468 818 2510; x_wconf 88' lang='lat' dir='ltr'><strong>mam</strong></span> <span class='ocrx_word' id='word_1_172' title='bbox 870 2450 1165 2509; x_wconf 86' lang='lat' dir='ltr'><strong>contactus</strong></span> <span class='ocrx_word' id='word_1_173' title='bbox 1216 2447 1356 2508; x_wconf 90' lang='lat' dir='ltr'><strong>idoli</strong></span> <span class='ocrx_word' id='word_1_174' title='bbox 1400 2465 1506 2507; x_wconf 88' lang='lat' dir='ltr'><strong>nec</strong></span> <span class='ocrx_word' id='word_1_175' title='bbox 1537 2447 1831 2523; x_wconf 87' lang='lat' dir='ltr'><strong>ingressus</strong></span> <span class='ocrx_word' id='word_1_176' title='bbox 1860 2448 1979 2507; x_wconf 90' lang='lat' dir='ltr'><strong>fani</strong></span> <span class='ocrx_word' id='word_1_177' title='bbox 2010 2464 2115 2507; x_wconf 88' lang='lat' dir='ltr'><strong>nec</strong></span> <span class='ocrx_word' id='word_1_178' title='bbox 2142 2466 2274 2507; x_wconf 88' lang='lat' dir='ltr'><strong>esus</strong></span> <span class='ocrx_word' id='word_1_179' title='bbox 2302 2448 2636 2524; x_wconf 82' lang='lat' dir='ltr'><strong>idolothyti:</strong></span> <span class='ocrx_word' id='word_1_180' title='bbox 2683 2451 2783 2509; x_wconf 87' lang='lat' dir='ltr'><strong>sed</strong></span> <span class='ocrx_word' id='word_1_181' title='bbox 2812 2466 2909 2524; x_wconf 86' lang='lat' dir='ltr'><strong>per</strong></span> 
     </span>
     <span class='ocr_line' id='line_1_20' title="bbox 665 2551 2906 2628; baseline -0.001 -13"><span class='ocrx_word' id='word_1_182' title='bbox 665 2574 726 2616; x_wconf 89' lang='lat' dir='ltr'><strong>se</strong></span> <span class='ocrx_word' id='word_1_183' title='bbox 781 2554 991 2628; x_wconf 91' lang='lat' dir='ltr'><strong>polluit</strong></span> <span class='ocrx_word' id='word_1_184' title='bbox 1042 2553 1448 2614; x_wconf 87' lang='lat' dir='ltr'><strong>conscientiam</strong></span> <span class='ocrx_word' id='word_1_185' title='bbox 1490 2569 1648 2613; x_wconf 87' lang='lat' dir='ltr'><strong>amor</strong></span> <span class='ocrx_word' id='word_1_186' title='bbox 1688 2551 1962 2626; x_wconf 86' lang='lat' dir='ltr'><strong>pecuniae</strong></span> <span class='ocrx_word' id='word_1_187' title='bbox 1992 2552 2243 2612; x_wconf 87' lang='lat' dir='ltr'><strong>incestus</strong></span> <span class='ocrx_word' id='word_1_188' title='bbox 2273 2552 2475 2628; x_wconf 86' lang='lat' dir='ltr'><strong>rapina</strong></span> <span class='ocrx_word' id='word_1_189' title='bbox 2499 2552 2819 2628; x_wconf 82' lang='lat' dir='ltr'><strong>hypocrisis</strong></span> <span class='ocrx_word' id='word_1_190' title='bbox 2849 2556 2906 2612; x_wconf 90' lang='lat' dir='ltr'><strong>et</strong></span> 
     </span>
     <span class='ocr_line' id='line_1_21' title="bbox 655 2656 2967 2731; baseline -0.003 -12"><span class='ocrx_word' id='word_1_191' title='bbox 655 2661 748 2719; x_wconf 92' lang='lat' dir='ltr'><strong>his</strong></span> <span class='ocrx_word' id='word_1_192' title='bbox 778 2658 990 2718; x_wconf 84' lang='lat' dir='ltr'><strong>similia</strong></span> <span class='ocrx_word' id='word_1_193' title='bbox 1020 2660 1294 2716; x_wconf 90' lang='lat' dir='ltr'><strong>monstra.</strong></span> <span class='ocrx_word' id='word_1_194' title='bbox 1342 2674 1512 2731; x_wconf 88' lang='lat' dir='ltr'><strong>quam</strong></span> <span class='ocrx_word' id='word_1_195' title='bbox 1540 2673 1674 2716; x_wconf 91' lang='lat' dir='ltr'><strong>uero</strong></span> <span class='ocrx_word' id='word_1_196' title='bbox 1704 2656 1965 2730; x_wconf 87' lang='lat' dir='ltr'><strong>congruit</strong></span> <span class='ocrx_word' id='word_1_197' title='bbox 1994 2657 2225 2717; x_wconf 90' lang='lat' dir='ltr'><strong>horrere</strong></span> <span class='ocrx_word' id='word_1_198' title='bbox 2256 2657 2380 2716; x_wconf 87' lang='lat' dir='ltr'><strong>fani</strong></span> <span class='ocrx_word' id='word_1_199' title='bbox 2408 2658 2749 2731; x_wconf 89' lang='lat' dir='ltr'><strong>ingressum,</strong></span> <span class='ocrx_word' id='word_1_200' title='bbox 2791 2673 2896 2716; x_wconf 91' lang='lat' dir='ltr'><strong>nec</strong></span> <span class='ocrx_word' id='word_1_201' title='bbox 2918 2673 2967 2712; x_wconf 75' lang='lat' dir='ltr'><strong>so</strong></span> 
     </span>
     <span class='ocr_line' id='line_1_22' title="bbox 656 2759 2901 2834; baseline 0 -14"><span class='ocrx_word' id='word_1_202' title='bbox 656 2765 885 2822; x_wconf 91' lang='lat' dir='ltr'><strong>horrere</strong></span> <span class='ocrx_word' id='word_1_203' title='bbox 916 2761 978 2818; x_wconf 93' lang='lat' dir='ltr'><strong>in</strong></span> <span class='ocrx_word' id='word_1_204' title='bbox 1009 2761 1221 2833; x_wconf 88' lang='lat' dir='ltr'><strong>templo</strong></span> <span class='ocrx_word' id='word_1_205' title='bbox 1255 2762 1450 2819; x_wconf 89' lang='lat' dir='ltr'><strong>sancto</strong></span> <span class='ocrx_word' id='word_1_206' title='bbox 1495 2759 1723 2834; x_wconf 89' lang='lat' dir='ltr'><strong>spiritui</strong></span> <span class='ocrx_word' id='word_1_207' title='bbox 1764 2763 2089 2820; x_wconf 88' lang='lat' dir='ltr'><strong>consecrato</strong></span> <span class='ocrx_word' id='word_1_208' title='bbox 2142 2759 2407 2820; x_wconf 88' lang='lat' dir='ltr'><strong>uictimas</strong></span> <span class='ocrx_word' id='word_1_209' title='bbox 2448 2761 2737 2820; x_wconf 88' lang='lat' dir='ltr'><strong>immolare</strong></span> <span class='ocrx_word' id='word_1_210' title='bbox 2770 2762 2901 2820; x_wconf 86' lang='lat' dir='ltr'><strong>dae-</strong></span> 
     </span>
     <span class='ocr_line' id='line_1_23' title="bbox 656 2862 2913 2943; baseline -0.001 -19"><span class='ocrx_word' id='word_1_211' title='bbox 656 2864 861 2924; x_wconf 90' lang='lat' dir='ltr'><strong>moniis</strong></span> <span class='ocrx_word' id='word_1_212' title='bbox 879 2868 908 2923; x_wconf 85' lang='lat'><strong>?</strong></span> <span class='ocrx_word' id='word_1_213' title='bbox 957 2864 1164 2923; x_wconf 89' lang='lat' dir='ltr'><strong>clamat</strong></span> <span class='ocrx_word' id='word_1_214' title='bbox 1196 2865 1430 2922; x_wconf 88' lang='lat' dir='ltr'><strong>sanctus</strong></span> <span class='ocrx_word' id='word_1_215' title='bbox 1461 2862 1675 2922; x_wconf 90' lang='lat' dir='ltr'><strong>Paulus</strong></span> <span class='ocrx_word' id='word_1_216' title='bbox 1706 2862 1959 2922; x_wconf 89' lang='lat' dir='ltr'><strong>scribens</strong></span> <span class='ocrx_word' id='word_1_217' title='bbox 1989 2862 2331 2922; x_wconf 87' lang='lat' dir='ltr'><strong>Corinthiis:</strong></span> <span class='ocrx_word' id='word_1_218' title='bbox 2378 2863 2693 2923; x_wconf 87' lang='lat' dir='ltr'><strong>nescitis</strong></span> <span class='ocrx_word' id='word_1_219' title='bbox 2738 2864 2863 2943; x_wconf 91' lang='lat' dir='ltr'><strong>qui</strong></span> <span class='ocrx_word' id='word_1_220' title='bbox 2880 2881 2913 2922; x_wconf 85' lang='lat' dir='ltr'><strong>a</strong></span> 
     </span>
     <span class='ocr_line' id='line_1_24' title="bbox 655 2965 2908 3040; baseline -0.001 -13"><span class='ocrx_word' id='word_1_221' title='bbox 655 2966 998 3040; x_wconf 91' lang='lat' dir='ltr'><strong>templum</strong></span> <span class='ocrx_word' id='word_1_222' title='bbox 1041 2965 1171 3024; x_wconf 88' lang='lat' dir='ltr'><strong>Dei</strong></span> <span class='ocrx_word' id='word_1_223' title='bbox 1240 2966 1446 3038; x_wconf 90' lang='lat' dir='ltr'><strong>estis,</strong></span> <span class='ocrx_word' id='word_1_224' title='bbox 1515 2969 1588 3024; x_wconf 91' lang='lat' dir='ltr'><strong>et</strong></span> <span class='ocrx_word' id='word_1_225' title='bbox 1646 2966 1966 3040; x_wconf 86' lang='lat' dir='ltr'><strong>spiritus</strong></span> <span class='ocrx_word' id='word_1_226' title='bbox 2008 2966 2137 3025; x_wconf 88' lang='lat' dir='ltr'><strong>Dei</strong></span> <span class='ocrx_word' id='word_1_227' title='bbox 2202 2967 2497 3027; x_wconf 87' lang='lat' dir='ltr'><strong>habitat</strong></span> <span class='ocrx_word' id='word_1_228' title='bbox 2540 2966 2612 3025; x_wconf 92' lang='lat' dir='ltr'><strong>in</strong></span> <span class='ocrx_word' id='word_1_229' title='bbox 2658 2967 2908 3027; x_wconf 75' lang='lat' dir='ltr'><strong>uobis?</strong></span> 
     </span>
     <span class='ocr_line' id='line_1_25' title="bbox 656 3068 2909 3144; baseline -0 -15"><span class='ocrx_word' id='word_1_230' title='bbox 656 3070 718 3129; x_wconf 88' lang='lat' dir='ltr'><strong>si</strong></span> <span class='ocrx_word' id='word_1_231' title='bbox 763 3069 922 3143; x_wconf 88' lang='lat' dir='ltr'><strong>quis</strong></span> <span class='ocrx_word' id='word_1_232' title='bbox 965 3071 1200 3128; x_wconf 85' lang='lat' dir='ltr'><strong>autem</strong></span> <span class='ocrx_word' id='word_1_233' title='bbox 1243 3069 1588 3140; x_wconf 89' lang='lat' dir='ltr'><strong>templum</strong></span> <span class='ocrx_word' id='word_1_234' title='bbox 1633 3068 1760 3127; x_wconf 93' lang='lat' dir='ltr'><strong>Dei</strong></span> <span class='ocrx_word' id='word_1_235' title='bbox 1803 3068 2228 3143; x_wconf 88' lang='lat' dir='ltr'><strong>uiolauerit,</strong></span> <span class='ocrx_word' id='word_1_236' title='bbox 2276 3071 2675 3144; x_wconf 87' lang='lat' dir='ltr'><strong>disperdet</strong></span> <span class='ocrx_word' id='word_1_237' title='bbox 2703 3071 2909 3130; x_wconf 88' lang='lat' dir='ltr'><strong>illum</strong></span> 
     </span>
     <span class='ocr_line' id='line_1_26' title="bbox 653 3171 2973 3258; baseline 0.001 -30"><span class='ocrx_word' id='word_1_238' title='bbox 653 3171 858 3258; x_wconf 81' lang='lat' dir='ltr'><strong>Deus.</strong></span> <span class='ocrx_word' id='word_1_239' title='bbox 907 3189 1104 3230; x_wconf 88' lang='lat' dir='ltr'><strong>rursus</strong></span> <span class='ocrx_word' id='word_1_240' title='bbox 1159 3172 1220 3228; x_wconf 93' lang='lat' dir='ltr'><strong>in</strong></span> <span class='ocrx_word' id='word_1_241' title='bbox 1273 3172 1467 3232; x_wconf 89' lang='lat' dir='ltr'><strong>eadem</strong></span> <span class='ocrx_word' id='word_1_242' title='bbox 1508 3172 1781 3246; x_wconf 87' lang='lat' dir='ltr'><strong>epistola:</strong></span> <span class='ocrx_word' id='word_1_243' title='bbox 1828 3190 1913 3231; x_wconf 87' lang='lat' dir='ltr'><strong>an</strong></span> <span class='ocrx_word' id='word_1_244' title='bbox 1954 3173 2279 3233; x_wconf 89' lang='lat' dir='ltr'><strong>nescitis</strong></span> <span class='ocrx_word' id='word_1_245' title='bbox 2322 3174 2659 3248; x_wconf 88' lang='lat' dir='ltr'><strong>quoniam</strong></span> <span class='ocrx_word' id='word_1_246' title='bbox 2704 3190 2900 3233; x_wconf 79' lang='lat' dir='ltr'><strong>mem·</strong></span> <span class='ocrx_word' id='word_1_247' title='bbox 2924 3191 2973 3232; x_wconf 69' lang='lat'><strong>25</strong></span> 
     </span>
     <span class='ocr_line' id='line_1_27' title="bbox 652 3273 2904 3351; baseline 0.001 -16"><span class='ocrx_word' id='word_1_248' title='bbox 652 3277 779 3335; x_wconf 89' lang='lat' dir='ltr'><strong>bra</strong></span> <span class='ocrx_word' id='word_1_249' title='bbox 821 3277 1074 3334; x_wconf 87' lang='lat' dir='ltr'><strong>uestra</strong></span> <span class='ocrx_word' id='word_1_250' title='bbox 1117 3273 1471 3349; x_wconf 84' lang='lat' dir='ltr'><strong>templum</strong></span> <span class='ocrx_word' id='word_1_251' title='bbox 1515 3279 1691 3334; x_wconf 90' lang='lat' dir='ltr'><strong>sunt</strong></span> <span class='ocrx_word' id='word_1_252' title='bbox 1736 3277 1973 3334; x_wconf 87' lang='lat' dir='ltr'><strong>sancti</strong></span> <span class='ocrx_word' id='word_1_253' title='bbox 2032 3278 2358 3350; x_wconf 87' lang='lat' dir='ltr'><strong>spiritus</strong></span> <span class='ocrx_word' id='word_1_254' title='bbox 2414 3278 2535 3351; x_wconf 89' lang='lat' dir='ltr'><strong>qui</strong></span> <span class='ocrx_word' id='word_1_255' title='bbox 2578 3279 2651 3337; x_wconf 93' lang='grc'><strong>111</strong></span> <span class='ocrx_word' id='word_1_256' title='bbox 2696 3279 2904 3338; x_wconf 88' lang='grc'><strong>1101118</strong></span> 
     </span>
     <span class='ocr_line' id='line_1_28' title="bbox 655 3378 2903 3456; baseline 0.002 -20"><span class='ocrx_word' id='word_1_257' title='bbox 655 3380 799 3450; x_wconf 86' lang='grc'><strong>081,</strong></span> <span class='ocrx_word' id='word_1_258' title='bbox 867 3395 1070 3452; x_wconf 89' lang='lat' dir='ltr'><strong>quem</strong></span> <span class='ocrx_word' id='word_1_259' title='bbox 1131 3378 1430 3437; x_wconf 88' lang='lat' dir='ltr'><strong>habetis</strong></span> <span class='ocrx_word' id='word_1_260' title='bbox 1474 3396 1510 3436; x_wconf 90' lang='lat' dir='ltr'><strong>a</strong></span> <span class='ocrx_word' id='word_1_261' title='bbox 1550 3379 1692 3439; x_wconf 90' lang='lat' dir='ltr'><strong>Deo</strong></span> <span class='ocrx_word' id='word_1_262' title='bbox 1749 3383 1818 3437; x_wconf 91' lang='lat' dir='ltr'><strong>et</strong></span> <span class='ocrx_word' id='word_1_263' title='bbox 1860 3395 1993 3438; x_wconf 93' lang='grc'><strong>11011</strong></span> <span class='ocrx_word' id='word_1_264' title='bbox 2052 3381 2238 3438; x_wconf 89' lang='grc'><strong>08118</strong></span> <span class='ocrx_word' id='word_1_265' title='bbox 2293 3381 2569 3441; x_wconf 83' lang='lat' dir='ltr'><strong>uestri?</strong></span> <span class='ocrx_word' id='word_1_266' title='bbox 2644 3382 2797 3456; x_wconf 87' lang='lat' dir='ltr'><strong>quod</strong></span> <span class='ocrx_word' id='word_1_267' title='bbox 2853 3383 2903 3441; x_wconf 89' lang='lat' dir='ltr'><strong>si</strong></span> 
     </span>
     <span class='ocr_line' id='line_1_29' title="bbox 654 3480 2899 3572; baseline 0 -30"><span class='ocrx_word' id='word_1_268' title='bbox 654 3482 1104 3542; x_wconf 84' lang='lat' dir='ltr'><strong>Christianorum</strong></span> <span class='ocrx_word' id='word_1_269' title='bbox 1148 3484 1380 3555; x_wconf 88' lang='lat' dir='ltr'><strong>pectora</strong></span> <span class='ocrx_word' id='word_1_270' title='bbox 1423 3480 1533 3540; x_wconf 89' lang='lat' dir='ltr'><strong>sibi</strong></span> <span class='ocrx_word' id='word_1_271' title='bbox 1561 3482 1927 3572; x_wconf 41' lang='lat' dir='ltr'><strong>‚consecrauit</strong></span> <span class='ocrx_word' id='word_1_272' title='bbox 1955 3483 2109 3541; x_wconf 87' lang='lat' dir='ltr'><strong>Deus</strong></span> <span class='ocrx_word' id='word_1_273' title='bbox 2152 3486 2215 3542; x_wconf 92' lang='lat' dir='ltr'><strong>ut</strong></span> <span class='ocrx_word' id='word_1_274' title='bbox 2248 3483 2308 3542; x_wconf 91' lang='lat' dir='ltr'><strong>in</strong></span> <span class='ocrx_word' id='word_1_275' title='bbox 2338 3483 2457 3542; x_wconf 89' lang='lat' dir='ltr'><strong>illis</strong></span> <span class='ocrx_word' id='word_1_276' title='bbox 2489 3485 2772 3544; x_wconf 87' lang='lat' dir='ltr'><strong>inhabitet</strong></span> <span class='ocrx_word' id='word_1_277' title='bbox 2801 3502 2899 3559; x_wconf 87' lang='lat' dir='ltr'><strong>per</strong></span> 
     </span>
     <span class='ocr_line' id='line_1_30' title="bbox 649 3584 2899 3660; baseline 0.002 -17"><span class='ocrx_word' id='word_1_278' title='bbox 649 3585 915 3660; x_wconf 90' lang='lat' dir='ltr'><strong>spiritum</strong></span> <span class='ocrx_word' id='word_1_279' title='bbox 964 3601 1150 3657; x_wconf 88' lang='lat' dir='ltr'><strong>suum,</strong></span> <span class='ocrx_word' id='word_1_280' title='bbox 1203 3584 1324 3644; x_wconf 90' lang='lat' dir='ltr'><strong>illic</strong></span> <span class='ocrx_word' id='word_1_281' title='bbox 1376 3584 1678 3645; x_wconf 86' lang='lat' dir='ltr'><strong>deliciatur</strong></span> <span class='ocrx_word' id='word_1_282' title='bbox 1718 3589 1777 3644; x_wconf 90' lang='lat' dir='ltr'><strong>et</strong></span> <span class='ocrx_word' id='word_1_283' title='bbox 1818 3587 2151 3659; x_wconf 88' lang='lat' dir='ltr'><strong>inambulat,</strong></span> <span class='ocrx_word' id='word_1_284' title='bbox 2199 3585 2323 3646; x_wconf 87' lang='lat' dir='ltr'><strong>illie</strong></span> <span class='ocrx_word' id='word_1_285' title='bbox 2374 3589 2527 3646; x_wconf 87' lang='lat' dir='ltr'><strong>amat</strong></span> <span class='ocrx_word' id='word_1_286' title='bbox 2570 3588 2682 3646; x_wconf 87' lang='lat' dir='ltr'><strong>sibi</strong></span> <span class='ocrx_word' id='word_1_287' title='bbox 2712 3589 2899 3648; x_wconf 86' lang='lat' dir='ltr'><strong>efferri</strong></span> 
     </span>
     <span class='ocr_line' id='line_1_31' title="bbox 651 3688 2965 3764; baseline 0.002 -17"><span class='ocrx_word' id='word_1_288' title='bbox 651 3689 938 3748; x_wconf 87' lang='lat' dir='ltr'><strong>uictimam</strong></span> <span class='ocrx_word' id='word_1_289' title='bbox 989 3704 1192 3760; x_wconf 91' lang='lat' dir='ltr'><strong>puram</strong></span> <span class='ocrx_word' id='word_1_290' title='bbox 1221 3689 1283 3746; x_wconf 91' lang='lat' dir='ltr'><strong>in</strong></span> <span class='ocrx_word' id='word_1_291' title='bbox 1339 3689 1491 3748; x_wconf 90' lang='lat' dir='ltr'><strong>omni</strong></span> <span class='ocrx_word' id='word_1_292' title='bbox 1519 3688 1662 3748; x_wconf 92' lang='grc'><strong>1000.</strong></span> <span class='ocrx_word' id='word_1_293' title='bbox 1710 3692 1768 3748; x_wconf 85' lang='grc'><strong>01</strong></span> <span class='ocrx_word' id='word_1_294' title='bbox 1798 3692 1896 3763; x_wconf 85' lang='lat' dir='ltr'><strong>qui</strong></span> <span class='ocrx_word' id='word_1_295' title='bbox 1928 3690 1987 3748; x_wconf 91' lang='lat' dir='ltr'><strong>in</strong></span> <span class='ocrx_word' id='word_1_296' title='bbox 2028 3692 2135 3752; x_wconf 91' lang='grc'><strong>1100</strong></span> <span class='ocrx_word' id='word_1_297' title='bbox 2186 3691 2465 3764; x_wconf 87' lang='lat' dir='ltr'><strong>templum</strong></span> <span class='ocrx_word' id='word_1_298' title='bbox 2505 3690 2623 3750; x_wconf 90' lang='lat' dir='ltr'><strong>Deo</strong></span> <span class='ocrx_word' id='word_1_299' title='bbox 2676 3709 2899 3752; x_wconf 85' lang='lat' dir='ltr'><strong>sacrum</strong></span> <span class='ocrx_word' id='word_1_300' title='bbox 2914 3714 2965 3752; x_wconf 79' lang='lat'><strong>³0</strong></span> 
     </span>
     <span class='ocr_line' id='line_1_32' title="bbox 649 3792 2897 3870; baseline 0.003 -20"><span class='ocrx_word' id='word_1_301' title='bbox 649 3792 825 3852; x_wconf 87' lang='lat' dir='ltr'><strong>eiecto</strong></span> <span class='ocrx_word' id='word_1_302' title='bbox 877 3795 1074 3852; x_wconf 88' lang='lat' dir='ltr'><strong>sancte</strong></span> <span class='ocrx_word' id='word_1_303' title='bbox 1115 3792 1322 3865; x_wconf 84' lang='lat' dir='ltr'><strong>spiritu</strong></span> <span class='ocrx_word' id='word_1_304' title='bbox 1375 3792 1599 3852; x_wconf 87' lang='lat' dir='ltr'><strong>inducit</strong></span> <span class='ocrx_word' id='word_1_305' title='bbox 1647 3794 2091 3854; x_wconf 87' lang='lat' dir='ltr'><strong>abominationes</strong></span> <span class='ocrx_word' id='word_1_306' title='bbox 2149 3811 2291 3868; x_wconf 89' lang='lat' dir='ltr'><strong>quas</strong></span> <span class='ocrx_word' id='word_1_307' title='bbox 2322 3795 2382 3854; x_wconf 92' lang='lat' dir='ltr'><strong>in</strong></span> <span class='ocrx_word' id='word_1_308' title='bbox 2412 3797 2653 3870; x_wconf 86' lang='lat' dir='ltr'><strong>mystica</strong></span> <span class='ocrx_word' id='word_1_309' title='bbox 2686 3797 2897 3856; x_wconf 86' lang='lat' dir='ltr'><strong>uisione</strong></span> 
     </span>
     <span class='ocr_line' id='line_1_33' title="bbox 649 3895 2899 3972; baseline 0.002 -18"><span class='ocrx_word' id='word_1_310' title='bbox 649 3895 944 3970; x_wconf 87' lang='lat' dir='ltr'><strong>conspexit</strong></span> <span class='ocrx_word' id='word_1_311' title='bbox 973 3895 1257 3968; x_wconf 85' lang='lat' dir='ltr'><strong>Ezechiel,</strong></span> <span class='ocrx_word' id='word_1_312' title='bbox 1311 3898 1408 3972; x_wconf 88' lang='lat' dir='ltr'><strong>qui</strong></span> <span class='ocrx_word' id='word_1_313' title='bbox 1459 3897 1583 3956; x_wconf 90' lang='lat' dir='ltr'><strong>illic</strong></span> <span class='ocrx_word' id='word_1_314' title='bbox 1636 3899 1826 3958; x_wconf 90' lang='lat' dir='ltr'><strong>sedem</strong></span> <span class='ocrx_word' id='word_1_315' title='bbox 1878 3898 2017 3958; x_wconf 86' lang='lat' dir='ltr'><strong>facit</strong></span> <span class='ocrx_word' id='word_1_316' title='bbox 2068 3899 2419 3958; x_wconf 84' lang='lat' dir='ltr'><strong>Mammonae</strong></span> <span class='ocrx_word' id='word_1_317' title='bbox 2470 3899 2681 3959; x_wconf 86' lang='lat' dir='ltr'><strong>Veneri</strong></span> <span class='ocrx_word' id='word_1_318' title='bbox 2733 3900 2899 3960; x_wconf 84' lang='lat' dir='ltr'><strong>Come</strong></span> 
     </span>
     <span class='ocr_line' id='line_1_34' title="bbox 649 3997 2898 4076; baseline 0.001 -18"><span class='ocrx_word' id='word_1_319' title='bbox 649 3997 873 4058; x_wconf 87' lang='lat' dir='ltr'><strong>Baccho</strong></span> <span class='ocrx_word' id='word_1_320' title='bbox 926 3999 1170 4074; x_wconf 85' lang='lat' dir='ltr'><strong>aliisque</strong></span> <span class='ocrx_word' id='word_1_321' title='bbox 1211 4001 1512 4074; x_wconf 76' lang='lat' dir='ltr'><strong>portentis,</strong></span> <span class='ocrx_word' id='word_1_322' title='bbox 1565 4008 1665 4076; x_wconf 88' lang='lat' dir='ltr'><strong>qni</strong></span> <span class='ocrx_word' id='word_1_323' title='bbox 1706 4001 1787 4061; x_wconf 89' lang='lat' dir='ltr'><strong>ibi</strong></span> <span class='ocrx_word' id='word_1_324' title='bbox 1818 4003 2181 4062; x_wconf 87' lang='lat' dir='ltr'><strong>daemonibus</strong></span> <span class='ocrx_word' id='word_1_325' title='bbox 2215 4003 2472 4062; x_wconf 88' lang='lat' dir='ltr'><strong>immolat</strong></span> <span class='ocrx_word' id='word_1_326' title='bbox 2500 4003 2898 4076; x_wconf 84' lang='lat' dir='ltr'><strong>spurcissimas</strong></span> 
     </span>
     <span class='ocr_line' id='line_1_35' title="bbox 650 4100 2893 4181; baseline 0.004 -23"><span class='ocrx_word' id='word_1_327' title='bbox 650 4100 886 4174; x_wconf 87' lang='lat' dir='ltr'><strong>hostias,</strong></span> <span class='ocrx_word' id='word_1_328' title='bbox 939 4105 1171 4163; x_wconf 86' lang='lat' dir='ltr'><strong>ueretur</strong></span> <span class='ocrx_word' id='word_1_329' title='bbox 1224 4103 1450 4178; x_wconf 79' lang='lat' dir='ltr'><strong>ingredi</strong></span> <span class='ocrx_word' id='word_1_330' title='bbox 1501 4104 1697 4165; x_wconf 86' lang='lat' dir='ltr'><strong>fanum</strong></span> <span class='ocrx_word' id='word_1_331' title='bbox 1748 4105 2006 4180; x_wconf 85' lang='lat' dir='ltr'><strong>gentium</strong></span> <span class='ocrx_word' id='word_1_332' title='bbox 2044 4122 2115 4164; x_wconf 91' lang='grc'><strong>110</strong></span> <span class='ocrx_word' id='word_1_333' title='bbox 2158 4106 2573 4167; x_wconf 87' lang='lat' dir='ltr'><strong>contaminetur</strong></span> <span class='ocrx_word' id='word_1_334' title='bbox 2586 4109 2613 4164; x_wconf 68' lang='lat' dir='ltr'><strong>&#39;t’</strong></span> <span class='ocrx_word' id='word_1_335' title='bbox 2658 4107 2893 4181; x_wconf 83' lang='lat' dir='ltr'><strong>proinde</strong></span> 
     </span>
     <span class='ocr_line' id='line_1_36' title="bbox 648 4204 2965 4280; baseline 0.003 -18"><span class='ocrx_word' id='word_1_336' title='bbox 648 4221 809 4264; x_wconf 91' lang='grc'><strong>1101110</strong></span> <span class='ocrx_word' id='word_1_337' title='bbox 861 4204 974 4264; x_wconf 84' lang='grc'><strong>81111</strong></span> <span class='ocrx_word' id='word_1_338' title='bbox 1013 4205 1230 4265; x_wconf 61' lang='lat' dir='ltr'><strong>trusus</strong></span> <span class='ocrx_word' id='word_1_339' title='bbox 1257 4205 1604 4280; x_wconf 80' lang='lat' dir='ltr'><strong>blandiatur,</strong></span> <span class='ocrx_word' id='word_1_340' title='bbox 1638 4207 1792 4268; x_wconf 88' lang='lat' dir='ltr'><strong>Deus</strong></span> <span class='ocrx_word' id='word_1_341' title='bbox 1832 4225 1944 4267; x_wconf 90' lang='lat' dir='ltr'><strong>non</strong></span> <span class='ocrx_word' id='word_1_342' title='bbox 1974 4206 2275 4268; x_wconf 89' lang='lat' dir='ltr'><strong>irridetur:</strong></span> <span class='ocrx_word' id='word_1_343' title='bbox 2310 4211 2530 4268; x_wconf 82' lang='lat' dir='ltr'><strong>constet</strong></span> <span class='ocrx_word' id='word_1_344' title='bbox 2560 4209 2675 4267; x_wconf 87' lang='lat' dir='ltr'><strong>sibi</strong></span> <span class='ocrx_word' id='word_1_345' title='bbox 2701 4211 2903 4268; x_wconf 87' lang='lat' dir='ltr'><strong>nostra</strong></span> <span class='ocrx_word' id='word_1_346' title='bbox 2920 4231 2965 4269; x_wconf 74' lang='lat' dir='ltr'><strong>as</strong></span> 
     </span>
    </p>
   </div>
   <div class='ocr_carea' id='block_1_3' title="bbox 781 4456 1977 4534">
    <p class='ocr_par' dir='ltr' id='par_1_4' title="bbox 781 4456 1977 4534">
     <span class='ocr_line' id='line_1_37' title="bbox 781 4456 1977 4534; baseline 0.004 -24"><span class='ocrx_word' id='word_1_347' title='bbox 781 4456 853 4510; x_wconf 77' lang='lat'><strong>22</strong></span> <span class='ocrx_word' id='word_1_348' title='bbox 885 4457 914 4510; x_wconf 91' lang='lat'>1</span> <span class='ocrx_word' id='word_1_349' title='bbox 950 4457 1066 4512; x_wconf 85' lang='lat' dir='ltr'><strong>Cor.</strong></span> <span class='ocrx_word' id='word_1_350' title='bbox 1104 4459 1152 4523; x_wconf 85' lang='lat'><strong>3,</strong></span> <span class='ocrx_word' id='word_1_351' title='bbox 1194 4459 1274 4512; x_wconf 82' lang='lat'><strong>16.</strong></span> <span class='ocrx_word' id='word_1_352' title='bbox 1481 4460 1550 4514; x_wconf 82' lang='lat'><strong>25</strong></span> <span class='ocrx_word' id='word_1_353' title='bbox 1585 4458 1613 4513; x_wconf 93' lang='grc' dir='ltr'><strong>Ι</strong></span> <span class='ocrx_word' id='word_1_354' title='bbox 1650 4460 1768 4534; x_wconf 79' lang='lat' dir='ltr'><strong>Cor.</strong></span> <span class='ocrx_word' id='word_1_355' title='bbox 1806 4462 1856 4523; x_wconf 76' lang='grc'><strong>6,</strong></span> <span class='ocrx_word' id='word_1_356' title='bbox 1896 4462 1977 4515; x_wconf 90' lang='grc'><strong>19.</strong></span> 
     </span>
    </p>
   </div>
   <div class='ocr_carea' id='block_1_4' title="bbox 3192 2152 3207 3954">
    <p class='ocr_par' dir='ltr' id='par_1_5' title="bbox 3192 2152 3207 3954">
     <span class='ocr_line' id='line_1_38' title="bbox 3192 2152 3207 3954; baseline 0 0"><span class='ocrx_word' id='word_1_357' title='bbox 3192 2152 3207 3954; x_wconf 95' lang='lat' dir='ltr'><strong> </strong></span> 
     </span>
    </p>
   </div>
  </div>
 </body>
</html>
