3217 5150
941 580 1031 634 De
1064 579 1236 632 bono
1272 579 1659 648 pudicitiae
1706 595 1749 632 c.
1786 580 1977 634 8-10.
2306 601 2313 608 ·
2503 581 2585 645 21

319 739 594 799 adulterii
647 757 709 799 se
758 738 956 798 dicunt
1005 743 1361 800 accusatores
1414 741 1546 798 uoto
1599 739 1866 799 adulteri.
1936 739 2087 799 inter
2139 739 2279 798 duos
2332 737 2588 797 libidinis

328 842 589 918 scopulos
617 842 891 903 auxilium
921 844 989 902 de
1021 843 1260 902 Domino
1289 843 1538 916 petebat,
1572 842 1709 915 quia
1736 841 1957 901 uiribus
1988 841 2241 915 corporis
2272 857 2588 915 repugnare

327 955 439 1006 non
480 946 728 1006 ualebat.
773 948 830 1004 et
871 945 1164 1006 exaudiuit
1206 946 1274 1005 de
1315 946 1473 1004 caelo
1507 945 1847 1004 clamantem
1888 946 1961 1004 ad
2004 961 2063 1004 se
2096 943 2431 1018 pudicitiam
2472 944 2587 1002 Do-

329 1049 534 1122 minus,
577 1051 640 1108 et
681 1067 810 1108 cum
847 1047 1152 1122 iniquitate
1195 1049 1468 1122 obpressa
1497 1049 1799 1108 duceretur
1828 1048 1902 1106 ad
1930 1063 2187 1122 poenam,
2220 1046 2367 1106 uidit
2396 1045 2589 1106 inimi-

278 1163 310 1200 -'›
327 1167 522 1212 corum
563 1146 805 1212 liberata
833 1151 1162 1212 uindictam.
1204 1151 1296 1210 bis
1325 1150 1534 1210 uictrix
1579 1153 1639 1210 et
1679 1150 1741 1208 in
1780 1151 2030 1224 periculo
2072 1168 2176 1210 suo
2219 1153 2339 1209 tam
2366 1149 2591 1209 funeste

325 1255 539 1315 totiens
591 1257 898 1328 consaepta
949 1257 1006 1314 et
1057 1254 1353 1314 libidinem
1403 1253 1586 1313 euasit
1639 1257 1699 1312 et
1748 1256 2003 1312 mortem.
2062 1253 2349 1313 infinitum
2387 1251 2498 1311 erit
2539 1252 2591 1310 si

327 1356 586 1429 exempla
627 1374 938 1431 prosequar
967 1357 1164 1430 plura:
1210 1355 1304 1416 his
1335 1357 1554 1414 duobus
1586 1358 1887 1416 contentus
1918 1373 2065 1428 sum,
2096 1354 2432 1430 praesertim
2462 1371 2590 1413 cum

327 1459 586 1518 omnibus
617 1460 696 1518 sit
723 1459 945 1519 uiribus
974 1475 1076 1532 per
1103 1459 1248 1518 istos
1276 1457 1553 1532 pudicitia
1581 1459 1895 1518 defensata.

412 1561 542 1620 Non
587 1562 718 1621 illos
759 1561 1012 1622 emollire
1053 1562 1240 1636 potuit
1283 1559 1470 1620 inuita
1510 1562 1770 1635 generosi
1812 1561 2110 1636 sanguinis
2146 1562 2417 1622 memoria
2446 1579 2589 1636 quae
2612 1558 2697 1616 10

249 1676 307 1713 10
327 1663 388 1722 in
418 1666 690 1738 quosdam
730 1665 964 1724 licentia
1003 1664 1274 1724 lasciuiae
1321 1669 1410 1724 est
1439 1665 1720 1739 ministra,
1752 1683 1865 1725 non
1894 1667 2059 1725 decor
2088 1666 2341 1738 corporis
2370 1669 2429 1726 et
2459 1668 2590 1738 apte

325 1767 640 1841 positorum
679 1767 866 1842 figura
908 1769 1288 1829 membrorum
1329 1785 1474 1841 quae
1517 1767 1777 1842 suggerit
1818 1768 2152 1846 plerumque
2194 1770 2259 1826 ut
2288 1769 2455 1843 quasi
2484 1769 2590 1828 flos

329 1871 558 1944 quidam
597 1870 954 1944 properantis
993 1869 1264 1930 uelociter
1306 1871 1651 1930 transiturae
1696 1871 1905 1930 aetatis
1950 1873 2241 1944 porrectae
2273 1869 2590 1944 uoluptatis

329 1973 622 2034 occasione
652 1975 940 2047 pascatur,
972 1991 1084 2032 non
1115 1973 1250 2032 anni
1279 1973 1449 2047 primi
1477 1973 1723 2032 uirentis
1754 1976 1813 2032 et
1842 1973 2169 2034 maturioris
2201 1973 2430 2047 aetatis,
2464 1991 2593 2033 cum

331 2075 488 2134 rudis
546 2077 730 2135 adhuc
801 2075 1034 2149 sanguis
1103 2079 1374 2136 aestuans
1454 2079 1691 2135 naturae
1762 2077 2015 2136 flammas
2086 2078 2358 2136 accendat
2416 2081 2475 2136 et
2532 2078 2593 2136 in

242 2201 310 2239 ·1.·›
331 2177 596 2238 medullis
626 2183 856 2238 uersata
884 2195 1050 2238 caeca
1081 2178 1341 2238 incendia
1383 2180 1456 2238 ad
1499 2180 1809 2238 remedium
1838 2197 2069 2246 *uerum
2098 2179 2273 2239 etiam
2302 2195 2406 2258 per
2436 2181 2591 2253 peri-

329 2282 517 2341 culum
563 2281 796 2354 pudoris
838 2281 1020 2340 itura:
1067 2298 1180 2341 non
1228 2281 1348 2340 ulla
1391 2282 1741 2342 latebrarum
1781 2284 1841 2341 et
1887 2283 2010 2341 sine
2051 2283 2168 2341 ullo
2211 2283 2435 2343 conscio
2466 2285 2593 2343 tuta

328 2402 474 2458 quae
523 2385 862 2460 quibusdam
913 2387 1150 2458 putatur
1202 2386 1442 2458 occasi0,
1496 2404 1641 2460 quae
1694 2387 1938 2445 maxima
1990 2385 2080 2444 uis
2123 2388 2213 2445 est
2254 2386 2593 2448 admittendi

327 2487 579 2560 sceleriS,
623 2490 758 2548 dum
801 2487 1308 2549 deliberationibus
1356 2489 1603 2550 occurrit
1636 2491 1961 2564 inpunitas:
2008 2506 2121 2547 nou
2168 2490 2357 2563 posita
2398 2507 2590 2550 neces-

329 2593 472 2651 sitas
522 2594 592 2651 de
643 2593 980 2652 auctoritate
1045 2592 1362 2652 iubentium
1415 2595 1475 2652 et
1525 2594 1586 2653 in
1636 2593 1960 2653 temeritate
2024 2593 2368 2667 participum
2419 2596 2592 2667 atque

237 2714 312 2752 τευ
331 2696 630 2768 soc-iorum,
685 2714 794 2769 quo
834 2712 1042 2769 genere
1094 2696 1438 2770 franguntur
1489 2695 1664 2755 etiam
1716 2698 1873 2755 recta
1924 2712 2093 2770 saepe
2144 2695 2410 2755 consilia:
2478 2711 2593 2756 non

329 2798 579 2870 praemia
605 2798 730 2873 ipsa
755 2804 814 2858 et
835 2800 1082 2872 bonitas,
1115 2817 1227 2858 non
1257 2800 1665 2868 accusationeS‚
1698 2816 1811 2858 non
1838 2798 2044 2873 minae,
2079 2817 2189 2858 non
2208 2815 2443 2873 poenae,
2476 2817 2592 2859 non

465 3034 496 3087 1
531 3032 789 3087 adulteris
825 3032 914 3087 sed
947 3032 1134 3087 dicunt
1167 3035 1465 3087 accusatori
1499 3034 1554 3087 Z
1776 3035 1924 3103 noto]
1963 3037 2057 3088 tuo
2091 3033 2149 3087 Z
2360 3033 2591 3088 adulteri

321 3138 422 3177 om.
445 3122 499 3175 Z
675 3120 834 3189 inter]
871 3120 1048 3188 posita
1081 3119 1274 3173 mulier
1307 3120 1450 3173 inter
1483 3120 1539 3173 Z
1712 3119 1864 3189 duos]
1904 3136 2033 3189 quos
2056 3136 2090 3173 v
2282 3120 2319 3173 2
2354 3119 2448 3173 deo
2472 3120 2529 3173 Z

322 3207 553 3277 petebat]
591 3206 819 3276 parebat
853 3205 908 3258 Z
1109 3206 1204 3273 qui
1237 3206 1292 3259 Z
1491 3207 1625 3259 uiris
1660 3205 1726 3258 K
1728 3210 1760 3269 ¹,
1798 3206 1997 3260 auxilio
2023 3206 2078 3258 Z
2279 3206 2315 3259 3
2350 3206 2588 3275 ualebat]

321 3297 538 3364 poterat
561 3293 614 3346 Z
791 3296 846 3344 et
881 3308 980 3345 om.
1009 3291 1065 3344 Z
1241 3308 1298 3345 se
1331 3292 1653 3345 clamantem
1688 3290 1755 3345 ad
1789 3291 1843 3344 Ζ
2020 3291 2282 3361 dominus]
2320 3291 2453 3345 dans
2475 3291 2529 3346 Z

318 3387 358 3434 >4
389 3380 744 3449 inimicorum]
783 3394 948 3432 unum
985 3394 1167 3433 eorum
1202 3378 1257 3431 Z
1503 3380 1538 3433 5
1572 3378 1745 3432 libera
1780 3378 2084 3433 mendicata
2118 3380 2208 3431 uix
2242 3378 2437 3431 uictrix
2472 3378 2525 3431 Ζ

323 3470 379 3520 et
412 3482 511 3520 om.
546 3466 598 3518 Z
822 3465 855 3519 6
891 3467 1140 3531 concepta
1174 3465 1229 3518 Z
1451 3466 1508 3517 et
1540 3463 1658 3532 lib.]
1696 3480 1729 3517 a
1762 3464 1990 3519 libidine
2023 3465 2076 3518 Z
2291 3467 2347 3516 et
2383 3463 2473 3532 m.]
2512 3478 2589 3517 ac.

322 3556 494 3607 morte
528 3553 580 3606 Z
729 3551 760 3604 7
798 3550 1034 3618 exemplo
1070 3550 1122 3603 Z
1271 3550 1426 3618 plura
1461 3565 1562 3605 om.
1599 3550 1655 3603 Z
1808 3552 2099 3605 conuentus
2133 3551 2185 3603 Z
2376 3551 2411 3605 8
2446 3550 2521 3604 sit
2557 3566 2594 3603 11

322 3654 416 3707 per
443 3638 594 3707 istos]
635 3635 727 3691 sed
751 3635 956 3689 uiribus
979 3636 1180 3704 peritos
1202 3635 1254 3687 Z
1401 3634 1619 3689 defensa
1641 3635 1722 3691 Ze
1867 3635 1900 3689 9
1927 3635 2103 3689 inuita
2124 3636 2338 3703 scr-ipsi,
2376 3634 2435 3689 in
2470 3634 2593 3687 uita

324 3724 466 3778 KZv
604 3738 738 3790 quae
773 3722 849 3790 in]
889 3736 1046 3789 quem
1080 3722 1132 3775 Z
1269 3720 1337 3773 10
1371 3720 1695 3789 quibusdam
1718 3722 1770 3775 Z
1904 3724 1986 3773 est
2020 3720 2270 3774 minister
2294 3720 2356 3774 K
2378 3720 2475 3775 sed
2508 3722 2591 3774 est

321 3812 384 3863 in
417 3824 609 3879 mara„
645 3807 924 3861 ministrat
959 3806 1011 3859 Z
1154 3806 1327 3875 decor]
1355 3806 1430 3860 'de
1463 3806 1530 3861 K
1539 3808 1604 3861 1Ζ
1754 3808 1819 3861 11
1856 3808 2070 3876 aggerit
2102 3806 2157 3859 Z
2300 3807 2366 3860 12
2398 3821 2585 3876 prope-

318 3912 444 3950 rans
477 3913 512 3951 v
717 3898 773 3949 et
807 3894 1064 3948 uelociter
1099 3893 1346 3947 transitis
1381 3894 1434 3946 Z
1636 3896 1876 3962 porrecta
1898 3910 1931 3947 v
2135 3893 2434 3947 uoluntatis
2470 3892 2521 3946 Z

205 3978 214 3983 “
321 3983 388 4037 13
423 3986 478 4035 et
511 3981 575 4044 Z,
615 3979 708 4034 sed
743 3980 836 4035 Kv
1045 3980 1353 4033 maturioris
1388 3979 1613 4048 scripsi,
1652 3979 1871 4033 maioris
1906 3979 1972 4032 K
2000 3980 2098 4034 sed
2132 3980 2187 4033 ai
2220 3980 2283 4033 in
2316 3994 2445 4041 raa,
2480 3994 2589 4032 me-

317 4067 472 4123 lioris
506 4069 562 4122 Z
697 4067 764 4120 14
785 4064 952 4135 rudis]
979 4066 1113 4119 iuris
1129 4066 1188 4119 *Z
1323 4064 1566 4119 accendit
1590 4066 1641 4119 Z
1777 4067 1845 4120 15
1866 4068 2079 4119 uersata
2102 4080 2203 4119 om.
2228 4066 2285 4119 Z
2418 4067 2589 4137 caeca]

319 4156 624 4209 caecauerat
646 4152 696 4206 Z
839 4151 1041 4220 uerum]
1069 4168 1224 4205 suum
1249 4152 1299 4204 Z
1307 4171 1322 4214 ;
1345 4154 1631 4223 erumpant
1651 4152 1786 4218 fort.
1938 4151 2004 4206 16
2026 4151 2179 4205 1111110
2208 4151 2451 4205 consocio
2475 4152 2527 4205 Z

314 4256 454 4309 >quae
489 4242 612 4293 tuta
647 4256 696 4303 v,
735 4240 860 4291 tuta
895 4238 1010 4291 KZ
1191 4238 1254 4291 17
1292 4238 1532 4307 putatur]
1571 4240 1787 4293 tutatur
1820 4238 1886 4291 K
2053 4237 2121 4292 18
2154 4236 2300 4305 dum]
2340 4253 2461 4291 cum
2490 4253 2523 4291 v

319 4324 728 4381 liberationibus
768 4324 823 4378 Z
1077 4324 1334 4392 imposita
1369 4325 1421 4378 Z
1675 4324 1935 4379 necessita
1956 4324 2021 4378 K
2024 4328 2058 4387 ¹,
2094 4339 2190 4377 nec
2224 4323 2454 4377 adsistas
2478 4323 2528 4376 Z

321 4412 396 4469 19
434 4410 782 4481 participium
805 4410 857 4463 Z
989 4409 1060 4463 20
1094 4409 1418 4478 frangantur
1440 4410 1492 4463 Z
1628 4426 1781 4480 saepe
1815 4413 1961 4463 recta
1985 4426 2016 4463 v
2182 4409 2249 4463 21
2276 4412 2332 4462 et
2354 4407 2587 4479 bonitas]

313 4500 414 4551 aut
449 4495 648 4551 cadunt
684 4511 803 4564 sepe
837 4497 894 4550 et
929 4494 1046 4549 111111
1082 4496 1133 4549 Ζ
1267 4496 1599 4551 accusationi
1638 4496 1686 4549 Z
1824 4511 1933 4549 non
1968 4494 2163 4563 minae]
2202 4493 2417 4548 nomine
2453 4493 2505 4546 Z
