3217 5150
675 534 802 598 262
1607 527 1970 598 Appendix.

675 706 882 751 nmium
901 694 1304 752 testamentum
1326 706 1392 750 co
1407 689 1669 749 ifirmare.
1702 687 1787 747 sic
1808 686 2016 747 etenim
2041 685 2359 746 audiuimus
2382 687 2649 760 angelum
2674 687 2915 748 Daniele

675 795 916 854 dixisse:
961 793 1440 853 confirmabit
1481 793 2001 852 testamentum
2028 788 2284 849 multis
2328 789 2713 849 hebdomas
2756 807 2910 849 una.

675 898 749 955 et
789 897 862 955 in
904 896 1238 968 dimidio,
1268 896 1473 968 inquit,
1518 894 1991 954 hebdomadis
2020 892 2404 953 auferetur
2428 909 2655 953 meum
2684 893 2913 953 sacri-

675 998 930 1058 ficium
973 1001 1044 1058 et
1085 998 1372 1057 libatio,
1419 996 1711 1057 dimidium
1761 1000 1951 1056 autem
2000 996 2366 1057 hebdomadis
2408 998 2635 1071 tempus
2680 998 2739 1055 et
2766 998 2910 1055 tem-

674 1118 814 1177 pora
845 1105 902 1162 et
932 1100 1222 1161 dimidium
1272 1100 1542 1175 temporis
1593 1100 1871 1161 ostendit:
1925 1101 2072 1173 quod
2124 1100 2211 1158 est
2262 1099 2569 1159 triennium
2603 1099 2663 1157 et
2691 1115 2913 1159 menses
2932 1119 2957 1157 ι

675 1220 792 1277 sex,
824 1204 922 1277 qui
952 1207 1086 1264 sunt
1117 1204 1239 1265 dies
1269 1204 1574 1264 secundum
1603 1203 1986 1279 Apocalypsin
2013 1203 2173 1263 mille
2201 1202 2402 1261 CCLX.
2448 1202 2510 1261 in
2552 1201 2759 1275 quibus
2788 1202 2910 1261 die-

673 1308 781 1367 bus
823 1305 922 1368 ille
955 1306 1322 1367 antichristus
1351 1324 1614 1381 magnam
1656 1306 1827 1366 faciet
1854 1306 2262 1366 uastationem:
2316 1308 2373 1364 et
2415 1304 2543 1365 ideo
2571 1308 2708 1364 tunc
2752 1320 2913 1365 nemo

677 1410 1123 1471 Christianorum
1150 1410 1363 1483 poterit
1390 1410 1508 1469 Deo
1537 1409 1875 1469 sacrificium
1904 1409 2121 1481 offerre,
2166 1407 2432 1482 quoniam
2462 1406 2583 1482 ipse
2628 1407 2913 1468 antichri-

676 1516 802 1573 stus
833 1513 1064 1587 incipiet
1093 1514 1152 1571 in
1179 1513 1391 1586 templo
1423 1512 1527 1573 Dei
1557 1512 1857 1573 consedere
1900 1514 1959 1572 et
2000 1513 2396 1587 ignorantibus
2443 1527 2505 1572 se
2535 1509 2719 1571 Deum
2748 1510 2909 1570 affir-

675 1634 860 1677 mare:
906 1634 1072 1691 quem
1112 1618 1334 1691 oportet
1361 1616 1551 1676 Iesum
1579 1615 1879 1676 Dominum
1922 1618 1981 1675 et
2024 1615 2363 1676 saluatorem
2405 1618 2662 1675 nostrum
2706 1614 2911 1687 spiritu
2930 1630 2981 1670 ιο

663 1720 790 1781 ιοτίε
819 1721 910 1779 sui
938 1720 1250 1779 interficere
1281 1722 1340 1779 et
1366 1719 1686 1793 praesentia
1710 1719 1989 1779 aduentus
2019 1718 2109 1777 sui
2138 1733 2413 1777 euacuare
2436 1718 2577 1776 etin
2600 1718 2723 1791 ipso
2744 1734 2911 1775 mun-

674 1824 808 1884 dum
838 1840 1242 1899 consummare,
1295 1822 1444 1883 sicut
1485 1823 1759 1896 scriptum
1803 1824 1921 1882 est:
1967 1824 2037 1881 et
2081 1838 2297 1895 super
2339 1820 2530 1880 illud
2588 1824 2915 1879 sanctum

674 1925 1048 1986 execratio
1092 1924 1626 1995 uastationum,
1694 1928 1765 1984 et
1807 1940 2031 1998 usque
2098 1926 2183 1983 ad
2226 1923 2915 1985 consummationem

673 2028 1030 2102 temporis
1109 2028 1639 2087 consummatio
1719 2027 2022 2087 dabitur
2106 2043 2327 2102 super
2408 2026 2594 2085 hanc
2666 2028 2909 2085 uasta-

673 2130 778 2190 tio
792 2146 873 2190 ne
887 2134 971 2189 ms
2927 2148 2977 2188 rs

579 2232 658 2292 15
771 2234 911 2292 Post
937 2234 1078 2292 haec
1102 2236 1458 2293 reuertamur
1507 2231 1581 2291 ad
1623 2232 1735 2292 VH
1764 2236 1825 2292 et
1854 2234 1936 2293 sic
1987 2233 2059 2293 ad
2110 2233 2271 2293 LXII
2314 2232 2714 2292 hebdomadas.
2774 2247 2917 2305 quae

675 2339 893 2410 septem
915 2336 1295 2395 hebdomadae
1325 2336 1619 2396 continent
1648 2354 1824 2399 annos
1854 2336 2159 2396 XLVIIII:
2192 2336 2398 2411 quibus
2428 2335 2707 2410 suppletis
2728 2335 2829 2393 illo
2858 2336 2917 2393 in

673 2442 924 2513 tempore
952 2442 1010 2498 et
1039 2439 1395 2499 Hierusalem
1422 2440 1690 2499 restituta
1718 2441 2162 2515 cognoscebatur
2190 2442 2249 2499 et
2292 2438 2484 2513 platea
2524 2456 2626 2513 per
2673 2440 2918 2499 medium

675 2543 798 2604 eius
828 2543 1123 2604 aedificata
1145 2543 1606 2605 considerabatur
1632 2545 1691 2604 et
1712 2561 1902 2604 murus
1925 2544 1985 2603 in
2006 2543 2247 2604 circuitu
2270 2542 2525 2604 ciuitatis
2554 2542 2736 2618 ipsius
2764 2560 2916 2603 erec-

671 2649 768 2708 tus
790 2648 894 2708 illa
923 2647 1108 2708 omnia
1139 2665 1281 2721 quae
1309 2647 1466 2707 intus
1495 2650 1658 2707 erant
1687 2646 1913 2707 fortiter
1941 2649 2225 2708 tuebatur.
2276 2647 2336 2706 in
2366 2664 2479 2722 qua
2506 2647 2737 2706 ciuitate
2768 2649 2913 2706 tem·
2934 2667 2985 2706 ae

672 2751 829 2825 plum
857 2751 1001 2809 illud
1030 2751 1178 2824 quod
1207 2751 1267 2808 in
1297 2749 1665 2810 similitudine
1686 2750 1845 2809 Adae
1868 2750 2055 2810 fuerat
2076 2750 2427 2811 destructum
2457 2751 2517 2809 in
2545 2749 2769 2810 nomine
2794 2750 2917 2810 eius

671 2852 877 2912 iterum
945 2869 1050 2926 per
1097 2852 1280 2914 XLVI
1332 2869 1507 2912 annos
1558 2855 1649 2912 est
1706 2853 2063 2913 aedificatum
2112 2856 2171 2913 et
2200 2853 2261 2913 in
2290 2855 2639 2914 sacramento
2681 2853 2917 2926 spiritus

673 2955 857 3014 sancti
886 2955 1008 3016 oleo
1039 2957 1128 3015 est
1157 2959 1409 3028 unctum,
1441 2957 1715 3030 quomodo
1748 2956 1823 3015 ab
1850 2957 2052 3030 angelo
2082 2955 2269 3016 fuerat
2299 2955 2531 3029 dictum,
2568 2958 2635 3016 ut
2656 2973 2913 3016 consum-

675 3061 858 3118 metur
887 3057 1032 3119 uisio
1063 3061 1122 3118 et
1149 3057 1446 3132 prophetia
1467 3061 1525 3118 et
1546 3061 1867 3132 ungueatur
1891 3061 2148 3118 sanctum
2168 3061 2509 3119 sanctorum.
2532 3059 2700 3133 ipsud
2723 3061 2913 3118 autem

673 3161 788 3219 fuit
815 3164 1070 3221 sanctum
1097 3165 1418 3222 sanctorum
1447 3163 1508 3221 in
1537 3162 1841 3236 imaginem
1870 3163 2114 3223 hominis
2142 3165 2375 3223 unctum
2390 3207 2405 3235 ,
2452 3164 2601 3238 quod
2630 3178 2759 3222 cum
2786 3163 2913 3237 ipsa
2934 3183 2983 3224 ιε

673 3262 904 3324 ciuitate
935 3280 1036 3337 pro
1065 3264 1402 3326 infidelitate
1431 3266 1765 3325 Iudaeorum
1794 3266 1867 3326 ab
1896 3266 2018 3340 ipso
2048 3265 2285 3326 Domino
2312 3269 2511 3326 nostro
2533 3267 2741 3327 iterum
2770 3270 2915 3327 tem·

674 3368 906 3442 poribus
937 3367 1274 3443 Vespasiani
1303 3371 1391 3429 est
1420 3369 1874 3430 exterminatum.
1922 3369 2003 3430 sic
2046 3370 2233 3431 fuerat
2261 3369 2413 3430 enim
2445 3368 2506 3428 in
2536 3370 2729 3430 eodem
2758 3369 2913 3444 capi·

814 3586 844 3639 1
880 3586 958 3640 sic
993 3587 1208 3657 etenim]
1247 3587 1387 3642 sicut
1421 3604 1451 3642 c
1688 3587 1901 3643 danielo
1938 3589 1987 3655 b,
2022 3605 2055 3643 a
2090 3587 2298 3643 daniele
2332 3604 2362 3642 c
2566 3587 2601 3640 2
2635 3591 2692 3641 et
2726 3585 2915 3640 confir-

675 3670 847 3724 mauit
879 3688 908 3727 c
1157 3674 1192 3728 6
1225 3674 1319 3743 qui
1354 3676 1479 3728 sunt
1512 3675 1721 3743 scripsi,
1759 3675 1880 3745 quis
1914 3675 1962 3740 b,
1998 3675 2092 3744 qui
2127 3675 2268 3729 fiunt
2302 3691 2365 3730 cv
2610 3673 2914 3743 apocalypsi

671 3759 730 3812 in
766 3759 798 3812 b
999 3758 1036 3813 8
1069 3758 1421 3814 antichristus
1457 3761 1505 3824 b,
1539 3761 1895 3829 nequissimus
1930 3777 1992 3816 cv
2194 3762 2228 3816 9
2263 3759 2443 3814 sedere
2477 3777 2539 3815 cv
2744 3758 2913 3813 domi-

669 3858 802 3898 num
837 3859 893 3898 se
929 3845 962 3900 b
1270 3845 1338 3899 10
1370 3844 1666 3916 dominum]
1704 3847 1965 3901 christum
2001 3863 2030 3901 c
2353 3845 2420 3900 13
2454 3844 2782 3899 uastationis
2817 3858 2847 3898 c

675 3928 742 3983 14
776 3932 830 3982 et
866 3944 1023 3998 super
1055 3947 1086 3986 ο
1396 3932 1462 3986 16
1497 3931 1645 4002 haec]
1680 3932 1783 3987 hoc
1818 3933 1850 3987 b
2152 3929 2327 4000 LXII]
2363 3929 2563 3984 LXXII
2598 3931 2645 3994 b,
2680 3929 2824 3984 LXX
2860 3931 2916 3982 et

672 4013 804 4068 duas
841 4031 870 4070 c
1108 4015 1177 4070 20
1211 4015 1501 4072 tuebantur
1535 4019 1568 4072 b
1796 4018 1863 4072 21
1902 4017 2311 4072 similitudinem
2347 4033 2377 4073 c
2605 4016 2782 4071 omine
2816 4031 2847 4070 c

672 4099 743 4154 22
776 4114 937 4168 per..
961 4139 971 4154 .
993 4101 1332 4157 aedificatum
1369 4119 1468 4158 om.
1506 4119 1535 4158 e
1826 4105 2212 4158 sacramentnm
2247 4119 2276 4158 e
2570 4103 2640 4157 23
2674 4116 2913 4157 consum·

672 4189 908 4241 meretur
943 4203 974 4242 c
1315 4189 1386 4243 24
1421 4189 1681 4259 propheta
1716 4191 1763 4254 b,
1798 4191 2110 4260 prophetiae
2146 4203 2175 4246 c
2515 4190 2781 4258 ungeatur
2815 4187 2847 4241 b

673 4275 889 4328 sanctus
925 4288 954 4329 c
1136 4275 1313 4344 ipsum
1358 4275 1428 4330 W
1607 4276 1679 4330 25
1712 4277 1950 4346 unctum]
1989 4275 2195 4332 uictum
2228 4292 2259 4331 c
2462 4275 2532 4329 26
2567 4290 2660 4344 pro
2703 4273 2792 4339 W,
2826 4287 2917 4341 per

673 4360 721 4424 b,
755 4375 876 4414 cum
912 4375 942 4415 c
1213 4362 1280 4416 27
1317 4361 1398 4416 sic
1430 4361 1605 4418 fuerat
1638 4362 1799 4432 enim]
1838 4363 2097 4432 quomodo
2134 4365 2190 4418 et
2222 4361 2401 4417 fuerat
2436 4377 2465 4418 c
2748 4359 2915 4414 eunde

672 4445 906 4514 capitulo
941 4461 972 4501 e
