3217 5150
971 483 1062 537 De
1097 482 1358 537 Pascha
1394 458 1751 552 computus
1787 498 1829 536 c.
1870 484 2020 536 1—5.
2430 514 2435 517 -
2490 484 2616 550 251

363 646 486 703 tus
553 642 684 703 Dei
749 660 880 718 sup
899 642 1367 703 erferebatur
1434 619 1653 717 super
1724 659 1969 716 aquas.
2016 643 2085 700 et
2140 642 2338 700 dixit
2394 640 2617 701 Deus:

363 746 509 806 fiat
564 747 715 807 lux.
786 747 856 805 et
915 746 1116 805 facta
1160 749 1273 805 est
1328 746 1467 805 lux.
1547 748 1617 804 et
1677 744 1873 804 uidit
1934 744 2122 803 Deus
2166 744 2405 805 lucem
2449 745 2621 819 quia

359 852 552 910 bona
608 851 738 910 est.
809 851 880 907 et
936 847 1205 908 diuisit
1249 848 1442 909 Deus
1507 849 1708 907 inter
1770 848 2005 907 lucem
2065 851 2135 907 et
2178 848 2379 909 inter
2422 852 2617 908 tene-

359 955 550 1014 bras.
597 954 667 1013 et
709 951 1018 1023 uocauit
1061 951 1256 1011 Deus
1299 952 1530 1012 lucem
1575 952 1762 1011 diem
1805 954 1878 1011 et
1922 951 2273 1015 tenebras
2316 953 2621 1011 uocauit

323 1057 666 1120 snoctem.
739 1057 810 1114 et
855 1040 1057 1114 facta
1101 1057 1215 1114 est
1257 1071 1573 1129 uespera
1621 1058 1691 1115 et
1735 1054 2009 1114 factum
2056 1057 2168 1113 est
2212 1072 2411 1114 mane
2458 1055 2618 1115 dies

357 1178 396 1219 u
409 1176 500 1217 nu
515 1175 563 1218 s.
611 1156 906 1218 referendo
957 1156 1137 1231 igitur
1177 1159 1244 1229 ,et
1286 1158 1630 1219 insinuando
1685 1158 1853 1219 nobis
1883 1160 2081 1218 sancta
2110 1158 2395 1231 scriptura
2424 1158 2613 1232 ipsum

357 1261 666 1323 Dominum
695 1260 961 1321 diuisisse
993 1261 1145 1321 inter
1172 1262 1360 1321 lucem
1391 1264 1450 1321 et
1480 1262 1771 1334 tenebrae,
1823 1262 1883 1320 id
1913 1264 2002 1321 est
2030 1260 2179 1320 inter
2208 1260 2359 1320 diem
2390 1264 2449 1320 et
2476 1278 2614 1321 noc-

357 1368 477 1426 tem
533 1364 826 1425 euidenter
877 1363 1129 1424 ostendit
1179 1365 1330 1425 hunc
1384 1376 1512 1425 esse
1559 1364 1805 1439 primum
1850 1364 1998 1425 diem
2042 1368 2101 1424 et
2132 1367 2463 1439 sequentem
2493 1364 2616 1423 eius

357 1472 604 1541 noctem,
658 1469 810 1529 inter
861 1486 1003 1543 quos
1057 1469 1306 1529 omnium
1359 1469 1567 1530 artifex
1622 1469 1940 1543 aequaliter
1991 1471 2097 1529 hoc
2138 1471 2226 1529 est
2255 1467 2612 1543 irreprehen-

291 1596 342 1636 ιο
361 1571 610 1633 sibiliter
641 1572 856 1632 diuisit.
917 1646 932 1657 θ

441 1676 552 1747 Qui
603 1693 755 1735 nunc
807 1676 1299 1750 comprehenditur
1351 1692 1474 1736 esse
1506 1676 1654 1736 VHI
1685 1676 1763 1734 kl.
1796 1676 2005 1749 April„
2038 1694 2074 1735 a
2115 1693 2225 1750 quo
2256 1675 2347 1735 die
2376 1692 2609 1749 compu-
2630 1668 2673 1725 4

353 1780 546 1839 tantos
599 1778 782 1854 aliqui
813 1794 882 1839 ex
925 1777 1092 1838 nobis
1137 1779 1236 1861 qui
1265 1779 1487 1854 priores
1541 1779 1847 1839 uoluerunt
1900 1780 2051 1838 hunc
2102 1795 2352 1839 mensem
2402 1795 2612 1839 nouum

355 1882 652 1943 ostendere
683 1884 742 1941 et
771 1882 896 1957 ipso
926 1882 1101 1941 XIIII
1128 1883 1270 1943 luna
1297 1883 1536 1943 inuenta
1583 1882 1707 1943 dies
1742 1882 2002 1942 Paschae
2032 1882 2339 1942 secundum
2368 1882 2610 1941 Iudaeos

352 1988 740 2047 demonstrare
759 2031 776 2059 ,
823 1986 1090 2046 dixerunt
1135 1987 1376 2048 eundem
1421 2002 1675 2047 mensem
1716 1987 1789 2045 ab
1828 1986 1908 2045 id.
1954 1985 2151 2045 Martii
2180 1985 2430 2058 incipere
2460 1989 2521 2045 et
2551 1986 2611 2044 in

285 2112 336 2151 ιε.
357 2087 504 2147 diem
539 2088 618 2147 id.
664 2088 852 2163 April.
899 2106 1310 2163 consummare,
1369 2092 1428 2149 et
1470 2090 1556 2149 sic
1602 2088 1979 2165 impegerunt.
2026 2104 2090 2147 ac
2118 2090 2423 2163 propterea
2451 2088 2609 2162 ipsos

355 2190 476 2251 dies
516 2190 670 2249 XXX
701 2192 961 2265 quamuis
991 2196 1146 2254 recte
1187 2193 1494 2253 diuiserint
1521 2192 1584 2252 in
1616 2192 1695 2251 XI
1726 2194 1786 2252 et
1817 2192 2065 2265 XVIIII,
2096 2190 2359 2251 undecim
2388 2190 2609 2251 scilicet

349 2294 411 2353 in
453 2294 736 2355 communi
779 2312 924 2355 anno
975 2299 1287 2356 retrorsum
1337 2298 1731 2371 computantes
1772 2298 1833 2356 et
1874 2297 1947 2355 ad
1998 2296 2128 2355 idus
2156 2295 2355 2355 Martii
2400 2312 2606 2370 perue-

350 2398 591 2477 nientes,
636 2399 829 2459 decem
859 2401 917 2458 et
945 2416 1150 2461 nouem
1177 2401 1241 2459 in
1269 2400 1516 2473 priorem
1546 2398 1710 2459 illum
1740 2416 1950 2459 annum
1980 2416 2089 2473 quo
2120 2398 2487 2459 embolismus
2516 2399 2605 2457 iu·

349 2503 531 2562 currit
589 2501 961 2562 immittentes
1015 2506 1072 2562 et
1130 2521 1308 2578 usque
1358 2505 1430 2563 ad
1489 2504 1621 2564 idus
1674 2501 1858 2578 April.
1929 2502 2325 2563 deuenientes:
2396 2501 2467 2559 in·
2501 2503 2607 2563 hoc

279 2625 333 2666 20
351 2608 684 2667 errauerunt
698 2652 714 2680 ,
758 2611 824 2667 ut
866 2606 984 2666 dixi
1000 2653 1015 2680 ,
1059 2625 1184 2667 cum
1226 2623 1358 2668 uere
1401 2609 1647 2682 primum
1700 2607 1849 2668 diem
1903 2606 2033 2666 noui
2086 2604 2300 2666 mensis
2352 2621 2607 2680 compre-

347 2708 602 2782 hendere
645 2727 760 2769 non
810 2712 1134 2785 potuerunt.
1203 2727 1348 2784 quae
1399 2727 1492 2770 res
1545 2711 1629 2770 sic
1681 2710 1845 2773 modo
1896 2726 2031 2769 uere
2081 2711 2311 2770 ostensa
2369 2708 2601 2768 demon-

353 2814 655 2887 strabitur,
687 2831 815 2874 cum
859 2814 918 2872 in
961 2814 1086 2889 ipso
1135 2815 1336 2887 pinaoe
1366 2832 1402 2873 a
1429 2814 1594 2874 nobis
1626 2815 1936 2888 composito
1964 2811 2161 2872 nullus
2188 2829 2371 2872 annus
2400 2811 2605 2872 fallere

349 2915 693 2978 inuenietur.

435 3016 706 3081 Volentes
748 3020 929 3095 igitur
969 3023 1124 3081 hunc
1145 3031 1418 3081 ‘mensem
1433 3029 1582 3082 ‘uero
1603 3003 1931 3094 ostendere,
1968 3021 2119 3079 unde
2152 3018 2391 3094 incipiat
2418 3021 2478 3079 et
2508 3017 2607 3079 ubi
2631 3013 2671 3072 5

275 3148 328 3189 ιε
347 3124 513 3184 finiat
527 3168 544 3198 ,
597 3127 950 3185 reuertamur
999 3127 1072 3186 ad
1106 3125 1366 3186 Genesim
1385 3171 1400 3199 ,
1455 3142 1598 3199 quae
1644 3124 1845 3185 retulit
1896 3123 2059 3184 nobis
2089 3123 2279 3198 ipsum
2308 3120 2607 3181 Dominum

349 3227 616 3288 diuisisse
658 3226 811 3288 inter
849 3228 1094 3303 primum
1137 3228 1288 3290 diem
1318 3230 1377 3288 et
1405 3229 1651 3303 primam
1678 3230 1920 3287 noctem.
1966 3228 2115 3286 unde
2145 3227 2599 3301 recognoscimus

347 3333 406 3390 et
448 3331 598 3391 inter
651 3334 958 3392 secundum
1000 3335 1060 3392 et
1101 3332 1252 3392 inter
1303 3331 1538 3393 tertium
1582 3332 1732 3392 diem
1763 3333 1823 3391 et
1864 3332 2087 3390 noctem
2117 3330 2395 3390 neminem
2427 3329 2603 3388 alium

487 3548 516 3600 1
555 3563 750 3616 aquam
787 3564 816 3602 c
1063 3547 1097 3602 3
1133 3550 1188 3602 et
1221 3548 1384 3618 inter]
1422 3550 1477 3602 et
1512 3565 1541 3604 c
1780 3548 1817 3602 4
1852 3549 2088 3603 alterum
2122 3549 2337 3602 uocauit
2352 3563 2471 3603 -om.
2510 3565 2540 3602 c

345 3633 380 3686 5
415 3625 622 3687 factum
659 3635 742 3688 est
779 3651 996 3705 uespere
1034 3652 1063 3691 c
1219 3635 1254 3689 6
1287 3634 1620 3690 referendum
1657 3651 1686 3690 c
1834 3635 2007 3704 igitur
2040 3649 2141 3689 om.
2178 3650 2208 3692 c
2396 3635 2427 3688 7
2464 3635 2607 3688 inter

344 3717 594 3774 tenebras
633 3721 664 3776 b
884 3722 919 3776 8
955 3719 1282 3776 ostendimus
1307 3723 1338 3776 b
1563 3725 1816 3790 sequente
1850 3721 1964 3776 eius
2000 3723 2154 3776 nocte
2188 3737 2218 3777 c
2425 3723 2458 3776 9
2496 3737 2606 3776 om-

343 3806 514 3876 nium]
556 3807 710 3860 nocte
745 3807 887 3861 inter
925 3822 1054 3877 quos
1093 3808 1332 3862 omnium
1369 3807 1457 3863 die
1491 3810 1689 3864 inserit
1724 3825 1752 3863 c
2052 3810 2119 3862 11
2156 3809 2251 3877 qui
2285 3824 2425 3864 nunc
2460 3809 2509 3874 b,
2545 3811 2604 3862 in

343 3891 487 3946 hunc
523 3909 566 3960 c,
603 3893 652 3948 is
688 3910 828 3949 nunc
869 3896 918 3949 (τ’
1125 3895 1282 3965 ἮΠ]
1317 3895 1396 3950 XI
1432 3911 1461 3950 c
1666 3898 1921 3964 putantes
1957 3911 1987 3951 c
2172 3895 2241 3950 12
2274 3896 2470 3966 prioris
2507 3913 2536 3952 c

344 3977 413 4032 13
449 3980 506 4032 et
531 4019 540 4029 .
565 3979 990 4035 ..demonstrare
1027 3997 1127 4036 om.
1165 3997 1194 4036 c
1413 3981 1481 4035 14
1517 3979 1765 4036 dixerunt
1800 3983 1943 4037 enim
1979 3998 2007 4038 c
2223 3981 2343 4037 idus
2378 3983 2425 4048 b,
2464 3982 2605 4036 VIII

344 4063 419 4118 id.
458 4081 486 4119 c
784 4067 840 4122 in
876 4065 963 4122 die
999 4083 1123 4122 non.
1162 4069 1318 4138 april.
1358 4084 1386 4123 c
1684 4068 1753 4123 15
1789 4072 1845 4124 et
1880 4070 1956 4124 sic
1993 4069 2333 4138 impegerunt
2368 4085 2467 4125 om.
2504 4085 2533 4123 c

343 4151 424 4220 ac]
459 4151 562 4206 hac
598 4169 627 4208 c
967 4155 1036 4209 16
1069 4153 1250 4209 XXIX
1287 4172 1332 4224 c,
1368 4154 1521 4209 XXX
1557 4171 1676 4226 gen.
1713 4158 1744 4211 b
2090 4158 2435 4226 quamuis...
2460 4157 2497 4211 l.
2532 4159 2605 4212 25

340 4236 436 4290 ubi
473 4237 630 4292 finiat
665 4256 762 4294 om.
803 4257 832 4296 c
1085 4242 1143 4296 in
1178 4241 1258 4296 XI
1295 4244 1351 4298 et
1385 4241 1436 4296 X
1473 4245 1528 4297 et
1561 4242 1643 4296 IX
1680 4244 1711 4299 b
1955 4243 2161 4298 scilicet
2196 4244 2252 4297 in
2295 4243 2385 4312 W,
2424 4244 2601 4297 sciunt

342 4325 399 4376 et
433 4323 492 4378 in
529 4326 560 4380 b
697 4327 768 4381 25
803 4326 958 4383 deum
993 4327 1251 4384 diuidisse
1287 4347 1316 4386 c
1473 4330 1538 4384 27
1569 4331 1817 4400 primum
1852 4333 1907 4385 et
1942 4345 2043 4388 om.
2081 4346 2110 4386 c
2252 4331 2485 4386 alterum
2518 4330 2601 4384 in·

338 4411 425 4462 ter
462 4426 562 4465 om.
600 4429 629 4466 c
2528 4409 2541 4418 ’
