3217 5150
603 491 720 602 ’72
1579 535 1854 604 Append
1876 537 1957 590 ix.

632 696 1017 772 apostolorum
1061 691 1396 754 confirmans
1435 697 1816 769 praecepit
1868 695 1975 756 eis
2031 697 2115 756 ab
2160 697 2697 773 Hierosolymis
2750 719 2897 761 non

633 799 1036 868 discedere,
1097 797 1222 856 sed
1271 801 1703 872 exspectare
1764 799 1971 858 illam
2022 801 2583 874 promissionem
2636 818 2726 877 pa
2764 804 2923 863 tris

633 919 838 978 quam
893 900 1214 961 audistis
1267 917 1300 959 a
1350 917 1483 979 me,
1543 901 1719 976 quia
1768 903 2077 962 Ioannes
2142 902 2428 978 quidem
2481 905 2921 980 baptizauit

621 1023 832 1089 aqua,
875 1021 1004 1065 uos
1045 1007 1282 1064 autem
1321 1003 1889 1078 baptizabimini
1930 1006 2209 1078 spiritu
2250 1010 2507 1068 sancto
2549 1025 2687 1067 non
2729 1011 2905 1083 post

635 1109 901 1169 multos
944 1109 1072 1167 hos
1115 1107 1294 1167 dies.
1354 1107 1604 1182 itemque
1646 1107 1853 1166 Petrus
1904 1110 2101 1168 eadem
2152 1111 2329 1170 uerba
2378 1110 2605 1171 Domini
2646 1127 2891 1186 percen-
2922 1125 2967 1170 s·

635 1212 770 1284 suit,
831 1212 1106 1271 rationem
1158 1229 1260 1286 pro
1311 1227 1372 1270 se
1421 1213 1574 1284 apud
1626 1209 1912 1285 apostolos
1960 1213 2205 1272 reddens
2254 1214 2519 1274 dicendo:
2574 1231 2727 1274 cum
2778 1233 2889 1276 au-

635 1317 772 1382 tem
813 1315 1208 1388 inciperem
1251 1313 1450 1388 loqui
1493 1330 1640 1388 ego,
1684 1313 1915 1374 irruit
1952 1316 2269 1388 spiritus
2316 1320 2618 1378 sauctus
2666 1335 2893 1392 super

635 1433 775 1491 eos,
826 1416 1023 1478 sicut
1064 1420 1136 1476 et
1177 1433 1398 1491 super
1437 1432 1565 1476 nos
1604 1416 1679 1476 in
1718 1417 2118 1492 principio,
2163 1422 2234 1478 et
2274 1421 2703 1480 recordatus
2742 1437 2907 1480 sum

633 1539 1028 1584 sermonem
1069 1520 1354 1581 Domini
1405 1520 1598 1580 sicut
1648 1520 1977 1581 dicebat:
2031 1523 2343 1582 Ioannes
2394 1524 2685 1598 quidem
2725 1523 2897 1599 bap-

631 1626 906 1688 tizauit
967 1641 1168 1700 aqua,
1223 1639 1350 1684 uos
1401 1626 1640 1683 autem
1680 1625 2244 1698 baptizabimini
2285 1626 2562 1700 spiritu
2604 1630 2885 1688 sancto.
2912 1645 2969 1682 ιο
3022 1661 3031 1670 -

633 1730 700 1792 si
743 1747 914 1804 ergo
955 1728 1264 1802 aequale
1307 1727 1560 1786 donum
1598 1727 1801 1787 dedit
1846 1728 1953 1788 eis
1998 1729 2199 1788 sicut
2238 1732 2309 1790 et
2354 1730 2563 1790 nobis
2604 1730 2903 1790 creden-

633 1833 835 1891 tibus
891 1829 1264 1890 Dominum
1327 1831 1564 1890 Iesum
1622 1829 2025 1904 Christum,
2086 1848 2213 1906 ego
2278 1833 2441 1907 quis
2513 1851 2701 1892 eram
2762 1833 2895 1907 qui

635 1951 918 2010 possem
960 1931 1348 2010 probibere
1390 1935 1736 1994 Domino?
1780 1936 1839 1993 et
1868 1934 2103 1994 iterum:
2136 1935 2282 1994 uiri
2324 1935 2620 2008 fratres,
2666 1935 2903 1994 scitis

635 2038 808 2114 quia
865 2056 900 2098 a
957 2038 1218 2097 diebus
1277 2037 1615 2112 antiquis
1674 2037 1744 2097 in
1801 2037 2013 2097 nobis
2074 2037 2261 2097 Deus
2332 2037 2563 2112 elegit
2630 2054 2757 2112 per
2816 2055 2909 2098 os

637 2142 1168 2202 meumaudire
1227 2145 1490 2218 gentes
1549 2143 1839 2204 uerbum
1898 2142 2271 2216 euangelii
2328 2145 2397 2202 et
2468 2144 2763 2202 credere
2824 2145 2985 2203 otu

635 2246 758 2321 qui
809 2247 1025 2306 corda
1074 2246 1278 2306 nouit
1319 2247 1506 2306 Deus
1557 2244 2073 2306 testimonium
2122 2245 2515 2319 perhibuit
2566 2245 2744 2305 dans
2786 2246 2905 2306 eis

639 2348 992 2424 spiritum
1063 2352 1399 2409 sanctum
1481 2349 1675 2409 sicut
1744 2353 1814 2407 et
1892 2349 2129 2408 nobis.
2212 2365 2281 2408 ac
2360 2351 2659 2422 propterea
2727 2348 2905 2408 huius

637 2452 952 2513 sententiae
981 2468 1126 2527 quae
1159 2454 1236 2512 sit
1269 2453 1355 2512 uis
1384 2456 1442 2512 et
1471 2455 1725 2527 potestas
1756 2451 2110 2511 considerare
2140 2451 2428 2511 debemus.
2478 2451 2561 2510 ait
2588 2451 2740 2511 enim
2772 2451 2889 2512 Do·

635 2555 822 2617 minus
853 2557 937 2616 eis
983 2556 1082 2632 qui
1120 2557 1478 2631 postmodum
1521 2553 1796 2630 baptizari
1828 2554 2121 2627 haberent,
2167 2554 2304 2629 quia
2330 2555 2644 2627 crederent,
2676 2554 2865 2627 bapti·

639 2660 850 2720 zandos
880 2676 1022 2733 esse,
1067 2677 1180 2719 non
1207 2658 1675 2735 quemadmodum
1704 2676 1739 2718 a
1768 2675 1829 2718 se
1857 2658 1922 2717 in
1960 2675 2109 2733 aqua
2137 2656 2199 2716 in
2228 2657 2655 2731 paenitentiam,
2690 2658 2791 2717 sed
2821 2658 2883 2716 in
2920 2678 2979 2718 ao

639 2763 848 2836 spiritu
877 2764 1093 2841 sancto.
1135 2764 1203 2822 de
1235 2779 1348 2837 qua
1377 2761 1795 2836 praedicatione
1826 2778 1953 2821 cum
1992 2760 2187 2834 utique
2218 2776 2380 2821 nemo
2408 2763 2665 2823 nostrum
2694 2762 2881 2835 possit

639 2866 926 2940 ambigere
943 2910 957 2938 ,
1009 2864 1375 2925 manifestum
1425 2868 1515 2925 est
1565 2884 1679 2941 qua
1728 2865 1947 2925 ratione
1998 2864 2255 2924 homines
2304 2864 2365 2923 in
2414 2864 2623 2938 spiritu
2676 2866 2875 2926 sancto

639 2968 913 3043 baptizati
953 2970 1088 3027 sint.
1127 2985 1276 3027 nam
1317 2970 1376 3027 et
1416 2968 1643 3041 proprie
1684 2968 1745 3026 in
1786 2967 1907 3041 ipso
1954 2967 2073 3027 solo
2116 2970 2309 3027 sancto
2352 2966 2560 3040 spiritu
2602 2966 2883 3040 baptizati

639 3074 774 3133 sunt
813 3071 913 3146 qui
953 3071 1333 3143 crediderunt,
1374 3072 1508 3146 quia
1551 3072 1794 3132 Ioannes
1837 3072 2107 3133 discreuit
2148 3076 2205 3133 et
2248 3074 2393 3131 dixit
2422 3072 2611 3133 dicens
2642 3088 2705 3131 se
2736 3071 2867 3146 qui-

641 3175 768 3235 dem
799 3174 858 3233 in
887 3192 1036 3248 aqua
1064 3174 1371 3248 baptizare,
1403 3176 1703 3235 uenturum
1734 3177 1926 3235 autem
1953 3176 2051 3249 qui
2082 3176 2143 3236 in
2164 3175 2371 3250 spiritu
2395 3178 2589 3237 sancto
2614 3174 2884 3247 baptizet.
2906 3194 2967 3235 aa

641 3277 832 3353 gratia
871 3280 928 3337 et
958 3277 1173 3337 uirtute
1213 3276 1317 3337 Dei
1348 3279 1482 3337 sunt
1503 3279 1540 3349 †
1569 3280 1630 3336 et
1670 3279 1777 3338 hoc
1818 3281 1875 3338 et
1920 3277 2141 3339 occulta
2191 3280 2471 3353 largiente
2499 3280 2557 3339 et
2588 3280 2882 3352 operante,

641 3381 1012 3441 nihilominus
1053 3383 1244 3440 autem
1285 3381 1458 3439 etiam
1487 3380 1548 3438 in
1575 3382 1931 3455 baptismate
1974 3380 2211 3454 spiritus
2254 3384 2313 3442 et
2342 3398 2541 3455 aquae,
2585 3384 2881 3455 praeterea

644 3485 819 3544 etiam
847 3485 908 3543 in
935 3484 1280 3558 baptismate
1312 3484 1556 3559 spiritus
1579 3486 1641 3543 in
1670 3484 1944 3559 sanguine
1974 3485 2201 3559 proprio
2230 3484 2693 3559 uniuscuiusque,
2736 3485 2887 3545 sicut

645 3588 938 3649 declarant
987 3587 1151 3648 nobis
1203 3592 1434 3648 sanctae
1487 3589 1801 3662 scripturae
1822 3634 1835 3661 ,
1897 3607 2136 3664 quarum
2186 3606 2290 3665 per
2341 3589 2573 3664 singula
2629 3604 2885 3663 quaeque

643 3709 836 3753 eorum
864 3708 1008 3766 quae
1038 3691 1428 3751 enarrabimus
1458 3691 1778 3753 adferemus
1807 3693 2134 3767 perspicuas
2164 3692 2545 3766 probationes.
2930 3714 2995 3754 ao

591 3782 628 3841 3
729 3796 822 3855 Ad
865 3812 1008 3870 quae
1053 3794 1201 3854 forte
1231 3797 1314 3866 tu,
1362 3794 1459 3868 qui
1501 3812 1709 3855 nouum
1754 3795 1892 3869 quid
1932 3794 2173 3868 inducis,
2226 3795 2491 3856 continuo
2522 3795 2887 3868 impatienter

646 3899 987 3973 respondeas
1046 3898 1112 3957 ut
1169 3898 1317 3957 soles
1375 3896 1582 3957 dixisse
1644 3898 1703 3957 in
1762 3898 2060 3972 euangelio
2120 3898 2455 3958 Dominum:
2532 3898 2680 3957 nisi
2738 3898 2907 3973 quis

644 4002 876 4061 denuo
943 4003 1156 4061 natus
1226 4001 1461 4061 fuerit
1519 4018 1602 4061 ex
1674 4017 1860 4075 aqua
1916 4006 1987 4061 et
2044 3986 2351 4077 spiritu,
2426 4018 2563 4061 non
2640 4005 2897 4076 potest

645 4104 964 4165 introire
1011 4106 1086 4165 in
1131 4121 1424 4178 regnum
1470 4106 1857 4166 caelorum.
1920 4124 1989 4166 ex
2036 4124 2145 4180 quo
2189 4106 2487 4166 manifeste
2530 4108 2771 4181 apparet
2810 4106 2901 4165 illi

788 4374 818 4427 1
855 4374 971 4429 Act.
1011 4375 1060 4443 1,
1096 4374 1144 4429 4.
1183 4374 1234 4431 5.
1527 4374 1560 4427 6
1595 4374 1713 4429 Act.
1754 4374 1833 4437 11,
1873 4372 2091 4428 15-17.
2380 4374 2446 4429 13
2480 4376 2597 4429 Act.
2636 4374 2719 4441 15,
2759 4373 2805 4439 7,
2842 4376 2893 4429 8.

665 4460 732 4513 32
771 4462 844 4515 10.
881 4462 928 4525 3,
975 4462 1023 4516 3.
1061 4462 1109 4517 5.
