3217 5150
762 544 1043 592 XXXVIII

762 680 1003 746 saeculo
1052 678 1177 744 XII
1223 679 1477 758 exarati,
1530 679 1640 762 qui
1691 679 1908 763 paucis
1952 677 2278 762 scripturis
2325 679 2579 746 aliunde
2617 679 2898 746 adscitis
2945 681 3064 745 uel

760 791 1113 858 coniectura
1142 791 1415 856 inuentis
1442 793 1518 856 ex‘
1540 791 1593 856 E
1623 791 1726 856 uel
1755 791 1962 858 codice
1992 791 2258 876 gemello
2287 793 2702 874 epistularum
2735 809 3062 877 magnam

762 906 1023 986 partem,
1055 903 1221 968 inter
1248 921 1353 969 eas
1382 904 1642 970 rariores
1673 921 1885 998 omnes
1915 903 2444 987 deprompserunt.
2475 905 2649 969 totus
2681 921 2832 970 uero
2861 904 2952 970 ab
2973 923 3054 970 eo

760 1013 987 1098 pendet
1014 1014 1389 1080 Parisiensis
1444 1015 1655 1082 17350
1703 1014 1855 1080 olim
1885 1012 2126 1082 Orator.
2181 1015 2223 1081 9
2275 1033 2431 1082 saec.
2481 1015 2608 1080 XII
2663 1013 2756 1101 (o)
2769 1016 2859 1097 ¹¹¹),
2921 1017 3058 1081 nisi

761 1125 927 1209 quod
970 1125 1271 1208 epistulas
1312 1128 1415 1194 69.
1453 1127 1553 1192 72.
1590 1127 1694 1193 12.
1728 1127 1814 1192 70
1841 1127 1904 1191 et
1932 1129 2177 1211 partem
2219 1127 2526 1210 epistulae
2557 1129 2640 1194 75
2667 1128 2888 1193 nescio
2921 1147 3056 1211 quo

698 1298 707 1311 ,
761 1257 907 1304 casu
948 1237 1181 1318 omisit,
1226 1238 1529 1322 epistulas
1573 1238 1674 1303 14.
1717 1237 1822 1303 48.
1863 1237 1968 1304 49.
2011 1237 2115 1304 50.
2157 1237 2262 1304 68.
2306 1237 2391 1305 69
2435 1257 2510 1304 ex
2551 1239 2764 1305 codice
2805 1240 3056 1306 tertiae

763 1351 1039 1418 familiae
1078 1349 1525 1435 transscripsit,
1566 1351 1838 1434 priorem
1885 1367 2034 1416 uero
2079 1349 2453 1433 scriptorum
2497 1354 2744 1434 partem
2773 1353 2934 1418 inde
2961 1353 3048 1418 ab

626 1475 637 1486 ·
759 1463 973 1529 libello
1001 1463 1035 1529 Ι
1064 1483 1259 1548 usque
1302 1464 1383 1530 ad
1428 1461 1762 1546 epistulam
1791 1461 1833 1527 6
1863 1461 2199 1526 immutato
2245 1461 2476 1540 ordine,
2529 1463 2684 1528 item
2717 1465 3044 1546 epistulas

624 1573 635 1585 ⁰
762 1576 820 1642 6.
855 1576 956 1642 28.
989 1576 1091 1642 39.
1120 1577 1224 1643 55.
1254 1577 1359 1643 58.
1392 1575 1477 1641 63
1506 1592 1580 1640 ex
1608 1573 1816 1640 codice
1843 1571 2080 1655 primae
2108 1570 2388 1639 familiae
2415 1573 2470 1638 P
2495 1575 2725 1659 recepit
2743 1575 2873 1659 **).

440 1709 597 1752 Horum
624 1673 763 1752 sodi·-

464 1791 555 1820 cum
577 1779 715 1822 inter-

500 1847 678 1900 polatlo.

844 1687 1017 1752 Haec
1068 1685 1351 1752 codicum
1402 1685 1768 1770 propagatio
1819 1685 2024 1767 qualis
2069 1685 2156 1750 sit
2199 1687 2264 1751 et
2301 1688 2608 1767 quomodo
2661 1688 2906 1753 sensim
2955 1689 3040 1753 ab

760 1799 998 1884 origine
1040 1797 1527 1884 degenerauerit,
1570 1814 1697 1864 uno
1739 1797 2058 1882 explicabo
2099 1797 2398 1881 exemplo.
2443 1799 2764 1864 adnotatio
2803 1801 3042 1865 critica

758 1910 839 1976 ad
884 1910 1183 1994 epistulas
1227 1911 1284 1975 7.
1318 1909 1379 1974 9.
1417 1909 1515 1976 12.
1567 1910 1668 1974 17.
1717 1909 1816 1976 18.
1866 1909 1966 1974 19.
1997 1909 2103 1976 25.
2135 1909 2238 1975 26.
2270 1909 2373 1976 29.
2409 1910 2510 1976 53.
2548 1909 2648 1974 72.
2684 1910 2770 1976 75
2815 1914 3042 1996 potest

758 2022 1153 2106 suppeditare
1202 2021 1495 2105 plurima.
1550 2039 1694 2087 cum
1737 2019 2083 2106 Cyprianus
2130 2040 2191 2105 p.
2235 2021 2474 2100 521,14
2523 2021 2616 2087 sic
2667 2022 3040 2106 scripsisset

746 2138 969 2214 potens
1019 2137 1107 2199 est
1154 2131 1393 2197 diuina
1446 2130 1884 2198 ntisericordia
1933 2131 2264 2198 medellam
2313 2131 2485 2197 dare.
2537 2133 3044 2214 properandum

754 2249 969 2309 tamen
1008 2263 1141 2309 non
1158 2247 1317 2326 pato
1346 2263 1458 2310 nec
1486 2243 1738 2310 incaute
1765 2243 2018 2326 aliquid
2045 2248 2106 2309 et
2129 2242 2512 2328 festinanter
2535 2243 2908 2328 yet-endam,
2959 2264 3036 2310 ex

757 2356 1073 2441 archetypi
1121 2355 1431 2441 scriptura
1471 2337 2109 2422 PROPERZDVM
2139 2355 2440 2422 facillimo
2485 2373 2686 2422 erroro
2727 2355 2797 2422 in
2837 2355 3034 2436 MQT

755 2468 991 2535 factum
1048 2471 1145 2536 est
1190 2487 1535 2552 properam
1584 2468 1758 2548 dum,
1820 2467 1984 2550 quod
2037 2470 2110 2533 ut
2161 2469 2540 2533 structuram
2601 2465 2882 2534 efficeret
2939 2467 3036 2548 Q’

756 2582 1031 2649 mutauit
1068 2581 1135 2647 in
1176 2580 1509 2647 medellam
1550 2580 1708 2646 dare
1741 2596 2105 2663 properam,
2157 2579 2314 2645 dum
2355 2584 2570 2645 tamen
2611 2598 2744 2645 non
2777 2584 3030 2662 putem,

757 2712 913 2777 quae
958 2694 1307 2759 coniectura
1348 2692 1500 2775 quid
1544 2691 1666 2757 sibi
1707 2690 1900 2757 uellet
1925 2709 2072 2757 cum
2101 2690 2154 2756 E
2184 2692 2469 2771 nesciret,
2519 2693 2588 2757 in
2617 2692 3032 2759 describendo

754 2805 905 2886 puto
937 2823 1008 2869 ex
1027 2822 1375 2887 properam
1415 2802 1564 2870 fecit
1594 2820 2016 2885 properamus
2057 2803 2368 2869 sententia
2407 2804 2806 2869 structuram
2841 2804 3032 2869 nulla

758 3026 977 3082 Pascha
998 3010 1135 3097 αῆΐξ
1154 3025 1345 3082 deindo
1381 3026 1640 3097 capitulis
1675 3026 2026 3096 epistolarum
2069 3024 2368 3079 interiectis
2403 3023 2665 3092 epistulas
2701 3028 2788 3077 eo.
2813 3028 2902 3079 67.
2943 3030 3032 3079 69.

756 3119 840 3168 52.
875 3118 958 3167 47.
992 3118 1077 3167 45.
1112 3118 1195 3168 44.
1234 3118 1314 3167 51.
1342 3118 1424 3167 69.
1454 3118 1533 3167 70.
1566 3117 1649 3167 72.
1677 3117 1756 3166 75.
1797 3112 2042 3167 Sentent.
2081 3115 2164 3165 64.
2191 3116 2240 3163 2.
2263 3116 2314 3167 4.
2345 3113 2426 3163 13.
2453 3114 2500 3165 3.
2527 3114 2612 3163 67.
2637 3114 2721 3163 65.
2751 3114 2798 3163 1.
2823 3114 2914 3165 43.
2941 3116 3028 3165 46.

759 3205 841 3254 53.
868 3203 951 3253 54.
976 3204 1058 3253 32.
1087 3201 1169 3253 20.
1201 3204 1263 3253 12
1301 3200 1459 3269 (quae
1494 3198 1894 3268 inscriptionem
1931 3212 2056 3267 prae
2096 3212 2152 3251 se
2187 3196 2295 3250 fert
2319 3196 2627 3265 Exemplar
2661 3196 3028 3265 epistolarum

758 3285 1017 3341 tredecim
1052 3299 1190 3354 quas
1223 3285 1372 3341 misit
1407 3284 1723 3355 Cyprianus
1744 3283 2009 3339 Rmnanis
2043 3297 2278 3353 quarum
2305 3281 2495 3350 prima
2532 3286 2612 3336 est
2645 3280 2922 3352 Cypriani
2955 3284 3034 3337 ad

756 3372 961 3428 ozenam
1002 3370 1149 3440 quoa
1188 3386 1301 3425 mm
1336 3376 1519 3440 posset
1556 3377 1758 3426 temere
1783 3370 2136 3439 Cartayimm
2173 3368 2368 3423 uenire
2399 3372 2452 3421 et
2475 3373 2540 3421 at
2571 3368 2656 3421 his
2689 3368 3028 3435 confessori-

756 3460 856 3515 bas
878 3460 977 3528 qui
996 3460 1061 3513 in
1084 3472 1305 3513 carcere
1339 3463 1469 3513 sunt
1503 3458 1790 3513 constituti
1811 3457 2126 3511 humanitas
2147 3456 2323 3509 onmis
2339 3454 2685 3523 prebeatur).
2715 3457 2794 3507 16.
2823 3458 2908 3507 15.
2943 3459 3024 3508 17.

760 3548 839 3600 1s.
885 3548 963 3597 19.
1006 3549 1090 3598 26.
1128 3548 1213 3597 25.
1250 3548 1298 3597 9.
1336 3547 1419 3597 as.
1456 3548 1541 3597 56.
1580 3547 1625 3596 ⁷.
1667 3548 1746 3597 76.
1787 3546 1869 3596 61.
1912 3545 1994 3607 78,
2049 3540 2241 3597 oratio
2269 3537 2540 3611 Cypriani
2585 3540 2782 3609 (Ayioe
2805 3540 3026 3610 Agim),

764 3632 955 3688 Oratio
977 3630 1244 3701 Cypriani
1276 3646 1441 3700 qaam
1468 3629 1567 3685 sub
1593 3628 1684 3684 die
1699 3630 1977 3699 passionis
1999 3642 2134 3683 sitae
2157 3626 2324 3695 dixit,
2350 3626 2548 3709 Pas-ajo
2575 3625 2860 3696 Cypriani.
2909 3627 3026 3695 epi-

756 3717 933 3773 stulae
967 3722 1037 3772 60
1064 3756 1114 3772 ..
1134 3760 1146 3771 .
1166 3756 1181 3773 .
1208 3722 1275 3771 51
1312 3719 1369 3771 et
1395 3722 1459 3771 16
1486 3757 1500 3771 .
1637 3721 1701 3770 76
1737 3733 1800 3770 ex
1833 3714 2011 3771 codice
2033 3714 2079 3769 E
2119 3713 2208 3769 uel
2247 3714 2363 3767 eius
2405 3711 2688 3767 simillimo
2727 3711 3026 3774 fluxerunt„

755 3802 995 3873 reliquae
1018 3804 1173 3859 uelut
1194 3820 1274 3873 ep.
1303 3807 1369 3858 75
1395 3820 1457 3858 ex
1483 3804 1589 3859 alio
1613 3803 1754 3859 libro
1777 3803 2006 3857 haustae
2029 3799 2301 3855 uidentur.

824 3889 875 3956 ³⁸¹)
900 3888 1071 3944 Codex
1110 3893 1279 3943 17350
1312 3888 1553 3945 continet
1582 3888 1798 3944 libellos
1830 3887 1874 3942 1.
1901 3886 1967 3940 X.
2001 3884 2119 3951 IX„
2153 3885 2416 3955 epistulas
2452 3889 2536 3938 37.
2561 3888 2642 3938 88.
2672 3887 2755 3950 10,
2795 3884 3026 3940 libellos

754 3973 819 4028 V.
854 3974 980 4032 VH.
1016 3974 1171 4031 vm.
1205 3975 1301 4031 XI.
1326 3974 1452 4030 ΧΠ.
1478 3974 1571 4030 Π.
1598 3974 1692 4041 VI,
1743 3972 2004 4043 epistulas
2044 3976 2129 4026 30.
2155 3976 2236 4025 60.
2264 3974 2348 4024 57.
2376 3974 2462 4026 59.
2487 3974 2571 4024 52.
2595 3973 2679 4025 47.
2705 3975 2787 4024 45.
2815 3976 2903 4024 44.
2931 3977 3019 4026 51.

757 4064 837 4113 13.
872 4064 953 4114 43.
992 4064 1073 4115 65.
1102 4066 1148 4116 1.
1174 4065 1257 4115 60.
1292 4064 1375 4115 46.
1412 4065 1497 4115 54.
1532 4064 1614 4115 32.
1645 4064 1728 4113 20.
1757 4065 1835 4114 12.
1867 4062 1950 4112 78.
1975 4060 2058 4113 67.
2085 4062 2168 4112 64.
2195 4061 2242 4111 2.
2269 4062 2318 4111 3.
2346 4060 2427 4111 14.
2453 4060 2536 4111 49.
2563 4060 2648 4110 50.
2672 4059 2755 4109 68.
2783 4060 2850 4110 75
2887 4058 3022 4125 (ini-

754 4146 899 4201 tium
932 4150 1149 4203 tantum
1181 4162 1349 4217 usque
1374 4146 1440 4202 ad
1465 4146 1628 4202 uerba
1663 4148 1814 4217 lonye
1841 4145 2044 4215 positis
2065 4166 2132 4193 =
2157 4160 2208 4213 p.
2233 4145 2458 4212 811,17).
2487 4147 2571 4198 53.
2601 4147 2681 4198 16.
2711 4146 2790 4196 15.
2819 4147 2900 4197 17.
2937 4148 3024 4200 18.

756 4236 835 4285 19.
866 4236 947 4286 26.
974 4236 1057 4286 25.
1082 4236 1128 4287 9.
1152 4236 1238 4289 29.
1265 4236 1348 4286 56.
1377 4234 1425 4285 7.
1452 4234 1533 4297 76,
1574 4230 1734 4303 Quod
1767 4230 1934 4302 ydola
1965 4230 2050 4285 dii
2077 4246 2194 4285 non
2223 4230 2356 4294 sint,
2377 4234 2426 4294 4,
2457 4228 2548 4283 De
2581 4227 2792 4283 duobus
2815 4232 3024 4285 monti-

754 4318 868 4385 bus,
894 4324 943 4372 6.
968 4324 1051 4375 55.
1075 4322 1160 4375 28.
1186 4322 1269 4376 39.
1292 4322 1377 4373 58.
1404 4322 1470 4372 69
1494 4318 1640 4387 (inde
1665 4333 1698 4372 a
1720 4316 1900 4372 uerbis
1923 4316 2187 4386 quaesisti
2211 4316 2378 4371 etiam
2398 4336 2466 4363 =
2489 4330 2542 4384 p.
2569 4317 2792 4381 760,14).
2819 4316 2904 4368 48.
2933 4320 3020 4369 66.

754 4408 837 4460 40.
866 4408 947 4458 63.

824 4490 905 4557 **)
928 4490 1009 4544 De
1030 4490 1297 4546 codicibus
1320 4490 1341 4544 i
1362 4510 1394 4561 ρ
1420 4493 1479 4545 et
1500 4490 1626 4545 aliis
1649 4505 1712 4545 ex
1735 4492 1887 4559 parte
1909 4504 1942 4543 a
1965 4488 2177 4545 familia
2199 4484 2261 4543 11
2283 4487 2644 4557 pendentibus
2666 4486 2810 4541 infra
2833 4500 3024 4555 agam.
