3217 5150
980 540 1074 594 Ad
1121 539 1578 595 Nouatianum
1624 558 1668 596 c.
1707 542 1857 596 3-6.
2462 549 2543 612 57

295 699 642 760 similabo
686 698 897 776 illum
940 699 1098 760 uiro
1143 699 1378 760 stulto
1422 701 1550 775 qui
1579 701 2021 762 aedificauit
2053 704 2320 763 domum
2350 722 2547 764 suam

293 820 511 876 super
563 804 937 863 harenam:
1007 807 1369 864 uenerunt
1421 808 1909 878 tempestates
1970 809 2041 866 et
2085 807 2543 882 impegerunt

296 907 366 964 in
431 907 698 966 domum
763 905 995 978 illam,
1062 911 1131 966 et
1195 907 1470 967 cecidit
1535 912 1604 968 01
1672 909 1875 969 facta
1938 914 2051 970 est
2112 912 2327 970 ruina
2393 912 2547 971 eius

294 1027 502 1084 magn
515 1028 568 1070 a.
601 1014 661 1069 et
689 1026 761 1069 ne
791 1011 1002 1070 temere
1026 1027 1364 1084 conparasse
1393 1011 1689 1070 uideamur
1719 1013 2036 1073 columbam
2068 1014 2229 1073 illam
2257 1015 2548 1087 lapsorum

249 1133 276 1170 5
297 1113 606 1187 imaginem
655 1116 898 1186 portare,
953 1113 1036 1173 sic
1086 1115 1366 1187 propheta
1405 1116 1465 1172 et
1517 1113 1812 1174 ciuitatem
1842 1119 1907 1174 ut
1956 1115 2273 1176 columbam
2320 1117 2430 1176 hoc
2458 1119 2547 1176 est

295 1216 586 1288 lapsorum
635 1233 935 1288 personam
973 1217 1234 1289 increpat
1272 1216 1496 1276 dicens:
1542 1218 1869 1278 columba
1912 1237 2049 1278 11011
2092 1220 2387 1279 exaudit
2431 1238 2545 1279 uo-

295 1337 484 1390 cem,
530 1318 600 1377 id
643 1322 762 1378 est
805 1319 1188 1392 praeclara
1230 1322 1302 1378 et
1345 1321 1725 1394 redempta
1768 1321 2051 1380 ciuitas
2097 1339 2232 1381 11011
2275 1323 2551 1396 recipit

296 1421 744 1494 doctrinam,
791 1425 861 1481 et
902 1423 975 1481 in
1019 1421 1390 1481 Dominum
1435 1423 1687 1482 fidens
1730 1441 1870 1484 non
1912 1424 2077 1484 fuit.

383 1525 544 1594 Quod
571 1529 760 1584 autem
791 1525 1046 1600 requiem
1075 1525 1313 1598 pedibus
1344 1525 1603 1586 columba
1630 1527 1735 1586 ills
1754 1572 1769 1599 ,
1800 1528 1950 1587 sicut
1978 1529 2243 1602 superius
2272 1529 2538 1601 diximus,
2564 1536 2601 1594 6
2712 1577 2725 1592 ,

225 1646 282 1686 10
297 1629 555 1687 inuenire
606 1645 720 1688 non
769 1631 1012 1702 poterat,
1063 1630 1172 1688 1100
1223 1629 1586 1704 significabat
1636 1630 1885 1704 uestigia
1935 1631 2267 1705 negantium
2308 1633 2415 1691 hoc
2456 1635 2544 1691 est

295 1731 760 1804 sacrificatorum,
812 1731 1019 1790 lubrici
1048 1749 1266 1791 ueneno
1299 1735 1584 1806 serpentis
1616 1733 1872 1793 sauciata
1899 1734 1961 1793 in
1990 1735 2213 1808 lapsum
2244 1752 2541 1794 conuersa:

297 1851 442 1908 quae
494 1833 738 1893 ulterius
783 1853 896 1896 11011
933 1839 1168 1908 possent
1207 1853 1378 1910 super
1417 1836 1675 1909 aspidem
1716 1839 1773 1895 et
1802 1837 2135 1898 basiliscum
2177 1840 2551 1898 conscendere

296 1941 356 1998 et
387 1939 686 1997 draconem
725 1941 783 1997 et
826 1940 1044 1998 leonem
1097 1938 1334 1999 calcare.
1382 1956 1551 2012 quam
1602 1942 1945 2013 potestatem
1996 1941 2241 2001 tradidit
2278 1942 2551 2001 Dominus

299 2041 600 2114 discipulis
629 2042 770 2113 suis,
802 2041 952 2100 sicut
981 2043 1041 2101 in
1070 2043 1368 2116 euangelio
1399 2043 1502 2102 ait.
1553 2057 1715 2102 ecce
1747 2045 1830 2103 do
1860 2044 2071 2104 uobis
2100 2047 2549 2118 potestatem

226 2145 644 2204 15calcandi
687 2162 902 2218 super
956 2165 1220 2206 omnem
1265 2147 1625 2205 uirtutem
1668 2146 1959 2207 inimici
2004 2151 2080 2206 et
2140 2163 2357 2220 super
2400 2163 2549 2206 ser-

297 2253 556 2324 pentes
599 2252 670 2309 et
725 2250 1190 2324 scorpiones,
1259 2253 1330 2309 et
1371 2268 1511 2310 non
1565 2250 1941 2312 nocebunt
1986 2267 2129 2311 uos.
2198 2251 2327 2310 istis
2374 2249 2551 2323 igitur

296 2357 385 2412 tot
414 2355 474 2410 et
503 2354 682 2412 tantis
711 2352 982 2426 malignis
1036 2353 1333 2427 spiritibus
1374 2353 1782 2413 infestantibus
1823 2356 1882 2412 et
1922 2354 1983 2412 in
2012 2354 2301 2427 lapsorum
2356 2370 2549 2412 necem

297 2457 729 2531 insurgentibus
779 2457 1010 2531 prouisa
1061 2458 1150 2515 est
1208 2457 1525 2516 uulneratis
1575 2456 1784 2516 salutis
1834 2456 1933 2516 uia
1983 2459 2049 2515 ut
2102 2457 2549 2530 quibuscumque

301 2559 522 2621 uiribus
562 2563 797 2635 possent
824 2563 944 2620 toto
974 2577 1036 2619 se
1066 2577 1293 2633 corpore
1323 2561 1673 2633 protrahere,
1728 2560 1934 2619 castris
1964 2559 2087 2619 suis
2117 2560 2383 2633 recipere,
2416 2559 2548 2633 qui-

131 2702 134 2705 -
227 2679 284 2720 ao
301 2666 410 2724 bus
455 2665 670 2737 recepti
712 2667 944 2737 possent
971 2663 1234 2722 medellis
1275 2663 1632 2735 spiritalibus
1660 2664 1899 2722 uulnera.
1930 2680 2035 2722 sua
2063 2682 2275 2723 curare.
2322 2667 2550 2737 recepta

301 2768 480 2841 igitur
525 2744 788 2827 columba.
837 2768 1034 2841 paucis
1085 2767 1258 2826 etiam
1311 2766 1511 2825 diebus
1563 2766 1879 2826 interiectis
1911 2767 2117 2827 iterato
2169 2766 2453 2826 emittitur
2482 2784 2551 2825 ex

297 2888 466 2931 arca:
511 2888 654 2945 quae
705 2884 936 2931 reuersa
987 2887 1099 2929 non
1149 2873 1370 2929 tantum
1427 2870 1589 2929 firma
1642 2870 1888 2943 uestigia
1915 2870 2017 2928 sed
2048 2872 2107 2929 et
2134 2870 2387 2943 insignis
2414 2886 2551 2929 suae

302 2975 460 3047 pacis
490 2977 662 3049 atque
693 2974 961 3033 uictoriae
992 2990 1094 3047 per
1122 2972 1226 3033 illa
1255 2974 1412 3033 oleae
1441 2972 1587 3032 folia.
1610 2989 1756 3046 quae
1788 2989 1889 3032 0110
1932 2990 2027 3031 010
2057 2973 2325 3045 portabat
2355 2974 2551 3032 osten-

301 3078 406 3136 dit.
453 3078 659 3151 duplex
710 3094 846 3151 ergo
896 3076 1000 3135 illa
1059 3077 1284 3135 emissio
1343 3076 1625 3150 duplicem
1686 3075 1851 3135 nobis
1900 3076 2310 3149 persecutionis
2361 3079 2547 3149 temp·

225 3201 282 3241 25
299 3180 574 3240 tationem
632 3180 907 3240 ostendit:
953 3180 1140 3253 prima
1188 3180 1249 3237 in
1298 3198 1411 3254 qua
1463 3180 1562 3253 qui
1616 3179 1765 3252 lapsi
1816 3182 1950 3237 sunt
2008 3179 2149 3237 uicti
2208 3180 2548 3251 ceciderunt,

300 3285 550 3343 secunda
575 3284 636 3342 in
665 3301 778 3357 qua
809 3284 872 3341 hi
900 3283 1012 3356 ipsi
1043 3284 1142 3357 qui
1192 3283 1516 3342 ceciderunt
1567 3283 1814 3343 uictores
1843 3282 2175 3342 extiterunt.
2222 3282 2368 3342 nulli
2398 3283 2547 3343 enim

301 3390 556 3447 nostrum
586 3386 818 3445 dubium
851 3386 946 3444 uel
974 3387 1252 3445 incertum
1280 3388 1389 3457 est,
1421 3386 1633 3445 fratres
1663 3385 2042 3463 dilectissimi,
2075 3384 2209 3443 illos
2238 3386 2338 3458 qui
2366 3386 2553 3457 prima

299 3490 420 3550 acie
449 3491 506 3549 id
539 3493 629 3549 est
678 3489 925 3549 Deciana
974 3490 1362 3563 persecutione
1415 3488 1701 3547 uulnerati
1753 3487 1983 3548 fuerunt
2011 3488 2118 3547 hos
2147 3491 2347 3561 postea
2376 3487 2435 3546 id
2466 3491 2555 3547 est

301 3595 546 3653 secundo
602 3593 814 3666 proelio
873 3595 958 3653 ita
1005 3592 1231 3651 fortiter
1280 3608 1673 3665 perseuerasse
1692 3638 1705 3663 ,
1766 3594 1859 3649 ut.
1893 3594 2317 3649 contemnentes
2367 3589 2555 3649 edicta

439 3829 473 3882 6
509 3828 670 3897 Soph.
707 3827 756 3891 3,
797 3828 842 3879 1.
879 3828 928 3879 2.
1141 3827 1206 3880 12
1241 3826 1308 3879 cf.
1345 3825 1431 3880 Pe.
1468 3826 1552 3889 90,
1591 3826 1672 3879 13.
1884 3824 1949 3877 14
1982 3823 2106 3877 Luc.
2146 3824 2226 3887 10,
2264 3825 2311 3876 9.

439 4045 468 4097 1
505 4042 665 4097 illum
702 4043 778 4107 K,
813 4058 934 4095 eum
969 4058 1002 4095 v
1261 4042 1300 4097 4
1333 4042 1523 4094 timere
1557 4040 1622 4093 K
1631 4040 1641 4068 ¹
1892 4040 1926 4091 5
1962 4040 2037 4091 sic
2072 4054 2173 4091 om.
2210 4054 2243 4093 υ
2372 4100 2377 4105 ,
2498 4039 2554 4091 01

296 4146 399 4185 om.
436 4146 470 4184 υ
651 4129 733 4199 111]
770 4132 825 4183 01
859 4128 924 4181 K
1103 4129 1133 4181 7
1169 4127 1226 4181 id
1263 4128 1364 4197 est]
1402 4143 1505 4181 non
1541 4128 1608 4180 ob
1645 4127 1711 4180 K
1890 4125 2106 4196 ciuitas]
2146 4125 2391 4194 aequitas
2427 4125 2491 4178 K

295 4232 406 4271 11011
440 4232 540 4270 om.
578 4215 643 4269 K
860 4215 928 4268 10
960 4214 1216 4283 inuenire]
1255 4214 1461 4267 intuere
1497 4214 1563 4266 K
1569 4232 1588 4280 ,·
1628 4213 1696 4278 cf.
1725 4229 1767 4266 e.
1796 4214 1864 4265 15
2084 4213 2148 4265 11
2186 4210 2391 4264 lubrica
2428 4210 2490 4263 K

295 4306 448 4374 lapso
484 4302 552 4357 K
717 4302 782 4357 15
817 4302 1074 4355 uirtutem
1110 4302 1184 4365 K,
1221 4304 1542 4370 potestatem
1580 4317 1614 4353 v
1788 4301 1853 4353 16
1888 4314 1986 4353 uos
2022 4299 2086 4352 K
2104 4300 2223 4363 Er„
2264 4298 2415 4353 uobis
2448 4312 2481 4349 v

295 4390 470 4461 igitur
503 4390 579 4454 K,
615 4406 739 4459 ergo
774 4407 808 4444 v
1038 4388 1100 4442 17
1137 4403 1262 4441 nece
1296 4388 1360 4442 K
1584 4387 1652 4441 19
1688 4387 1851 4440 suo-is
1887 4386 1951 4439 K
2186 4384 2256 4438 23
2292 4384 2441 4437 oleae
2476 4382 2551 4446 K,

295 4475 474 4530 oliuae
507 4492 540 4530 v
742 4476 812 4530 24
847 4475 1036 4529 emisio
1072 4475 1137 4529 K
1350 4475 1419 4528 26
1455 4474 1649 4543 hissipsi
1686 4474 1759 4538 K,
1797 4472 1859 4527 hi
1892 4490 1926 4527 v
