3217 5150
749 523 854 572 ΧΠ

743 660 809 725 in
839 660 953 725 hoc
981 658 1219 725 Latinii
1259 660 1565 744 apparatu
1604 660 1850 742 praeter
1879 658 2295 725 Veronensem
2324 657 2662 723 laudantur
2688 659 2821 725 cod.
2857 659 2991 724 Vat.

741 772 938 853 Neap.
970 770 1387 855 discrepantes
1417 770 1778 854 scripturae,
1813 769 1917 836 hic
1944 769 2081 835 illic
2102 769 2345 836 numeri
2372 770 2427 835 1.
2455 770 2520 835 2.
2546 771 2607 835 3.
2632 772 2695 835 4.
2720 770 2995 837 adiciun-

745 884 870 961 tur,
901 883 1078 949 uelut
1105 875 1125 901 ‘
1146 882 1278 947 Ver.
1313 882 1522 963 Neap.
1553 870 1659 960 1.',
1696 874 1716 901 ‘
1739 881 1875 948 Vat.
1922 886 1983 947 3.
2029 872 2209 960 Ver.',
2249 876 2537 964 ‘Neapol
2582 872 2671 961 4³,
2710 877 2731 903 ‘
2749 882 2888 948 Ver.
2920 874 2995 949 2?

743 987 765 1014 ‘
783 992 921 1059 Vat.
969 984 1033 1057 4³
1091 996 1205 1059 etc.
1267 994 1492 1076 quibus
1549 994 1825 1060 numeris
1870 993 2021 1077 quid
2064 993 2399 1079 significari
2446 993 2715 1060 uoluerit
2744 994 2996 1060 dubium

743 1123 875 1171 esse
917 1123 1036 1171 non
1076 1106 1303 1188 potest,
1349 1103 1588 1171 scilicet
1619 1105 1726 1172 ubi
1759 1099 1779 1125 ‘
1798 1104 1938 1169 Vat.
1974 1093 2037 1169 3‘
2067 1106 2170 1171 uel
2198 1100 2219 1126 ‘
2238 1104 2375 1171 Vat.
2409 1093 2474 1168 4²
2504 1106 2699 1188 ponit,
2745 1108 2875 1172 tres
2902 1107 2995 1171 uel

743 1218 1036 1299 quattuor
1087 1216 1416 1282 Vaticsnos
1469 1216 1632 1283 inter
1683 1218 1923 1300 septem
1974 1236 2127 1299 quos
2176 1216 2448 1282 habebat
2486 1216 2645 1283 hanc
2672 1218 2993 1283 lectionem

709 1329 1046 1408 exhibere,
1099 1328 1211 1395 ubi
1239 1322 1259 1349 ‘
1279 1328 1413 1395 Ver.
1462 1316 1528 1393 2’
1571 1329 1676 1393 uel
1718 1320 1948 1409 ‘Neap.
1981 1316 2047 1394 2²
2094 1331 2315 1407 exstat,
2360 1329 2427 1393 in
2472 1329 2715 1396 duobus
2758 1330 2991 1414 praeter

744 1440 1158 1507 Veronensem
1186 1440 1289 1505 uel
1318 1438 1799 1522 Neapolitanum
1828 1440 1917 1505 sic
1945 1441 2094 1525 legi,
2140 1440 2251 1506 ubi
2277 1431 2297 1459 ‘
2320 1438 2455 1505 Ver.
2487 1430 2564 1519 o',
2594 1442 2658 1506 et
2696 1440 2989 1507 Veronen-

743 1569 876 1617 sem
907 1551 970 1615 et
997 1549 1267 1633 reliquos
1297 1568 1508 1617 omnes
1537 1552 1729 1617 testes
1760 1550 1988 1616 adesse.
2020 1551 2307 1634 inprimis
2335 1550 2535 1635 igitur
2565 1552 2844 1621 numeris
2874 1552 2993 1616 illis

751 1663 1082 1729 Vaticenos
1106 1662 1492 1746 designabat,
1522 1680 1645 1729 non
1665 1660 2080 1728 Veronensem
2102 1664 2166 1728 et
2190 1662 2695 1746 Neapolitanum,
2720 1664 2993 1729 nomina-

743 1776 863 1839 tim
905 1775 1132 1857 ubique
1173 1793 1274 1841 eos
1315 1776 1616 1853 adferens,
1657 1774 1885 1858 quippe
1926 1775 2033 1859 qui
2076 1773 2423 1858 plurimum
2463 1775 2629 1856 apud
2659 1794 2803 1840 eum
2834 1774 2994 1840 uale-

743 1884 914 1952 bant.
961 1885 1256 1952 similiter
1299 1885 1400 1952 his
1443 1887 1719 1952 numeris
1764 1887 1830 1952 in
1872 1886 2069 1951 alters
2114 1886 2227 1951 illa
2268 1886 2667 1952 adnotatione
2711 1904 2751 1950 s
2794 1886 2995 1952 Macro

744 1994 1008 2081 uulgata
1036 2016 1185 2063 usus
1215 2000 1349 2063 erat
1377 1996 1541 2079 quod
1571 1996 1895 2063 confirmat
1918 1996 2165 2063 Meci-us
2190 1997 2325 2081 ipse
2348 1996 2522 2063 Bibl.
2544 2016 2736 2063 sacra
2756 2018 2819 2081 p.
2850 1998 2993 2063 174:

743 2108 854 2173 abi
894 2108 1151 2191 siquam
1189 2108 1655 2175 arithmeticum
1684 2112 1740 2173 1.
1782 2110 2135 2187 maenam,
2174 2108 2443 2187 indicat,
2482 2108 2649 2190 quod
2686 2128 2765 2173 ex
2808 2109 2997 2173 tribus

744 2219 1054 2285 codicibus
1096 2220 1378 2298 uetustiS,
1427 2220 1655 2303 quibus
1696 2220 2053 2287 Marcellus
2094 2220 2289 2302 Papa
2319 2221 2418 2286 II.
2462 2218 2997 2296 collationum,

744 2350 916 2396 unus
943 2330 1172 2397 scilicet
1192 2334 1434 2397 uariet:
1463 2332 1572 2398 ubi
1591 2352 1741 2397 uero
1761 2333 2019 2415 signum
2041 2336 2104 2398 2.
2132 2336 2410 2411 notatu-r,
2436 2331 2708 2396 duorum
2728 2331 2997 2397 codi'eum

744 2442 1171 2507 uariationem
1221 2444 1561 2527 siqnificat,
1619 2443 1783 2525 quod
1833 2442 1974 2528 Eyo
2028 2442 2297 2510 Carolus
2344 2443 2616 2509 Moerus
2664 2444 2741 2507 in
2786 2443 2997 2526 prima

745 2552 1002 2622 Latini-0·
1058 2556 1429 2621 correctione
1489 2556 1560 2620 in
1619 2553 2013 2621 Bibliotheca
2065 2554 2433 2621 Bramatia
2490 2558 2737 2621 extante
2807 2576 2996 2620 manu

745 2667 1019 2734 eiusdem
1067 2667 1442 2734 Gorrectoris
1493 2671 1780 2733 notatmn
1830 2667 1971 2750 leyi.
2031 2687 2191 2750 quae
2242 2686 2385 2734 cum
2436 2686 2559 2733 non
2610 2668 2995 2753 intellegeret

744 2779 1116 2865 Krabinger‚
1170 2780 1236 2845 in
1285 2778 1475 2864 praef.
1531 2779 1703 2844 XIV.
1765 2779 1945 2864 (edit.
1997 2798 2051 2844 a.
2102 2779 2295 2860 1853>
2352 2779 2515 2845 mira
2566 2780 2643 2844 de
2692 2779 2995 2846 codicibus

745 2891 1202 2958 Veronensibus
1261 2891 1325 2956 et
1378 2889 1827 2975 Neapolitanis,
1898 2891 2008 2975 qui
2065 2891 2313 2973 quidem
2383 2891 2545 2957 nulli
2610 2891 2994 2966 exstiterunt,

744 3003 1092 3068 hariolatus
1135 3003 1246 3067 est.
1289 3019 1452 3067 unus
1491 3002 1661 3067 enim
1699 3005 1797 3068 est
1825 3002 2193 3070 Veronensis
2234 3001 2342 3067 ille
2382 3002 2853 3069 uetustissimus
2896 3020 2995 3066 nec

745 3113 940 3179 ullius
991 3113 1236 3196 praeter
1285 3113 1472 3181 illum
1523 3114 1903 3182 mentionem
1948 3114 2103 3180 facit
2147 3114 2435 3180 Latinius
2480 3115 2583 3180 uel
2631 3114 2793 3180 alius
2838 3115 2997 3198 quis-

747 3243 953 3308 quam.
1013 3225 1461 3309 Neapolitanus
1531 3243 1679 3292 uero
1750 3227 1857 3309 qui
1926 3226 1994 3290 in
2056 3226 2219 3292 libro
2280 3225 2679 3310 Gottingensi
2748 3229 2999 3292 uocatur

747 3355 786 3401 a
817 3334 1096 3421 Rigaltio
1127 3337 1191 3400 et
1221 3334 1667 3402 Oxoniensibus
1696 3337 2173 3403 Beneuentanus
2202 3336 2401 3417 audit,
2446 3337 2511 3400 id
2540 3336 2706 3420 quod
2734 3337 2998 3403 Krabin-

745 3466 968 3533 gerum
1018 3448 1468 3532 seripturarum
1517 3449 1799 3515 omnium
1852 3467 2009 3531 quae
2049 3447 2447 3532 Neapolitani
2488 3449 2551 3514 et
2590 3445 3002 3514 Beneuentani

747 3558 1032 3626 feruntur
1072 3578 1400 3626 consensus
1445 3560 1696 3627 edocere
1734 3562 1997 3644 poterat.
2041 3561 2173 3642 ipse
2212 3559 2416 3639 initio,
2462 3579 2604 3626 eum
2632 3557 3001 3643 Krabingeri

747 3672 995 3738 tantum
1036 3673 1200 3738 notis
1231 3691 1303 3737 ex
1332 3671 1494 3737 libro
1525 3670 1925 3757 Gottingensi
1968 3670 2316 3756 descriptis,
2360 3689 2513 3755 quas
2542 3671 2786 3736 Halmii
2826 3671 3003 3736 bene-

745 3784 1059 3850 uolentiae
1081 3785 1380 3877 ⁴acceptas
1423 3782 1643 3862 refero,
1688 3783 1784 3847 uti
1815 3773 2078 3861 liceret‚’
2097 3802 2171 3848 ea
2200 3783 2489 3866 opinione
2516 3783 2714 3849 falsus
2742 3783 2847 3848 hic
2876 3781 3001 3847 illic

746 3893 1118 3961 Veronensis
1163 3895 1502 3978 scripturas
1550 3893 1831 3960 consulto
1877 3893 2081 3973 omisi,
2128 3895 2277 3977 quia
2322 3895 2487 3960 inter
2536 3894 2693 3959 duos
2736 3895 2842 3959 uel
2884 3893 3001 3957 tres

739 4141 1018 4210 primatus
1042 4143 1213 4196 Petro
1248 4141 1422 4197 datur
1445 4147 1510 4197 ut
1531 4157 1652 4196 wrm
1680 4141 1887 4196 Christi
1922 4139 2143 4195 eeclesia
2166 4145 2221 4194 ct
2242 4139 2508 4194 cathedra
2529 4154 2651 4192 una
2670 4143 3002 4193 monstratur

747 4230 884 4300 (sic).
929 4236 982 4285 et
1008 4235 1260 4299 pastores
1302 4234 1434 4284 sumt
1474 4245 1659 4284 omnes
1698 4227 1793 4284 sed
1834 4244 1975 4299 yrex
2006 4233 2157 4282 imm
2192 4227 2501 4282 ostenditur
2534 4227 2632 4295 qm·
2663 4225 2731 4280 ab
2754 4223 3003 4294 apostolis

745 4317 994 4371 omnibus
1033 4317 1292 4372 unanimi
1329 4317 1679 4371 consensione
1711 4321 2000 4383 pascatur.
2046 4315 2189 4369 hanc
2232 4313 2394 4367 Petri
2432 4313 2721 4380 mitatem,
2769 4327 2822 4381 p.
2858 4313 3003 4373 213‚9

745 4406 871 4470 post
905 4401 1106 4456 eredit.-
1145 4403 1244 4470 φοι·
1277 4401 1594 4457 cathedram
1620 4401 1781 4455 Petri
1815 4416 1981 4468 super
2012 4415 2170 4469 quem
2191 4398 2435 4465 fundata
2456 4397 2681 4452 ecclesia
2706 4403 2783 4451 ωε
2808 4394 3003 4452 deser-13

744 4488 808 4541 in
841 4489 1064 4543 ecclesia
1096 4503 1154 4542 ee
1189 4503 1302 4543 esse
1337 4486 1583 4555 confidit,
1628 4488 1711 4539 est
1746 4485 2037 4540 Vossianus
2070 4485 2169 4538 lat.
2208 4487 2238 4537 7
2274 4499 2406 4538 saec.
2444 4497 2491 4536 1.
2530 4482 2628 4551 (h),
2663 4481 2835 4551 quode
2868 4479 3000 4535 infra

749 4576 956 4641 agetur.
