3217 5150
653 536 777 603 144
1591 533 1955 603 Appendix.

651 694 1076 768 praecipiebant
1127 698 1187 752 et
1237 693 1598 767 intinguntur
1636 694 1735 766 qui
1788 693 2155 766 baptizabant
2194 698 2252 751 et
2288 692 2773 751 circumciduntur
2804 696 2907 767 qui

649 796 1162 855 circumcidebant:
1207 795 1292 855 sic
1338 794 1617 854 Dominus
1668 796 1867 855 florere
1910 796 2091 854 uoluit
2124 798 2339 868 gentes,
2385 796 2597 853 uidetis
2628 796 2915 869 quemad-

648 900 876 957 modum
907 916 1006 956 uos
1039 898 1300 956 Christus
1331 896 1548 956 dilexit.

1345 1674 1448 1769 X.
1535 1672 2047 1773 ORATIO
2128 1673 2187 1767 1.

607 2122 636 2175 1
741 2096 986 2191 Hagios,
1041 2120 1261 2191 hagioS,
1313 2118 1532 2191 hagios,
1585 2120 1782 2177 sancte
1827 2122 2167 2188 sanctorum,
2212 2121 2381 2192 pater
2418 2122 2646 2192 patrum
2674 2124 2903 2181 nostro·
2923 2140 2957 2179 τ,

657 2238 800 2293 rum,
852 2222 1004 2279 Deus
1045 2221 1354 2293 Abraham,
1407 2220 1560 2279 Deus
1599 2221 1781 2293 Isaac,
1836 2220 1987 2281 Deus
2028 2222 2216 2293 Iacob,
2270 2221 2425 2281 Deus
2478 2222 2901 2296 prophetarum,

659 2324 810 2383 Deus
851 2325 1252 2397 apostolorum,
1305 2322 1460 2383 Deus
1506 2324 1815 2397 uirginum,
1866 2324 2021 2383 Deus
2051 2324 2195 2383 bene
2224 2324 2561 2398 uiuentium,
2593 2324 2749 2385 Deus
2778 2342 2903 2386 cre-

656 2428 928 2500 dentium,
979 2427 1130 2487 Deus
1176 2430 1236 2488 et
1283 2428 1444 2501 pater
1471 2426 1701 2487 Domini
1731 2428 1911 2487 nostri
1940 2427 2071 2487 Iesu
2103 2426 2321 2487 Christi
2350 2428 2458 2487 filii
2484 2428 2602 2487 tui:
2648 2431 2709 2487 te
2738 2429 2902 2489 inuo-

649 2548 840 2592 camus
893 2529 1180 2605 supplices
1227 2529 1441 2605 pariter
1483 2530 1540 2590 et
1593 2530 1958 2604 deprecamur
2010 2528 2111 2606 [fili
2153 2530 2487 2608 unigenitel,
2540 2532 2639 2607 qui
2680 2550 2749 2594 ex
2806 2550 2897 2592 ore

647 2634 916 2695 altissimi
944 2636 1272 2708 procreatus
1301 2650 1362 2693 es
1391 2636 1524 2692 ante
1553 2633 1749 2692 mundi
1778 2633 2207 2707 dispositionem
2234 2635 2293 2694 et
2318 2652 2389 2694 ex
2418 2635 2633 2694 Mariae
2664 2640 2893 2695 sanctae
2916 2657 2973 2692 lo

647 2738 890 2812 uirginis
920 2740 1079 2797 utero
1109 2753 1210 2810 per
1238 2735 1572 2810 mysterium
1600 2737 1819 2796 editus:
1874 2737 2171 2796 orantibus
2200 2737 2365 2798 nobis
2394 2737 2739 2798 desiderium
2768 2739 2893 2799 ani-

647 2857 789 2910 mae,
833 2840 1004 2898 etiam
1035 2839 1428 2912 integritatem
1455 2838 1645 2898 cordis
1684 2841 1975 2912 praestare
2004 2840 2263 2914 dignare,
2307 2843 2373 2900 ut
2400 2839 2629 2900 lauacro
2656 2840 2897 2900 salutari

648 2943 936 3016 expiatum
979 2943 1179 3015 pectus
1222 2939 1446 3000 delictis
1489 2940 1815 3000 carnalibus
1846 2940 2121 3002 incolume
2151 2943 2443 3017 persistat.
2505 2944 2752 3018 petimus
2784 2943 2891 3002 fide

649 3046 910 3119 inlibata,
964 3048 1153 3106 mente
1204 3046 1549 3120 incorrupta,
1601 3044 1903 3106 deuotione
1933 3049 2185 3119 robusta,
2229 3049 2554 3121 operatione
2584 3065 2685 3107 seu
2715 3048 2891 3107 dilec-

645 3151 799 3208 tione
831 3148 1115 3220 continua,
1167 3147 1229 3206 in
1257 3151 1358 3206 tua
1412 3147 1651 3208 ecclesia
1700 3151 1899 3208 sancta
1950 3165 2171 3224 semper
2198 3167 2302 3210 nos
2331 3152 2529 3210 florere
2560 3151 2889 3224 permittas:
2916 3175 2973 3212 ιε

786 3437 814 3488 1
851 3433 1190 3503 praeciebant
1231 3434 1282 3487 T
1505 3434 1540 3486 2
1575 3433 2033 3488 circumsedebant
2073 3436 2118 3504 ρ
2346 3434 2548 3489 uidetis
2582 3449 2685 3488 om.
2726 3433 2793 3486 B.
2834 3462 2894 3472 -

644 3521 844 3576 Caecili
899 3520 1152 3590 Cypriani
1204 3519 1454 3573 aduersus
1507 3519 1698 3574 Iudeos
1745 3521 1837 3588 qui
1884 3521 2113 3574 insecuti
2161 3521 2289 3574 sunt
2333 3519 2607 3574 dominum
2656 3521 2893 3573 nostrum

648 3607 822 3660 Iesum
860 3607 1134 3662 Christum
1171 3605 1390 3674 explicit
1428 3605 1541 3676 ΩΤ,
1557 3604 1846 3662 ,Aduersus
1882 3604 2071 3659 Iudeos
2108 3606 2326 3675 explicit
2363 3606 2431 3658 Β.
2470 3637 2535 3646 -—

779 3692 967 3747 Oratio
1013 3690 1056 3745 Ι.
1114 3720 1178 3732 -
1231 3690 1434 3760 Incipit
1479 3691 1651 3744 oratio
1698 3689 1952 3760 Cypriani
2006 3693 2074 3757 T,
2129 3691 2313 3746 Oratio
2361 3692 2615 3762 Cypriani
2662 3691 2766 3745 EI.
2828 3719 2897 3729 -

643 3779 678 3832 5
713 3779 866 3848 agios
902 3778 1025 3842 ET,
1061 3777 1268 3847 hagyos
1307 3778 1348 3831 Ι
1638 3782 1793 3848 pater
1826 3794 1925 3832 om.
1966 3778 2017 3831 T
2322 3779 2356 3834 6
2392 3779 2648 3834 abraham
2684 3784 2740 3832 et
2782 3781 2831 3835 T

646 3866 676 3918 7
714 3865 1070 3935 apostolorum
1105 3863 1234 3917 deus
1269 3864 1648 3934 prophetarum
1684 3863 1811 3920 EIv
2007 3863 2133 3918 deus
2170 3865 2221 3919 b.
2258 3865 2563 3920 uiuentium
2598 3881 2698 3918 om.
2736 3865 2834 3919 EI

644 3951 678 4005 9
711 3951 794 4004 fili
829 3950 1105 4018 unigenite
1139 3965 1238 4004 om.
1277 3950 1422 4004 ΕΙΤ
1714 3951 1783 4004 10
1815 3965 1875 4004 ex
1909 3966 2009 4004 om.
2051 3951 2103 4006 T
2373 3950 2436 4003 11
2474 3953 2683 4003 uterum
2720 3949 2835 4005 ET

644 4035 961 4090 desiderium
1015 4036 1225 4090 animae
1279 4035 1378 4090 EI
1378 4036 1446 4101 T,
1502 4037 1673 4091 sancti
1742 4035 1989 4091 desiderii
2056 4037 2303 4106 spiritale
2354 4037 2740 4090 incrementum
2796 4054 2828 4091 v

647 4123 714 4176 12
745 4122 909 4176 etiam
949 4121 1009 4188 T,
1045 4124 1101 4176 et
1137 4121 1260 4177 EIv
1463 4126 1735 4191 praestare
1770 4121 1991 4191 dignare
2026 4137 2124 4176 om.
2154 4121 2204 4176 T
2409 4121 2474 4178 13
2507 4121 2778 4190 expiatum
2822 4121 2877 4174 T

643 4211 936 4262 recreatum
972 4206 1100 4262 EIv
1320 4224 1353 4262 a
1388 4207 1600 4263 delictis
1634 4223 1669 4261 v
1891 4209 2187 4262 incolumen
2232 4209 2283 4264 Τ
2480 4207 2733 4277 persistet
2767 4207 2831 4260 E

649 4295 714 4349 14
751 4294 1056 4363 operatione
1093 4311 1146 4349 se
1179 4293 1502 4350 udilectione
1546 4295 1597 4348 T
1625 4295 1709 4363 (in
1742 4296 2014 4365 maryine:
2049 4295 2137 4349 uel
2174 4293 2407 4363 assidua)
2616 4295 2682 4348 15
2717 4293 2793 4362 in]
2830 4295 2902 4345 ut

641 4382 701 4434 in
736 4379 890 4436 E²10
1115 4383 1212 4435 tua
1247 4382 1431 4435 sancta
1467 4380 1690 4434 ecclesia
1726 4381 1772 4444 Ι,
1813 4381 2031 4434 ecclesia
2068 4383 2254 4436 sancta
2288 4383 2385 4433 tua
2420 4395 2451 4433 v
2692 4393 2901 4447 semper

643 4482 744 4520 om.
783 4483 814 4520 υ
1018 4483 1115 4520 nos
1151 4483 1249 4521 om.
1294 4467 1344 4520 T
