3217 5150
773 549 923 596 XXX

770 685 1141 769 propagatas
1192 684 1429 770 singuli
1474 685 1712 751 codices
1759 703 1985 770 paucas
2031 684 2282 751 aliunde
2327 687 2706 767 receperunt,
2759 705 3052 768 quarum

772 795 1119 862 emendatio
1178 797 1401 879 quibus
1459 797 1706 882 legibus
1764 799 2018 883 regatur
2075 815 2186 863 suo
2235 797 2372 862 loco
2429 797 2709 863 breuiter
2765 797 3051 862 dicetur.

770 908 1117 974 accuratius
1146 908 1223 974 de
1252 909 1517 993 singulis
1560 910 1756 974 trium
1795 909 2180 975 familiarum
2219 909 2534 974 codicibus
2564 907 2896 994 agendum
2923 912 3048 983 est,

770 1038 1033 1102 quorum
1072 1021 1529 1103 comparatione
1556 1019 1638 1086 ad
1667 1021 2118 1107 cognoscendas
2157 1019 2618 1104 deperditorum
2657 1019 3050 1105 archetypo-

768 1150 911 1196 rum
940 1133 1279 1214 scripturas
1308 1133 1686 1216 peruenitur.

726 1289 745 1299 -
850 1243 1131 1309 Primam
1169 1243 1367 1330 igitur
1407 1243 1716 1310 familiam
1755 1244 2150 1310 constituunt
2189 1242 2426 1308 codices
2453 1241 2638 1306 LNP.
2670 1241 2728 1306 L
2767 1242 3042 1328 signaui

702 1358 723 1368 ‘
766 1355 1039 1420 codicem
1066 1354 1654 1423 Laureshamensem
1695 1374 1856 1422 nunc
1887 1355 2420 1422 vindobonensem
2447 1354 2574 1420 962
2603 1371 2764 1419 saec.
2799 1353 2906 1418 IX
2935 1354 3051 1437 (cf.

764 1466 1057 1533 Lauresh.
1086 1467 1497 1535 bibliothecae
1526 1469 1884 1553 catalogum
1913 1468 1980 1532 in
2011 1465 2304 1550 Spiciley.
2339 1464 2520 1530 Rom.
2553 1466 2685 1532 tom
2717 1463 2778 1529 V
2809 1485 2879 1548 p.
2919 1466 3050 1532 188

764 1579 843 1643 ab
866 1579 1107 1664 Angelo
1129 1578 1296 1644 Maio
1328 1579 1748 1662 publicatum:
1778 1578 1976 1657 XLII,
2007 1578 2050 1644 2
2078 1579 2226 1642 item
2251 1575 2520 1644 Caecilii
2543 1575 2882 1660 Cypriam·
2911 1583 3048 1662 epi-

762 1689 964 1756 stuzae
1002 1711 1259 1756 numero
1293 1691 1555 1758 XLIII
1572 1691 1648 1754 in
1675 1691 1808 1794 ‘2³⁴⁰
1833 1691 2080 1776 codice),
2121 1691 2186 1756 N
2213 1689 2560 1758 Casinatem
2587 1691 2722 1757 204
2759 1711 2933 1759 saec.
2967 1693 3048 1776 X7

763 1801 819 1866 P
840 1802 1251 1870 Parisiensem
1286 1804 1449 1868 1647
1482 1803 1543 1869 Α
1572 1823 1728 1870 saec.
1761 1803 1872 1883 IX,
1903 1823 2090 1886 quem
2119 1803 2232 1868 alii
2274 1803 2382 1885 qui
2421 1805 2603 1868 antea
2645 1811 3048 1888 usurparunt

765 1914 1007 1980 Thuani
1036 1916 1141 1981 uel
1158 1915 1296 1980 Nic.
1322 1915 1509 1982 Fabri
1540 1915 1642 1980 uel
1671 1915 2172 2003 uetustissimum
2193 1913 2618 1980 Gelbertinum
2647 1917 2910 1981 uocant.
2943 1935 3050 1982 eos

764 2026 1077 2092 artissimo
1119 2026 1446 2092 affinitatis
1482 2027 1732 2092 uinculo
1761 2026 1996 2092 conecti
2027 2044 2168 2091 cum
2199 2025 2573 2108 scriptorum
2603 2025 2752 2092 ordo
2779 2026 2894 2092 his
2925 2029 3050 2093 tri-

764 2138 880 2203 bus
910 2139 1253 2204 communis
1280 2139 1421 2203 tum
1450 2139 1788 2204 lectionum
1815 2137 2142 2203 concentus
2171 2136 2574 2202 demonstrat.
2605 2141 2760 2220 quot
2781 2138 3050 2204 libellos

762 2249 1187 2333 epistulasque,
1232 2250 1416 2315 huius
1473 2249 1754 2316 familiae
1801 2251 2172 2332 archetypus
2223 2249 2614 2328 continuerit,
2675 2267 2826 2314 cum
2884 2271 3046 2334 quae

764 2361 1119 2446 apographa
1162 2361 1503 2446 peculiaria
1547 2361 1819 2427 habeant
1859 2361 2073 2426 utrum
2114 2379 2186 2426 ex
2227 2360 2556 2445 archetypo
2600 2363 2862 2427 seruata
2908 2365 3042 2428 sint

764 2493 843 2539 an
886 2474 1259 2540 extrinsecus
1307 2476 1554 2558 recepta
1596 2492 1720 2539 non
1762 2472 2021 2557 liqueat,
2071 2474 2236 2538 certo
2275 2471 2520 2538 definiri
2559 2473 2796 2554 nequit.
2855 2492 3040 2540 com-

764 2587 980 2652 munia
1006 2588 1217 2653 antem
1246 2586 1489 2671 exiguis
1518 2586 1949 2667 discrepantiis
1978 2584 2269 2651 exhibent
2296 2584 2474 2650 haec:
2528 2585 2722 2651 libros
2753 2586 2896 2652 tres
2927 2588 3040 2652 Ad

770 2696 1122 2774 Quirimvm
1150 2726 1233 2757 =
1262 2698 1549 2764 libellum
1590 2696 1692 2761 ΙΠ
1705 2694 1792 2783 *),
1833 2695 2054 2762 deinde
2096 2695 2394 2779 epistulas
2433 2696 2536 2761 63.
2569 2696 2610 2761 6
2625 2694 2750 2780 **).
2793 2698 2912 2763 55.
2955 2700 3040 2764 10

764 2811 877 2893 (10
904 2810 1148 2877 omittit
1175 2811 1290 2876 hoc
1318 2810 1451 2875 loco
1472 2808 1632 2892 NP).
1665 2809 1768 2873 28.
1793 2808 1874 2874 37
1909 2812 2056 2888 (om.
2085 2807 2200 2873 hoc
2227 2806 2361 2873 loco
2383 2806 2482 2888 P).
2517 2810 2615 2872 11.
2639 2807 2725 2873 38
2759 2807 2884 2893 (38
2907 2828 3034 2875 om.

759 2923 875 2989 hoc
914 2922 1046 2987 loce
1078 2921 1181 3007 P).
1226 2922 1327 2988 39.
1360 2921 1444 2987 58
1490 2918 1603 3007 (58
1645 2930 1766 2985 om‘.
1799 2918 1961 3005 Lm.
2012 2919 2263 2999 60***).
2312 2919 2410 2985 76.
2448 2918 2730 2996 73****).
2781 2919 2894 2985 71.
2931 2922 3036 2986 70.

764 3033 1037 3101 Sentent.
1070 3034 1251 3114 episc.
1284 3032 1395 3119 (=
1426 3033 1537 3100 lib.
1573 3031 1776 3119 XIV).
1809 3032 1909 3097 74.
1942 3032 2044 3098 69.
2077 3032 2181 3097 67.
2211 3030 2318 3097 64.
2350 3032 2408 3096 2.
2444 3030 2565 3109 13.,
2597 3029 2902 3097 libellum
2933 3030 3036 3097 De

831 3227 887 3291 ἰ)
924 3220 1196 3276 Breuitati
1224 3221 1458 3276 studens
1498 3221 1588 3275 hic
1623 3222 1678 3275 et
1713 3222 1898 3289 postea
1941 3219 2154 3273 libellos
2199 3219 2402 3273 litteris
2441 3218 2710 3287 Romanis,
2757 3218 3034 3289 epistulas

763 3308 1009 3363 Arabicis
1032 3307 1273 3377 signaui3
1308 3308 1517 3361 numeri
1541 3306 1650 3376 ipsi
1676 3306 1744 3361 ad
1765 3308 1904 3361 hanc
1927 3306 2216 3361 editionem
2241 3304 2444 3359 redacti
2467 3308 2610 3359 sunt.

831 3399 921 3466 ss)
944 3395 1097 3451 Finis
1139 3394 1302 3448 huius
1345 3393 1608 3463 epistulae
1649 3394 1705 3447 et
1740 3392 1962 3447 initium
2007 3392 2278 3461 proximae
2320 3392 2468 3447 deest
2507 3391 2566 3445 in
2600 3390 2664 3458 P,
2705 3391 2804 3459 qui
2845 3393 3034 3447 media

764 3482 1009 3537 columna
1042 3486 1146 3535 612
1182 3480 1476 3549 (columnae
1512 3481 1860 3533 numerantur
1896 3478 2094 3533 codicis
2127 3478 2408 3547 bipartitis
2439 3478 2656 3547 paginis
2691 3477 2916 3547 scripti)
2941 3496 3034 3533 ex-

762 3568 915 3622 hibet
949 3568 1191 3622 oenimam
1224 3573 1274 3622 et
1297 3582 1390 3621 cor
1413 3567 1447 3632 †
1470 3565 1795 3632 sacrificatis
1818 3582 1882 3619 m
1904 3566 2062 3619 exitu
2085 3567 2172 3633 (=
2195 3580 2319 3635 pag.
2345 3568 2533 3629 482,10
2555 3565 2611 3617 et
2635 3568 2736 3617 636
2740 3565 2814 3631 ,8)
2859 3580 3032 3619 anne-

763 3655 916 3707 tante
953 3654 1155 3708 recenti
1188 3652 1471 3707 admodum
1504 3665 1692 3706 manu.
1731 3653 1765 3718 †
1789 3651 1866 3705 ad
1887 3652 2105 3721 siymom
2137 3666 2312 3722 supra
2325 3652 2569 3719 positum
2592 3648 2741 3704 deest
2763 3648 2834 3703 de
2857 3665 3030 3720 cupe-

762 3740 902 3794 riori
932 3740 1162 3812 epistola
1188 3754 1368 3809 unm
1390 3736 1587 3804 foliwm
1608 3754 1672 3792 m
1693 3736 1822 3806 sim,
1847 3736 1928 3791 Et
1950 3736 2019 3791 de
2040 3736 2388 3806 subsequenti
2409 3734 2638 3805 epistola
2659 3736 2724 3789 in
2735 3735 3034 3805 principio

759 3825 881 3891 fere
904 3832 1166 3895 quattuor
1188 3822 1343 3890 folia.

828 3916 928 3949 *⁴*
930 3919 949 3979 )
972 3910 1151 3965 Medio
1185 3909 1315 3964 folio
1339 3912 1434 3963 62¹>
1458 3910 1552 3967 lin.
1578 3913 1611 3962 8
1634 3909 1680 3962 L
1713 3908 1925 3963 omittit
1959 3910 2122 3963 uerba
2144 3908 2292 3964 diter
2313 3906 2478 3962 deum
2499 3924 2551 3977 p.
2575 3911 2860 3971 692,13-—
2889 3922 3028 3963 con—

756 3998 991 4063 fessione
1025 3996 1173 4051 nomi
1205 4013 1257 4066 p.
1282 4001 1470 4062 694,14
1505 4011 1671 4065 eaque
1706 3996 1910 4049 inserta
1944 3995 2294 4049 inueniuntur
2316 3992 2409 4047 fol.
2434 3998 2528 4047 63⁸
2551 3992 2590 4051 L
2618 3996 2682 4046 16
2705 3994 2829 4062 post
2851 3993 3030 4048 uerba

754 4084 1041 4154 faetfflmn
1066 4082 1153 4138 cla
1175 4082 1437 4151 epistulae
1462 4086 1528 4135 ‘ze
1552 4098 1605 4151 p.
1631 4086 1834 4149 828‚15.

825 4171 981 4238 ms)
1006 4167 1120 4224 Fol.
1142 4171 1235 4223 651’
1258 4166 1567 4237 praemittit
1581 4166 1628 4221 L
1651 4166 1916 4237 epistulae
1943 4171 2008 4221 73
2032 4166 2433 4235 inscriptionem
2458 4164 2669 4233 Incipit
2686 4163 2762 4219 ad
2781 4165 3029 4220 que-‘a-

754 4272 890 4311 παθη
914 4255 983 4311 de
1006 4256 1259 4312 hereticis
1282 4252 1636 4324 baptismis
1657 4254 1920 4322 epistulas
1940 4268 2168 4308 nmero
2191 4258 2302 4308 tres
2325 4250 2580 4320 (similem
2601 4252 2670 4307 T:
2707 4250 2926 4321 Incipit
2947 4252 3030 4307 ad

765 4341 1049 4397 Vrbanam
1082 4340 1151 4397 de
1184 4341 1436 4397 hereticis
1469 4338 1824 4409 baptismis
1859 4339 2087 4407 epistola
2122 4338 2282 4407 III).
2319 4336 2610 4407 epistulam
2633 4340 2700 4390 73
2724 4336 2936 4406 exeipit
2960 4341 3028 4391 71

757 4427 852 4482 Aa
883 4426 1166 4497 Qwimtm,
1204 4442 1363 4497 quam
1399 4428 1644 4497 sequitur
1667 4424 1904 4494 epistula
1928 4429 2010 4494 70,
2035 4424 2186 4480 cuius
2211 4421 2532 4493 subscriptio
2557 4424 2642 4477 est
2664 4421 2762 4478 Aa
2785 4422 3027 4479 lubain-

756 4530 890 4569 mom
913 4514 983 4569 de
1004 4514 1255 4570 hereticis
1277 4512 1631 4583 baptizandis
1655 4512 1884 4581 epistola
1905 4528 1960 4566 n.
1982 4511 2102 4566 III
2131 4510 2413 4581 inscriptio
2437 4510 2552 4566 eius
2575 4509 2634 4565 in
2651 4508 2698 4565 L
2721 4524 2833 4564 non
2853 4524 3030 4581 appa-

758 4602 855 4667 ret,
880 4599 937 4653 in
962 4598 1007 4653 P
1030 4601 1139 4655 est:
1165 4600 1373 4669 Incipit
1395 4598 1471 4655 ad
1497 4598 1840 4655 Immiamom
1863 4598 2000 4655 liber
2020 4597 2308 4655 secundus.
