3217 5150
735 528 828 583 De
863 525 1366 598 singularitate
1403 524 1804 579 clericorum
1840 540 1885 581 c.
1922 524 2075 579 7-8.
2404 524 2526 591 181

273 689 584 749 confitetur
611 703 725 747 non
755 689 890 747 ante
921 702 1113 747 omnes
1143 683 1468 759 impleuerit
1484 730 1498 757 ‚
1541 700 1615 743 ne
1660 683 2055 744 christianitas
2091 674 2359 745 credatur
2401 700 2527 744 esse

272 790 514 851 fallacia
543 794 602 849 et
629 789 948 851 moechatio
981 790 1244 849 uideatur
1290 787 1618 848 sanctitatis
1660 788 1981 848 uelamento
2010 787 2242 848 uestita.
2295 789 2529 862 propter

272 894 431 968 quod
459 893 734 953 Dominus
763 893 826 952 in
867 892 1164 968 euangelio
1207 891 1290 951 sic
1332 891 1925 965 praemonet-dicens:
1986 890 2091 951 sic
2132 890 2382 951 luceat
2424 892 2530 951 lu-

274 1012 442 1055 men
507 998 840 1057 uestrum
915 1012 1147 1056 coram
1218 993 1675 1067 hominibus,
1750 996 1827 1053 ut
1892 994 2240 1054 uidentes
2313 1010 2531 1069 opera

221 1101 535 1167 suestra
577 1099 766 1157 bona
820 1098 1308 1173 magnificent
1373 1100 1661 1171 patrem
1716 1099 2041 1157 uestrum
2095 1097 2335 1170 quiin
2377 1112 2531 1156 cae-

269 1202 374 1261 lis
416 1205 548 1262 est.
591 1202 697 1261 hoc
725 1201 985 1276 sequitur
1011 1202 1072 1262 et
1099 1200 1314 1262 Paulus
1344 1199 1637 1275 apostolus
1666 1199 1892 1261 dicens:
1938 1216 2079 1262 non
2119 1216 2295 1275 ergo
2330 1200 2529 1259 blas-

269 1306 668 1379 phemetur
731 1304 986 1364 bonum
1029 1282 1366 1364 uestrum.
1411 1305 1471 1363 et
1525 1304 1760 1363 iterum:
1818 1303 2305 1378 prouidentes
2348 1319 2530 1378 quae

271 1411 466 1468 bona
509 1410 688 1469 sunt
752 1424 892 1468 non
959 1409 1242 1467 tantum
1307 1423 1547 1467 coram
1613 1407 1797 1479 Deo,
1858 1408 1984 1466 sed
2036 1407 2255 1467 etiam
2300 1427 2533 1470 coram

273 1511 724 1572 hominibus.
771 1510 976 1571 etalio
1033 1511 1189 1571 loco:
1259 1509 1424 1570 siue
1478 1526 1651 1585 ergo
1694 1510 2159 1571 manducatis
2214 1513 2370 1574 siue
2424 1513 2529 1573 bi-

201 1616 466 1678 iobitis
511 1614 666 1675 siue
725 1614 1013 1687 aliquid
1079 1613 1373 1686 facitis,
1441 1613 1681 1673 omnia
1745 1614 1822 1672 in
1877 1613 2189 1688 gloriam
2243 1615 2372 1676 Dei
2427 1616 2532 1677 fa-

273 1706 550 1779 cite'et
593 1719 842 1778 estote
887 1716 1044 1777 sine
1089 1717 1446 1778 scandalo
1476 1717 1783 1777 Iudaeis
1836 1719 1910 1777 et
1954 1716 2267 1778 Graecis
2313 1722 2385 1779 et
2426 1735 2530 1780 ec-

273 1820 560 1881 clesiae
602 1819 764 1893 Dei,
812 1820 1014 1879 sicut
1055 1823 1124 1879 et
1167 1837 1296 1894 ego
1341 1836 1470 1895 per
1513 1820 1752 1880 omnia
1796 1822 2129 1883 omnibus
2173 1822 2447 1897 placeo.

367 1925 479 1984 Sed
508 1923 811 1999 opponitur
835 1923 1078 1983 forsitan
1097 1968 1112 1996 ,
1161 1922 1300 1997 quid
1327 1925 1418 1983 est
1448 1925 1600 1998 quod
1628 1924 1751 1998 ipse
1782 1924 1989 1985 iterum
2021 1926 2258 1986 dixerit:
2303 1927 2367 1986 si
2410 1928 2451 1986 h
2465 1943 2529 1986 o·
2552 1924 2591 1983 8

273 2026 597 2086 minibus
668 2026 988 2101 placere'
1022 2026 1322 2100 uellem,
1392 2026 1681 2087 Christi
1745 2044 2001 2088 seruus
2066 2046 2202 2090 non
2247 2033 2531 2091 essem?

198 2158 256 2196 ιε.
277 2147 594 2205 numquam
623 2146 686 2190 se
727 2138 1112 2204 quaecumque
1155 2129 1310 2189 dicta
1349 2129 1500 2204 legis
1530 2132 1839 2191 excludunt
1852 2176 1867 2203 ,
1924 2132 2027 2193 sed
2070 2133 2240 2193 certis
2270 2132 2410 2193 locis
2438 2148 2532 2193 re-

278 2250 494 2309 sponsa
535 2232 806 2293 uniuersa
847 2232 1030 2293 defixa
1074 2234 1226 2293 sunt.
1281 2232 1402 2294 illic
1443 2233 1669 2308 placere
1712 2219 2039 2295 hominibus
2071 2253 2185 2297 non
2212 2236 2351 2297 licet
2364 2283 2380 2312 ,
2433 2236 2534 2298 ubi

277 2338 552 2397 uoluntas
591 2335 883 2397 hominum
923 2354 1038 2397 non
1078 2336 1232 2410 capit
1260 2336 1485 2396 Domini
1516 2334 1902 2399 uoluntatem:
1936 2338 2037 2398 ubi
2067 2356 2203 2400 uero
2232 2344 2537 2415 acceptant

276 2440 540 2501 homines
571 2440 718 2515 quod
747 2440 822 2499 ad
849 2439 1092 2514 gloriam
1119 2438 1342 2514 proficit
1369 2440 1496 2514 Dei,
1541 2440 1894 2501 innotescere
1924 2441 2185 2502 omnibus
2225 2444 2348 2517 ipse
2376 2444 2544 2505 Pau-·

276 2545 372 2606 lus
415 2544 709 2620 apostolus
749 2544 1055 2619 praecepit.
1121 2544 1671 2622 unusquisque,
1721 2544 1939 2621 inquit,
1984 2548 2318 2608 nostrum
2372 2564 2531 2624 pro-

195 2648 466 2712 auximo
526 2664 650 2708 suo
717 2648 1016 2722 placeat
1070 2648 1156 2706 ad
1220 2648 1474 2708 bonam
1537 2647 2182 2711 aedificationem.
2248 2654 2533 2725 quatenus

277 2768 414 2826 ergo
460 2750 776 2824 praemium
804 2750 1128 2812 sanctitatis
1180 2753 1513 2826 exspectat,
1572 2751 1672 2826 qui
1715 2769 1828 2813 non
1880 2753 2065 2813 solum
2116 2753 2533 2828 blasphemiam

275 2853 610 2914 sanctitatis
651 2854 724 2914 ab
767 2854 1092 2914 infidelibus
1134 2857 1404 2929 prouocat
1418 2899 1434 2928 ,
1494 2856 1594 2916 sed
1638 2855 1811 2916 etiam
1854 2855 2119 2917 fidelibus
2148 2857 2530 2931 perniciosum

275 2957 514 3031 praebet
536 2958 863 3031 exemplar?
893 2961 962 3017 ut
987 2957 1194 3017 infirmi
1215 2959 1325 3018 snb
1352 2960 1649 3032 praetexto
1679 2958 2003 3020 dilectionis
2027 2960 2320 3020 subtiliter
2349 2960 2529 3021 forni-

271 3061 484 3120 centur
514 3063 572 3120 et
600 3061 842 3135 pudicus
871 3061 1299 3136 inpudicissime
1351 3062 1639 3122 castitatis
1690 3063 1963 3137 praebeat
2000 3063 2396 3137 magisterium
2426 3066 2527 3125 de·

197 3187 260 3228 2⁵
283 3165 513 3223 struens
543 3166 694 3239 quod
722 3164 938 3225 Paulus
981 3165 1273 3240 apostolus
1317 3165 1725 3226 comminatur:
1784 3184 1823 3241 p
1838 3183 1869 3226 e
1882 3165 2018 3225 riit
2034 3210 2049 3239 ,
2106 3167 2297 3242 inquit
2310 3213 2327 3242 ‚
2382 3168 2450 3227 fr
2464 3185 2530 3228 a·

273 3270 398 3327 ter
443 3267 792 3328 infirmus
847 3269 1089 3329 intua
1134 3269 1494 3343 scientia,
1553 3272 1859 3345 propter
1916 3288 2123 3346 quem
2182 3271 2529 3332 Christus

273 3387 544 3445 passus
589 3373 742 3432 est?
789 3371 903 3432 sic
945 3374 1184 3432 autem
1239 3376 1636 3447 peccantes
1694 3373 1766 3432 in
1822 3375 2104 3435 fratres
2162 3377 2233 3434 et
2275 3389 2528 3451 percu-

415 3569 452 3624 3
485 3569 682 3624 Matth.
719 3571 769 3636 5,
809 3571 892 3626 16.
1245 3572 1278 3626 6
1312 3572 1463 3628 Rom.
1503 3573 1586 3638 14,
1627 3574 1713 3630 16.
2069 3576 2100 3629 7
2137 3576 2288 3631 Rom.
2327 3576 2409 3644 12,
2450 3575 2531 3630 17.

269 3659 308 3712 9
366 3656 394 3710 Ι
431 3655 545 3712 Cor.
584 3657 666 3723 10,
703 3657 786 3711 32.
1199 3659 1265 3714 13
1312 3659 1431 3714 Gal.
1471 3658 1518 3723 1,
1558 3659 1643 3713 10.
2056 3661 2123 3716 19
2169 3661 2321 3719 Rom.
2361 3661 2445 3727 15,
2479 3663 2529 3716 2.

265 3741 344 3797 25
382 3742 410 3796 I
445 3741 564 3800 Cor.
600 3743 650 3808 8,
687 3744 770 3798 11.
810 3745 890 3798 12.

418 3931 454 3985 2
484 3931 732 4000 uideatur
767 3947 882 3987 esse
903 3949 936 3988 v
1144 3935 1175 3988 7
1213 3948 1350 4002 quae
1380 3933 1523 3989 bona
1559 3939 1689 3991 sunt
1719 3936 1777 4002 G,
1816 3936 1957 3992 bona
1978 3954 2013 3993 v
2221 3936 2291 3991 10
2324 3935 2532 4006 aliquid

279 4019 366 4082 0¹,
406 4019 556 4074 aliud
590 4019 722 4087 quid
766 4019 866 4076 Οὐ
1069 4021 1128 4074 in
1172 4020 1219 4076 0
1248 4035 1293 4077 a.
1329 4021 1364 4076 l.
1399 4037 1468 4076 m.
1504 4025 1542 4077 2
1589 4077 1595 4084 ,
1758 4023 1937 4092 gloria
1980 4021 2050 4079 0¹
2260 4023 2324 4077 11
2360 4024 2533 4077 estote

275 4105 332 4160 0
351 4119 394 4159 e.
419 4105 456 4160 l.
479 4121 548 4160 m.
574 4108 616 4160 2
689 4124 705 4140 ·
781 4109 836 4160 et
872 4108 1022 4172 (ante
1057 4107 1205 4176 eccl.)
1251 4107 1298 4163 0
1316 4123 1360 4164 a.
1386 4109 1421 4162 l.
1444 4125 1512 4162 m.
1537 4111 1579 4163 2
1739 4110 1805 4164 12
1842 4109 2089 4165 omnibus
2131 4108 2178 4165 G
2196 4125 2241 4164 a.
2268 4109 2303 4164 l.
2328 4125 2398 4164 m.
2424 4112 2465 4164 2

277 4191 344 4245 13
381 4192 660 4261 oppinitur
705 4192 774 4248 Ο*
976 4191 1154 4248 forsan
1181 4210 1224 4249 ,υ
1442 4195 1510 4249 19
1544 4211 1712 4265 usque
1743 4197 1983 4266 proximo
2020 4212 2115 4250 suo
2158 4196 2205 4251 G
2234 4195 2331 4251 aed
2364 4210 2532 4263 usque

271 4294 402 4348 exp.
439 4284 493 4333 et
526 4293 620 4333 suo
653 4294 694 4334 e.
730 4279 762 4333 l.
800 4295 868 4332 m.
905 4283 943 4334 2
1134 4279 1204 4334 20
1239 4281 1500 4349 quatenus
1543 4281 1629 4348 0¹,
1666 4281 1825 4350 quale
1860 4281 1963 4338 0²0
2145 4281 2215 4335 22
2250 4281 2414 4335 etim
2446 4281 2533 4334 in-

269 4365 530 4508 gleelibug¹
559 4366 606 4421 G
634 4452 655 4505 z
839 4366 910 4422 23
944 4367 1224 4437 praetextu
1261 4367 1364 4424 0²07
1597 4368 1667 4424 26
1702 4369 1931 4423 scientia
1973 4367 2032 4433 Ο,
2070 4367 2399 4423 conscientia
2432 4383 2465 4422 v

381 4454 440 4506 et
556 4467 598 4508 a.
655 4491 668 4504 .
705 4469 778 4509 m.
814 4454 856 4507 Β
