3217 5150
733 513 782 559 X

735 668 924 713 sonae
949 647 1149 713 sedem
1180 666 1364 711 suam
1391 664 1719 729 aynoscere
1738 648 2027 726 possunt.
2061 645 2263 709 isdem
2292 642 2418 708 fere
2447 642 2656 708 uerbis
2681 642 2996 707 Veronen-

737 758 824 823 sis
853 760 1122 823 aetatem
1151 757 1437 822 Latinius
1467 756 1783 840 praedicat
1813 756 1879 821 in
1902 754 2299 821 Bibliotheca
2327 774 2515 819 sacra
2543 754 2723 820 uelut
2752 774 2819 838 p.
2859 754 2995 830 176,

737 870 814 935 17
821 870 892 935 8:
956 870 1364 935 Veronensem
1403 885 1508 951 eyo
1549 886 1681 932 non
1720 872 1871 932 ante
1900 872 2243 950 nortyentos
2270 886 2479 931 annos
2506 866 2614 931 sed
2642 870 2797 931 ante
2826 864 3001 929 mille

733 982 1036 1063 scriptum
1077 1000 1202 1046 esse
1245 980 1687 1057 contenderim,
1728 979 1883 1045 item
1923 979 2156 1044 Latinii
2196 979 2575 1063 biographus
2617 997 2676 1061 p.
2720 980 2785 1044 3.
2837 978 2999 1043 hunc

733 1094 1007 1159 codicem
1057 1112 1095 1158 a
1145 1092 1455 1159 canonicis
1513 1091 1969 1157 Veronensibus
2030 1090 2328 1155 cardinali
2388 1088 2605 1156 Carolo
2656 1090 2997 1156 Boromaeo

735 1204 889 1271 dono
935 1206 1154 1271 datum
1196 1207 1260 1269 et
1289 1204 1354 1269 in
1396 1204 1530 1269 eius
1573 1204 1953 1268 bibliotheca
1998 1204 2386 1268 asseruatum
2433 1202 2625 1266 fuisse
2668 1202 2861 1267 testis
2906 1202 2997 1266 est

733 1316 1054 1381 Manutius
1075 1317 1142 1381 in
1165 1314 1621 1399 orthographia
1644 1334 1693 1380 s.
1718 1334 1779 1379 u.
1804 1293 2055 1379 culcita.
2086 1332 2245 1396 quae
2266 1313 2407 1379 fata
2434 1312 2657 1379 deinde
2686 1312 2997 1391 habuerit,

732 1427 842 1492 ubi
892 1427 1147 1511 perierit
1195 1427 1504 1492 nescimus
1557 1424 1665 1511 (cf.
1708 1426 1917 1491 Maffei
1962 1424 2181 1507 Opusc.
2236 1425 2437 1490 eccles:
2488 1425 2633 1503 106,
2688 1424 2993 1490 Mabillon

734 1539 868 1604 Iter
899 1538 1188 1604 italicum
1228 1535 1454 1624 (1687)
1495 1558 1555 1621 p.
1590 1538 1695 1619 23,
1738 1537 1963 1603 Blume
1993 1537 2128 1602 Iter
2159 1536 2447 1601 italicum
2488 1537 2521 1601 I
2556 1556 2616 1618 p.
2648 1536 2800 1615 556,
2850 1536 2991 1613 257,

738 1648 910 1735 149).
957 1650 1063 1715 sed
1104 1650 1453 1732 permultae
1496 1650 1629 1715 eius
1660 1630 2024 1714 adferuntur
2060 1640 2429 1732 scripturae,
2470 1648 2697 1730 quibus
2724 1647 2999 1729 undique

734 1760 994 1827 conlatis
1035 1762 1397 1844 plenissima
1439 1762 1514 1826 de
1544 1762 1767 1826 natura
1806 1778 1879 1826 ac
1920 1760 2155 1825 uirtute
2196 1760 2346 1825 libri
2390 1759 2662 1825 efficitur
2696 1760 2989 1843 cognitio.

735 1892 857 1955 qua
897 1873 963 1938 in
992 1893 1058 1937 re
1101 1891 1246 1937 cum
1289 1872 1582 1956 Cypriani
1628 1873 1894 1938 editores
1937 1871 2369 1956 neglegentius
2416 1870 2653 1937 uersari
2697 1871 2997 1948 uiderem,

733 1984 798 2049 in
829 1982 1031 2048 fontes
1073 1983 1236 2048 unde
1279 1985 1621 2068 scripturae
1650 1984 1798 2049 illae
1828 1983 2141 2049 fluxerunt
2170 1982 2523 2049 accuratius
2552 1983 2995 2066 inquirendum

735 2094 999 2159 decreui.
1049 2096 1237 2177 atque
1279 2095 1462 2179 longe
1505 2096 1783 2161 maxima
1824 2113 1967 2178 pars
2010 2114 2082 2159 ex
2112 2094 2351 2161 Latinii
2399 2094 2645 2161 scriniis
2691 2095 2852 2179 ipsis
2897 2096 2997 2160 de-

733 2208 1024 2289 prompta
1047 2207 1160 2287 est,
1186 2224 1258 2270 ex
1282 2208 1508 2288 quibus
1532 2207 1664 2273 eius
1686 2206 2163 2272 obseruationes
2184 2206 2586 2271 correctiones
2608 2206 2997 2271 coniecturas

734 2317 812 2381 in
853 2334 1066 2382 sacros
1107 2321 1164 2381 et
1198 2318 1510 2399 profanos
1561 2318 1894 2399 scriptores
1944 2318 2010 2382 in
2054 2317 2287 2383 librum
2342 2318 2451 2401 qui
2479 2318 2715 2383 Romae
2764 2318 2999 2400 prodiit

733 2449 788 2495 a.
853 2430 1016 2495 1577
1069 2429 1464 2495 Bibliotheca
1521 2448 1711 2494 sacra
1760 2432 1817 2493 et
1859 2430 2149 2511 profana
2206 2429 2578 2512 inscriptum
2632 2429 2997 2495 Dominicus

734 2542 982 2608 Macrus
1027 2541 1362 2627 congessit3
1427 2542 1532 2607 sed
1578 2543 1829 2607 tenuem
1872 2541 1939 2606 in
1982 2539 2081 2607 his
2126 2540 2273 2606 libri
2302 2539 2675 2608 Veronensis
2720 2541 2998 2608 inuenies

413 2677 600 2719 cointio
637 2677 721 2718 L·-
734 2654 1121 2739 memoriam,
1169 2655 1315 2736 quia
1357 2672 1479 2719 non
1525 2654 1646 2718 nisi
1694 2672 1852 2736 quae
1894 2654 2183 2719 Latinius
2228 2653 2498 2720 secunda
2543 2673 2693 2720 cura
2738 2654 2995 2720 editioni

505 2745 626 2788 tinii.

734 2765 1134 2831 Pamelianae
1195 2763 1422 2851 (1568)
1482 2767 1661 2830 notas
1734 2765 2144 2848 adscripscrat
2215 2766 2481 2832 edendas
2542 2766 2654 2831 ille
2714 2767 2987 2832 curabat.

735 2877 918 2941 autea
966 2893 1112 2940 uero
1164 2894 1306 2941 cum
1361 2876 1594 2942 iustam
1656 2877 1991 2942 editionem
2050 2876 2394 2956 adornaret,
2461 2878 2697 2943 multos
2758 2877 2995 2942 codices

734 2987 899 3051 inter
927 3003 1080 3068 quos
1110 2971 1526 3052 veronensem
1549 2986 1884 3053 Vaticauos
1913 2987 2397 3071 Neapolitanum
2428 2989 2799 3069 contulerat,
2848 3007 2996 3072 quo-

734 3116 878 3163 rum
907 3095 1182 3162 subsidio
1214 3098 1546 3180 permultis
1577 3099 1733 3164 locis
1764 3099 2085 3182 scriptoris
2114 3098 2303 3163 uerba
2331 3098 2709 3184 castigabat,
2740 3100 2993 3186 religio-

737 3209 867 3275 sius
917 3208 984 3274 in
1036 3227 1106 3274 eo
1157 3209 1405 3292 negotio
1464 3213 1751 3276 uersatus
1812 3229 2001 3293 quam
2053 3210 2161 3291 qui
2214 3209 2556 3276 editionem
2607 3212 2675 3277 in
2726 3211 2996 3278 Manutii

736 3320 984 3386 officina
1029 3320 1488 3404 inprimendam
1535 3322 1867 3398 curabant;
1916 3321 1993 3388 de
2034 3339 2299 3403 quorum
2347 3321 2607 3388 libidine
2647 3323 2748 3388 his
2790 3323 2999 3389 uerbis

737 3434 1018 3517 queritur
1061 3433 1128 3498 in
1169 3433 1347 3515 epist.
1398 3433 1476 3497 ad
1518 3433 1793 3500 Masium
1820 3435 1888 3499 H
1930 3453 1989 3516 p.
2039 3433 2193 3498 109:
2242 3430 2343 3497 De
2388 3431 2715 3516 Cypriane
2750 3440 2913 3516 puto
2950 3441 2999 3499 te

735 3545 942 3610 nescio
986 3544 1141 3625 quid
1173 3544 1588 3625 praeclarum
1629 3550 1999 3626 exspectare,
2042 3545 2149 3612 sed
2188 3549 2478 3630 frustra;
2522 3547 2881 3612 laboratum
2918 3550 2997 3612 est

733 3677 778 3722 a
819 3676 914 3721 me
953 3655 1288 3738 diliyenter
1334 3675 1410 3722 ac
1453 3676 1703 3722 summa
1742 3657 1882 3740 fide,
1934 3658 2139 3722 multa
2184 3659 2479 3724 restituta
2520 3663 2691 3736 sunt,
2742 3659 3001 3724 additus

731 3768 926 3833 etiam
965 3787 1174 3849 paene
1226 3767 1432 3832 iustus
1483 3767 1895 3849 epistolarum
1941 3769 2113 3834 liber.
2179 3769 2619 3836 Verumtamen
2662 3769 2822 3834 mihi
2861 3769 3001 3852 fieri

734 3881 894 3944 satis
934 3883 1064 3943 no‘n
1102 3881 1319 3959 potest,
1358 3878 1616 3960 quando
1655 3879 2061 3961 quorundam
2090 3880 2417 3946 hominum
2448 3879 2713 3946 libidine
2742 3900 2877 3946 non
2904 3884 3001 3944 sat

733 3991 880 4069 scie,
909 4010 1000 4053 an
1019 3989 1376 4070 prudentia
1405 3991 1801 4056 commissum
1830 3995 1937 4069 est,
1966 3995 2037 4056 ut
2066 3997 2287 4057 contra
2315 3976 2696 4072 scriptoriam
2722 3992 2999 4058 codicum

730 4101 921 4184 fidem
951 4098 1272 4164 ’nonnulla
1301 4105 1542 4166 retenta
1569 4102 1723 4180 sint,
1770 4101 1995 4183 aliqua
2025 4103 2216 4168 etiam
2246 4103 2495 4183 addita,
2528 4103 2827 4186 plurima
2854 4121 2998 4168 uero

736 4213 928 4296 (quod
957 4217 1172 4276 tamen
1201 4213 1288 4278 ad
1317 4214 1789 4294 scripturarum
1818 4215 2016 4279 citata
2034 4214 2287 4298 passim
2316 4215 2675 4281 testimonia
2692 4217 2999 4301 pertinet)

735 4326 1092 4403 immutata,
1142 4329 1214 4389 ut
1265 4345 1456 4407 quam
1505 4325 1651 4407 fieri
1700 4327 1965 4390 minime
2006 4331 2213 4408 posset
2263 4347 2307 4391 a
2356 4327 2629 4412 uulyata
2678 4347 2999 4393 sacrorum

735 4435 1102 4501 Bibliorum
1147 4437 1416 4502 editione
1460 4436 1911 4518 discreparent.
1972 4437 2149 4514 Quae
2192 4458 2291 4504 res
2331 4439 2496 4523 fecit,
2542 4445 2613 4504 ut
2654 4459 2733 4503 ne
2776 4459 2999 4505 nomen
