3217 5150
719 525 808 579 De
844 523 1352 593 singularitate
1387 523 1809 579 clericorum.
1853 539 1895 577 c.
1931 524 2084 579 3—4.
2411 528 2535 594 177

365 686 896 758 Quantumcumque
945 682 1121 742 fuerit
1169 683 1553 756 unusquisque
1601 682 1833 757 longius
1872 684 1946 743 ab
1997 684 2274 759 aduersis,
2305 686 2531 745 tantum
2552 684 2593 741 4
2656 672 2663 679 ’

276 806 390 849 non
411 788 592 848 sentit
618 788 878 847 aduersa.
909 786 1098 845 minus
1120 786 1510 859 uoluptatibus
1529 784 1877 862 stimulatur,
1901 786 1999 861 qui
2022 805 2133 848 non
2158 792 2267 861 est,
2296 788 2396 847 ubi
2418 788 2535 847 ire-

275 892 512 967 quentia
569 893 660 950 est
717 889 1092 964 uoluptatum.
1138 892 1196 948 et
1246 889 1432 949 minus
1475 889 1752 949 auaritiae
1810 889 2101 951 molestias
2158 891 2377 965 patitur
2436 892 2537 966 qui

275 993 514 1055 diuitias
539 1011 652 1053 non
675 993 854 1065 uidet,
879 992 932 1051 si
954 991 1308 1051 admittimus
1330 993 1651 1083 apostolum
1679 993 2067 1067 pollicentem:
2102 994 2221 1067 qui
2251 994 2533 1068 uolunt,

226 1099 480 1174 sinquit,
511 1097 792 1156 diuites
821 1096 1018 1169 fieri,
1064 1095 1403 1156 incidunt
1445 1096 1520 1155 in
1549 1097 2113 1170 temptationem
2156 1100 2229 1157 et
2274 1096 2530 1157 musci-

269 1203 444 1277 pula
523 1202 596 1261 et
655 1199 1036 1260 desideria
1099 1200 1332 1260 multa
1395 1202 1466 1261 et
1528 1200 1847 1260 inutilia
1912 1202 1985 1259 et
2028 1200 2279 1273 noxia,
2346 1218 2529 1274 quae

265 1306 604 1379 mergunt
648 1302 1004 1363 hominem
1045 1301 1122 1361 in
1166 1302 1659 1378 perditionem
1716 1306 1787 1363 et
1839 1303 1911 1361 in
1954 1303 2366 1365 interitum.
2413 1319 2527 1363 non

266 1408 439 1467 aliter
466 1405 940 1482 temptationibus
970 1405 1228 1465 subiacet
1255 1405 1354 1480 qui
1381 1406 1610 1465 iunctus
1633 1408 1723 1466 est
1744 1406 2005 1480 feminae,
2036 1407 2097 1465 in
2126 1423 2239 1479 qua
2266 1405 2413 1465 nihil
2436 1409 2527 1464 est

265 1510 428 1572 aliud
455 1509 572 1569 nisi
601 1510 752 1583 quod
780 1509 952 1569 feriat
981 1508 1412 1583 proximantem.
1459 1510 1690 1569 aculeus
1741 1510 1961 1583 peccati
2010 1509 2163 1570 facta
2212 1512 2301 1569 est
2340 1509 2522 1568 forma

190 1631 244 1671 10
261 1613 535 1685 feminea,
567 1615 625 1672 et
653 1612 854 1671 mortis
882 1612 1135 1671 condicio
1164 1629 1276 1671 nou
1307 1612 1536 1671 aliunde
1567 1612 1819 1671 surrexit
1848 1612 1963 1671 nisi
1993 1613 2061 1671 de
2091 1612 2353 1672 muliebri
2382 1613 2521 1671 sub—

265 1716 504 1777 stantia.
580 1716 730 1790 quod
778 1714 1044 1776 Salomon
1094 1717 1169 1774 ad
1219 1717 1472 1775 nostram
1523 1715 1965 1775 sollicitudinem
1992 1717 2265 1775 memorat
2295 1714 2521 1775 dicens:

257 1838 296 1881 a
339 1820 650 1879 muliere
693 1819 970 1879 factum
1013 1820 1125 1879 est
1168 1818 1468 1877 initium
1510 1819 1831 1893 peccati,
1888 1821 1961 1877 et
1999 1820 2299 1893 propter
2342 1819 2527 1878 hanc

259 1939 505 1983 omnes
549 1922 912 1983 morimur.
960 1921 1091 1982 inde
1121 1921 1390 1982 mortales
1419 1922 1681 1982 tenemur
1708 1938 1813 1981 nec
1840 1921 2121 1981 timemus.
2155 1920 2293 1994 quid
2322 1921 2374 1980 si
2402 1920 2517 1979 iam

263 2024 600 2085 inmortales
661 2042 912 2085 essemus
926 2028 956 2084 ’ἒ
1000 2040 1104 2099 per
1144 2023 1438 2083 mulierem
1489 2023 1759 2084 liberauit
1798 2041 1903 2084 nos
1944 2024 2205 2097 equidem
2235 2022 2523 2093 Christus,

177 2150 236 2189 ιε
276 2129 382 2189 sed
409 2129 562 2188 unde
591 2128 778 2187 adhuc
798 2126 1070 2187 morimur
1099 2126 1400 2185 formidare
1445 2127 1729 2188 debemus.
1775 2130 1913 2187 tunc
1942 2127 2204 2188 liberatio
2234 2127 2361 2202 ipsa
2389 2143 2524 2186 con-

272 2232 454 2293 stabit
481 2232 544 2291 in
571 2231 784 2292 femina
805 2276 822 2304 ,
868 2230 922 2291 si
949 2248 986 2290 a
1013 2230 1177 2292 nobis
1206 2247 1358 2289 mors
1386 2231 1715 2291 reuincatur
1744 2247 1887 2305 quae
1917 2247 2019 2305 per
2056 2232 2323 2291 feminam
2353 2247 2523 2290 uene-

259 2338 372 2395 rat.
403 2338 656 2394 ceterum
685 2335 737 2394 si
785 2335 971 2393 adhuc
1021 2350 1124 2408 per
1151 2333 1448 2393 mulierem
1501 2334 1655 2393 circa
1682 2351 1785 2394 nos
1837 2335 2109 2395 scandala
2137 2334 2522 2407 dominantur,

259 2438 622 2499 liberationis
645 2436 858 2497 Christi
887 2437 1126 2497 fecimus
1142 2454 1245 2511 pro
1269 2440 1424 2497 certo
1449 2436 1835 2513 dispendium:
1869 2438 2150 2512 siquidem
2178 2438 2241 2497 in
2260 2437 2518 2497 futurum

265 2558 402 2618 spes
427 2541 544 2602 ista
573 2541 864 2602 libertatis
893 2543 1086 2602 manet
1114 2558 1282 2615 quam
1313 2540 1446 2600 fidei
1475 2542 1707 2602 nostrae
1737 2540 2026 2601 Christum
2068 2540 2349 2601 credimus
2380 2556 2520 2601 con-

187 2661 244 2703 ²0
271 2645 496 2719 tulisse,
550 2647 616 2704 ut
643 2648 782 2704 tunc
809 2645 974 2704 nobis
1019 2645 1242 2705 omnino
1295 2643 1502 2704 mulier
1530 2661 1645 2703 non
1674 2648 1893 2718 noceat,
1945 2661 2073 2703 cum
2124 2647 2182 2704 et
2210 2644 2339 2719 ipsa
2364 2661 2519 2703 mors

265 2748 446 2809 fuerit
475 2750 766 2809 euacuata.
797 2765 932 2808 nam
971 2748 1024 2807 si
1051 2747 1216 2808 modo
1249 2749 1518 2823 putamus
1557 2766 1665 2808 nos
1692 2749 2117 2823 intemptabiles
2156 2764 2283 2807 esse
2312 2747 2517 2808 mulie-

261 2852 464 2911 bribus
495 2851 719 2924 iacuIiS,
765 2849 916 2910 nihil
945 2867 1082 2925 ergo
1112 2852 1295 2911 restat
1324 2850 1665 2912 caelestibus
1694 2852 1909 2926 regnis.
1936 2869 2051 2912 non
2078 2851 2341 2911 inmerito
2370 2851 2517 2910 tales

259 2971 466 3016 sensus
495 2954 788 3028 apostolus
817 2953 1074 3028 increpat
1117 2953 1346 3014 dicens:
1391 2955 1532 3014 iam
1581 2954 1845 3015 satiati
1888 2953 2103 3028 estis,
2146 2954 2283 3014 iam
2328 2954 2517 3014 diui-

255 3060 376 3118 tes
419 3057 606 3117 facti
653 3058 876 3117 estis:
938 3058 1096 3116 sine
1141 3056 1357 3117 nobis
1401 3057 1769 3132 regnatis,
1828 3060 1898 3117 et
1940 3057 2222 3118 utinam
2262 3074 2515 3131 regne-

177 3182 233 3222 τε.
257 3160 388 3220 tis.
433 3164 658 3234 tempus
689 3177 824 3235 ergo
855 3161 1040 3220 adhuc
1071 3161 1396 3220 luctaminis
1435 3161 1657 3235 geritur
1695 3163 1755 3221 et
1798 3178 1949 3221 mors
1978 3178 2080 3236 per
2108 3161 2378 3222 feminam
2408 3162 2511 3220 ad-

253 3265 374 3324 huc
401 3281 580 3339 usque
610 3268 922 3339 grassatur.
953 3265 1222 3340 mentior,
1275 3264 1327 3324 si
1353 3282 1466 3325 non
1509 3265 1766 3325 uidemus
1795 3266 1995 3325 exinde
2026 3265 2293 3326 interitus
2320 3265 2508 3340 pluri-

252 3384 496 3430 morum.
529 3369 730 3442 quanti
759 3372 819 3428 et
849 3368 1048 3443 quales
1079 3368 1328 3442 episcopi
1357 3371 1416 3429 et
1445 3367 1637 3428 clerici
1666 3368 1837 3428 simul
1866 3371 1926 3428 et
1964 3368 2096 3427 laici
2123 3370 2255 3443 post
2284 3367 2506 3429 confes-

257 3472 484 3531 sionum
514 3471 990 3545 uictoriarumque
1021 3471 1239 3531 calcata
1266 3469 1576 3529 certamina
1589 3514 1606 3542 ,
1649 3473 1781 3543 post
1820 3471 2111 3546 magnalia
2136 3473 2197 3532 et
2218 3471 2385 3545 signa
2412 3467 2509 3530 uel

249 3573 544 3634 mirabilia
570 3591 750 3648 usque
779 3591 1002 3649 quaque
1030 3575 1346 3634 monstrata
1367 3576 1680 3634 noscuntur
1702 3591 1831 3634 cum
1853 3575 1945 3634 his
1988 3574 2249 3635 omnibus
2274 3572 2507 3634 naufia·

170 3701 228 3742 ao
247 3694 443 3753 gasse,
466 3693 592 3736 cum
622 3678 824 3738 uolunt
854 3677 914 3735 in
938 3677 1074 3736 naui
1103 3675 1297 3751 fragili
1327 3675 1599 3751 nauigare
1614 3681 1643 3736 9
1677 3680 1917 3752 quantos
1946 3677 2135 3738 leones
2157 3676 2373 3738 domuit
2392 3693 2507 3736 una

385 3892 422 3947 4
456 3892 484 3946 I
519 3893 657 3949 Tim.
695 3894 746 3961 6,
782 3893 835 3949 9.
1040 3891 1107 3946 12
1140 3892 1241 3946 Sir.
1277 3893 1362 3958 25,
1400 3893 1484 3948 24.
1694 3893 1763 3948 23
1799 3894 1827 3948 I
1864 3893 1984 3951 Cor.
2020 3895 2073 3960 4,
2108 3895 2157 3949 8.

381 4098 416 4151 2
451 4097 824 4153 uoluntatibus
862 4097 908 4153 G
1053 4098 1088 4151 3
1120 4096 1428 4168 frequentia
1462 4101 1546 4153 est
1580 4098 1675 4154 ubi
1708 4116 1743 4154 v
1957 4100 1993 4154 5
2027 4101 2083 4154 et
2125 4100 2185 4166 0,
2220 4102 2276 4154 et
2310 4100 2369 4154 in
2402 4117 2437 4155 v

233 4185 598 4253 muscipulam
636 4184 719 4248 0²,
756 4183 1082 4254 muscipulas
1114 4199 1149 4237 v
1354 4183 1421 4238 13
1456 4183 1587 4253 quid
1622 4185 1689 4254 si]
1727 4185 1883 4254 quasi
1914 4183 2045 4250 fort.
2238 4186 2309 4240 21
2342 4185 2504 4238 muli-

233 4270 422 4326 eribus
466 4271 535 4326 0⁸
688 4271 758 4325 22
791 4271 932 4326 nihil
973 4272 1032 4338 0,
1069 4268 1198 4339 quid
1231 4287 1266 4325 v
1419 4270 1488 4324 23
1523 4271 1801 4341 apostolus
1836 4270 2029 4340 paulus
2073 4271 2121 4327 0
2264 4271 2503 4326 alterum

231 4359 352 4412 iam
389 4355 438 4412 G
465 4371 508 4412 a.
544 4357 581 4412 l.
617 4373 686 4412 m.
711 4361 750 4414 2
883 4357 954 4411 24
987 4357 1256 4425 regna-tis
1301 4355 1348 4413 G
1481 4357 1551 4411 25
1585 4357 1897 4412 luctaminis
1930 4356 2105 4411 adhuc
2137 4375 2173 4413 v
2308 4358 2377 4412 29
2412 4371 2501 4410 us-

228 4459 342 4514 que
385 4441 431 4497 0
461 4458 503 4496 ε.
540 4443 574 4496 l.
612 4459 679 4496 m.
718 4446 759 4498 2
964 4441 1035 4497 30
1069 4457 1175 4497 una
1219 4442 1278 4509 0,
1313 4457 1420 4498 una
1453 4443 1734 4498 muliebris
1769 4459 1801 4497 v
2429 4473 2435 4480 ·

445 4549 528 4596 111
557 4549 602 4595 A
2010 4536 2087 4593 12
