3217 5150
709 548 800 601 De
834 546 1344 617 singularitate
1379 546 1783 601 clericorum
1821 562 1866 601 c.
1904 546 2127 600 36—38.
2418 552 2547 615 213

279 708 473 768 enim
516 707 707 766 utile
752 708 882 780 est,
925 706 1068 765 nisi
1111 706 1184 764 in
1213 704 1765 767 subuersionem
1810 704 2288 764 audientium.
2335 704 2546 765 solli-

283 810 428 871 cite
459 827 580 871 cur
598 827 633 868 a
662 812 734 870 te
773 810 1008 883 ipsum
1047 808 1504 883 probabilem
1532 808 1881 867 exhibere
1910 807 1961 865 D
1980 824 2076 880 eo,
2124 807 2545 882 operarium

281 912 1070 987 inreprehensibilem,
1101 916 1308 973 recte
1351 913 1805 971 tractantem
1834 912 2130 971 uerbum
2158 912 2541 971 ueritatis.

281 1017 524 1076 stulta
567 1018 804 1076 autem
847 1019 918 1075 et
962 1015 1212 1075 inania
1269 1015 1565 1089 eloquia
1627 1014 1909 1075 denita:
1980 1014 2291 1074 multum
2356 1014 2541 1075 enim

234 1142 260 1181 z
282 1120 700 1196 proficiunt
744 1120 828 1179 ad
872 1120 1334 1193 impietatem
1379 1121 1455 1179 et
1499 1135 1733 1179 sermo
1780 1134 1809 1177 e
1830 1135 2024 1177 orum
2053 1116 2247 1177 sicut
2278 1135 2450 1178 canc
2468 1136 2542 1177 er

281 1225 544 1299 serpit.
569 1226 742 1299 atque
771 1226 838 1283 ut
867 1224 1192 1283 ostenderet
1223 1222 1444 1285 clericis
1477 1221 1848 1297 disponendis
1880 1222 1953 1281 ad
1984 1222 2341 1280 euacuandas
2365 1238 2538 1294 quae-

279 1328 494 1388 stiones
525 1344 670 1402 quae
699 1327 779 1385 sit
809 1326 1065 1386 doctrina
1095 1326 1456 1399 conueniens,
1503 1326 1681 1385 etiam
1712 1326 1843 1385 Tito
1888 1324 1972 1385 sic
2014 1323 2268 1383 insinuat
2311 1325 2535 1384 dicens:

279 1434 356 1491 tu
414 1431 653 1489 autem
707 1430 1002 1503 loquere
1071 1446 1254 1503 quae
1321 1429 1776 1490 conueniunt
1840 1446 2062 1489 sanae
2133 1428 2259 1487 doc
2277 1428 2537 1503 trinae,

277 1534 600 1594 maiores
643 1534 819 1594 natu
863 1534 1154 1592 sobrios
1199 1549 1386 1607 esse,
1453 1534 1815 1607 prudente
1834 1550 1895 1603 e,
1972 1550 2190 1592 sanos
2233 1532 2304 1591 in
2359 1532 2535 1605 fide,

207 1636 350 1695 ioin
395 1635 734 1708 caritate,
781 1636 856 1694 in
899 1634 1106 1710 patio
1123 1636 1282 1695 ntia
1325 1636 1527 1695 since
1545 1654 1575 1695 r
1591 1653 1643 1694 a.
1692 1650 1829 1717 ergo
1874 1636 2197 1695 auditiones
2244 1635 2535 1710 simplices

275 1738 638 1800 oboedientia
687 1742 882 1799 uestra
933 1738 1211 1814 suscipiat
1259 1742 1319 1800 et
1372 1738 1746 1813 uersipellem
1790 1739 2303 1799 contradictionum
2354 1738 2535 1799 uitato

273 1841 586 1903 fallaciam.
617 1860 824 1916 purum
851 1842 965 1901 iter
993 1843 1204 1903 uestris
1255 1843 1550 1918 gressibus
1605 1843 1874 1903 mundate
1930 1845 1988 1901 et
2040 1860 2217 1917 supra
2246 1843 2441 1916 spinas
2471 1846 2532 1901 et

274 1944 524 2005 tribulos
555 1945 733 2005 nolite
764 1946 1003 2017 calcare,
1036 1962 1106 2005 ne
1137 1946 1346 2005 bonum
1377 1962 1568 2006 semen
1599 1963 1715 2005 non
1743 1946 1930 2020 possit
1958 1946 2122 2005 uobis
2152 1948 2384 2020 propter
2414 1946 2532 2021 spi-

275 2066 484 2108 narum
527 2048 765 2108 frutices
807 2049 1134 2109 sanctitatis
1180 2050 1402 2109 fructus
1447 2050 1667 2111 afferre.
1713 2051 1861 2109 unde
1906 2050 2187 2125 propheta
2214 2049 2536 2109 Hieremias

203 2174 258 2214 ιε
279 2152 365 2211 sic
395 2153 658 2211 hortatur
685 2154 744 2209 et
773 2152 936 2212 docet
965 2151 1190 2212 dicens:
1250 2171 1290 2211 n
1306 2153 1491 2212 olite
1511 2198 1527 2226 ,
1573 2152 1793 2227 inquit,
1870 2171 2028 2214 sere
2045 2170 2117 2213 re
2162 2153 2235 2212 in
2279 2153 2533 2227 spinis.

276 2254 790 2314 circumcidite
837 2270 960 2314 uos
1005 2254 1144 2315 Deo
1189 2258 1463 2328 uestro,
1510 2256 2022 2317 circumcidite
2065 2256 2535 2331 praeputium

277 2358 530 2417 cordis
573 2374 654 2416 ue
668 2360 736 2417 st
752 2357 833 2417 ri.
897 2357 1244 2417 abscidenda
1295 2361 1430 2417 sunt
1481 2376 1616 2433 ergo
1664 2359 1732 2418 de
1763 2376 1900 2433 agro
1932 2361 2125 2418 uestro
2156 2362 2361 2419 cuncta
2390 2376 2535 2433 quae

279 2478 532 2536 pungere
555 2462 614 2521 et
635 2460 884 2521 lacerare
909 2464 1341 2535 consueuerant,
1365 2478 1436 2520 ne
1459 2462 1683 2521 animus
1706 2462 2071 2535 agricultoris
2092 2462 2155 2520 in
2176 2463 2535 2537 possessione

277 2583 385 2625 sua
410 2564 680 2640 malignis
711 2564 970 2625 sentibus
999 2564 1304 2626 inseratur.
1361 2567 1420 2626 et
1474 2564 1822 2640 amputanda
1874 2568 2009 2625 sunt
2060 2564 2225 2626 uobis
2268 2565 2535 2626 uniuersa

199 2688 260 2728 ρο
283 2684 670 2742 quaecumque
701 2667 934 2742 igniferi
962 2668 1181 2728 fomitis
1231 2668 1712 2742 sulphurantibus
1762 2669 2005 2728 flammis
2058 2671 2287 2730 scatens
2332 2669 2534 2729 fornax

275 2771 609 2832 ebullientis
641 2771 830 2832 carnis
862 2773 1178 2844 exaestuat,
1239 2786 1310 2830 ne
1367 2771 1460 2830 uel
1514 2771 1703 2831 tenuis
1756 2773 1987 2848 quidem
2016 2772 2275 2832 scintilla
2303 2774 2535 2832 seruata

277 2875 497 2934 maiora
526 2875 730 2934 conflet
758 2875 1039 2936 incendia.
1071 2877 1223 2951 quod
1251 2874 1526 2936 Salomon.
1546 2876 1879 2936 manifestat
1909 2877 2103 2936 dicens
2128 2893 2141 2931 :
2202 2877 2287 2937 ab
2338 2896 2367 2938 s
2382 2877 2446 2937 ci
2461 2895 2531 2935 n-

271 2976 450 3037 tilla
508 2994 644 3037 una
701 2981 924 3052 auget
939 2996 1020 3036 ur
1077 2978 1234 3053 igni
1251 2997 1298 3038 s.
1361 2980 1608 3040 auertite
1640 2980 1961 3040 occasiones
2006 2981 2261 3055 inpuras,
2323 2980 2529 3053 quibus

270 3080 546 3141 interiora
573 3081 823 3156 pectoris
853 3085 1242 3156 penetrantur,
1288 3086 1356 3142 ut
1385 3083 1605 3159 liquida
1648 3084 1708 3143 in
1738 3081 1901 3144 uobis
1932 3083 2314 3158 perspicuitas
2344 3083 2525 3143 hono-

195 3207 250 3248 ηε.
271 3187 452 3243 retur.
507 3184 755 3243 contenti
786 3187 969 3246 estote
1011 3185 1469 3260 singularitatem
1497 3186 1841 3247 laboriosam
1870 3204 1973 3262 pro
2002 3187 2217 3262 pudore
2248 3190 2527 3248 seruando

271 3286 466 3362 potius
497 3287 800 3360 sustinere,
833 3305 1006 3361 quam
1036 3288 1160 3349 sine
1190 3289 1385 3349 labore
1415 3291 1488 3348 ad
1519 3290 1763 3350 dedecus
1794 3290 2113 3363 peruenire.

357 3390 836 3466 Contemplamini
867 3393 1003 3466 quid
1035 3392 1114 3452 sit
1141 3391 1349 3467 populo
1375 3395 1573 3453 sancto
1603 3409 1866 3467 praeesse
1899 3397 1958 3453 et
1980 3393 2336 3455 considerate
2360 3393 2527 3468 quale
2548 3387 2627 3447 38

267 3493 350 3554 sit
381 3493 593 3552 diuinis
623 3495 1000 3556 sacramentis
1045 3496 1332 3556 insistere.
1395 3495 1621 3556 altariis
1665 3497 1892 3571 placere
1924 3497 2131 3558 debent
2176 3497 2272 3570 qui
2302 3496 2525 3557 altariis

403 3745 438 3798 8
473 3743 580 3802 Tit.
617 3745 668 3809 2,
705 3747 1028 3800 1.15
1063 3746 1208 3800 Hier.
1241 3746 1295 3813 4,
1331 3745 1381 3800 3.
1416 3747 1467 3801 4.
1676 3749 1746 3801 22
1781 3747 1881 3804 Sir.
1921 3749 2000 3812 11,
2037 3746 2121 3802 32.

403 3951 438 4004 3
472 3953 616 4006 recte
652 3968 721 4006 σω
755 3967 810 4005 re
846 3951 893 4006 0
923 3969 989 4005 m.
1028 3955 1068 4006 2
1379 3954 1445 4008 11
1483 3953 1741 4022 suscipiet
1777 3971 1810 4009 v
2123 3955 2188 4008 12
2226 3969 2382 4022 super
2418 3970 2451 4008 v

269 4037 338 4092 13
373 4037 638 4093 seminare
673 4037 764 4092 uel
797 4039 998 4093 calcare
1033 4057 1066 4094 v
1317 4041 1540 4109 propter
1576 4040 1624 4095 G
1654 4057 1696 4095 s.
1736 4041 1771 4095 l.
1810 4057 1880 4095 m.
1918 4044 1953 4094 2
2205 4041 2389 4110 spinae
2422 4057 2456 4095 v

268 4123 338 4179 14
371 4123 623 4178 fructices
661 4125 706 4182 Ο
1033 4125 1098 4179 17
1135 4124 1491 4180 abscindenda
1527 4143 1560 4181 v
1888 4127 2065 4179 uestro
2110 4125 2167 4191 0,
2203 4129 2386 4180 nostro
2420 4143 2457 4181 v

265 4211 334 4264 19
380 4209 536 4264 uobis
581 4212 830 4265 uniuersa
884 4211 931 4267 0
941 4251 954 4278 ,
1008 4213 1190 4264 omnia
1235 4211 1391 4266 nobis
1439 4230 1472 4268 v
1624 4245 1627 4250 -
1815 4212 1885 4266 20
1928 4212 2369 4282 sulphorantibus
2412 4213 2459 4269 0

260 4297 329 4350 21
368 4312 436 4350 ne
471 4311 570 4350 om.
618 4298 665 4353 0
875 4297 945 4352 23
980 4300 1160 4352 auerte
1203 4297 1272 4353 0¹
1478 4299 1548 4353 28
1582 4299 1795 4352 altariis
1832 4299 2047 4366 scripsi,
2082 4297 2345 4352 altaribus
2381 4299 2520 4354 com'.

259 4381 554 4448 Erasmus,
589 4383 775 4438 alteris
813 4383 890 4440 Gv
1062 4383 1332 4438 debebunt
1375 4384 1442 4440 0¹
1624 4385 1812 4439 alteris
1855 4385 1947 4448 Ου,
1983 4385 2048 4439 de
2084 4384 2345 4439 altaribus
2381 4385 2526 4439 coni.

259 4468 532 4522 Erasmus
