3217 5150
607 460 734 520 200
1549 448 1923 519 Appendix.

609 612 869 673 doctores
903 609 1222 685 accepimus
1251 608 1460 681 cuncti,
1493 608 1595 669 sed
1622 625 1731 684 ego
1760 610 2035 669 aduersus
2064 625 2165 671 eos
2194 610 2475 669 contendo
2502 609 2603 683 qui
2632 606 2869 683 cupien-

607 718 700 775 tes
743 716 818 775 ad
846 714 998 775 mala
1025 732 1131 775 sua
1159 712 1434 773 bonorum
1476 710 1751 771 historias
1780 712 2093 786 deprauare
2144 711 2331 787 legem
2387 711 2503 771 sibi
2550 710 2867 771 aestimant

611 818 935 891 suffragari,
963 817 1116 876 sicut
1146 832 1340 875 omnes
1372 815 1472 890 qui
1503 814 1691 889 perire
1720 814 2016 888 festinant,
2046 816 2114 873 ιιι
2137 814 2247 875 sub
2278 816 2519 875 obtentu
2540 816 2868 875 sanctorum

611 921 888 981 dedecora
917 936 1022 979 sua
1051 918 1233 978 uelint
1263 934 1392 978 esse
1421 917 1606 978 celata
1626 962 1645 991 ,
1688 919 1755 975 ut
1781 916 1891 977 sub
1922 916 2243 979 imitatione
2271 918 2551 977 maiorum
2580 915 2869 977 contraria

611 1040 868 1097 quaeque
929 1023 1316 1083 committant:
1387 1038 1534 1097 quos
1591 1020 1810 1081 Paulus
1863 1021 2158 1095 apostolus
2216 1020 2405 1096 prodit
2478 1024 2541 1079 et
2608 1018 2866 1093 publicat
2882 1039 2913 1079 ε

605 1125 832 1185 dicens:
875 1125 1061 1199 quod
1105 1128 1346 1185 autem
1386 1124 1610 1197 facio,
1658 1126 1727 1183 et
1768 1122 2107 1184 facturus
2150 1140 2329 1196 sum,
2386 1125 2464 1183 ut
2508 1124 2867 1196 amputem

601 1229 1052 1289 occasionem
1143 1244 1389 1287 eorum
1466 1226 1590 1301 qui
1668 1226 1934 1286 uolunt
2018 1226 2478 1288 occasionem
2502 1268 2519 1298 ,
2628 1227 2707 1285 ut
2791 1226 2867 1284 in

603 1347 682 1391 eo
755 1332 827 1390 in
897 1348 1032 1405 quo
1105 1331 1536 1405 gloriantur
1606 1328 1805 1389 tales
1878 1328 2359 1390 inueniantur
2414 1328 2671 1405 quales
2733 1346 2865 1389 nos

601 1452 865 1496 sumus.
945 1452 1098 1494 nam
1170 1431 1533 1493 eiusmodi
1603 1432 2219 1507 pseudoapostoli
2290 1436 2459 1493 sunt
2528 1432 2866 1508 operarii

599 1538 872 1609 dolosi,
940 1537 1586 1610 transfigurantes
1652 1552 1727 1595 se
1794 1536 1875 1595 in
1938 1534 2318 1609 apostolos
2383 1535 2681 1597 Christi.
2756 1536 2943 1599 hocro

601 1641 824 1703 addunt
883 1639 958 1701 ad
999 1640 1336 1715 perditionis
1378 1638 1669 1699 cumulum
1726 1638 2145 1713 cumulandum,
2204 1642 2271 1699 ut
2328 1640 2504 1700 bonos
2562 1640 2865 1715 infament,

599 1762 840 1817 quorum
899 1744 1154 1817 exemplo
1213 1746 1450 1803 utuntur
1507 1743 1582 1802 ad
1640 1741 1871 1815 malum,
1916 1742 2127 1817 quibus
2185 1740 2328 1803 utile
2386 1745 2540 1803 esset
2598 1745 2747 1803 satis
2802 1748 2866 1805 et

599 1847 848 1919 salubre,
900 1846 956 1906 >si
1006 1846 1405 1921 cuiuscumque
1446 1846 1721 1905 historiae
1752 1861 1815 1905 se
1849 1846 2005 1919 ipsos
2048 1846 2233 1920 magis
2282 1846 2581 1906 crederent
2608 1864 2725 1907 non
2770 1846 2863 1907 in-

597 1950 894 2011 tellexisse
921 1950 1222 2023 rationem,
1275 1968 1445 2025 quam
1499 1949 1717 2024 aliquid
1762 1950 2125 2011 inhonestum
2154 1949 2576 2011 arbitrarentur
2604 1950 2668 2010 in
2708 1952 2860 2027 lege.

595 2071 738 2127 quos
771 2056 984 2113 Paulus
1026 2054 1320 2128 apostolus
1377 2052 1676 2113 confundit
1706 2056 1765 2112 et
1815 2053 2055 2133 corripit
2096 2054 2325 2115 diceus:
2372 2072 2511 2115 non
2554 2056 2861 2116 intelle·
2880 2078 2935 2119 ιε.

601 2159 868 2231 gentes
909 2174 1138 2231 neque
1185 2158 1268 2215 de
1315 2156 1578 2231 quibus
1624 2157 1885 2216 dicunt
1958 2174 2197 2232 neque
2262 2159 2345 2218 de
2410 2159 2679 2233 quibus
2745 2163 2863 2222 ad-

593 2262 918 2321 firmant.
985 2264 1046 2321 et
1073 2262 1314 2321 iterum:
1361 2261 1424 2320 si
1469 2261 1639 2333 quis
1680 2262 1899 2335 putat
1944 2277 2016 2319 se
2064 2261 2255 2321 scire
2310 2262 2637 2337 aliquid,
2701 2278 2861 2323 nec·

598 2366 758 2425 dum
787 2366 1136 2439 cognouit
1179 2364 1775 2439 quemadmodum
1803 2380 1953 2425 enm
1996 2367 2349 2438 oporteat
2392 2366 2603 2427 scire.
2650 2371 2863 2428 uacant

593 2469 792 2541 itaque
844 2468 1194 2543 praeiudicia
1220 2467 1603 2543 petulantium
1647 2483 1789 2541 quos
1819 2467 2049 2542 ingenia
2080 2484 2216 2527 suae
2262 2468 2665 2541 peruersitatis
2696 2487 2857 2529 erra-

599 2571 793 2632 bunda
843 2572 1224 2632 transducunt
1275 2573 1335 2631 et
1384 2572 1672 2645 quaerunt
1723 2572 2088 2646 conpetentes
2140 2571 2261 2631 suis
2292 2572 2555 2632 sensibus
2584 2573 2860 2636 historias
2876 2598 2933 2640 so

595 2692 744 2748 quas
774 2678 1060 2750 exponant
1076 2721 1089 2748 ,
1137 2675 1236 2748 qui
1269 2674 1416 2734 male
1447 2675 1685 2750 agentes
1715 2676 2049 2734 mutuantur
2077 2673 2293 2748 legalia
2320 2676 2657 2750 patrocinia.
2712 2677 2859 2738 bene

595 2777 899 2852 agentibus
951 2797 1085 2838 uero
1117 2779 1264 2838 bona
1317 2780 1450 2838 sunt
1479 2777 1671 2837 omnia
1714 2794 2098 2852 quaecumque
2129 2778 2347 2853 scripta
2375 2782 2528 2852 sunt,
2583 2781 2685 2855 qui
2714 2781 2857 2842 bene

595 2881 751 2941 dicta
779 2883 922 2941 bene
953 2881 1292 2954 suscipiunt,
1323 2881 1474 2940 sicut
1496 2880 1713 2940 Paulus
1745 2880 2037 2955 apostolus
2066 2881 2405 2956 pollicetur:
2438 2883 2667 2943 scimu
2682 2902 2733 2956 s,
2764 2883 2855 2942 in-

595 2983 741 3059 quit,
773 2984 1110 3058 quoniam
1151 2985 1342 3043 bona
1379 2985 1498 3042 est
1540 2983 1674 3057 lex,
1721 2984 1784 3044 si
1815 2983 1979 3060 quis
2022 3002 2173 3045 eam
2200 2985 2551 3060 legitime
2579 2989 2854 3048 utatur.

489 3091 574 3150 24
679 3087 1043 3160 Optinuimus
1058 3085 1450 3146 confundendo
1465 3086 1931 3148 contradictores.
1956 3087 2341 3147 conuertimus
2364 3087 2605 3149 subinde
2624 3091 2855 3150 eosdem
2870 3115 2927 3156 η

590 3208 730 3266 quos
761 3189 1005 3250 uicimus
1036 3190 1269 3262 insuper
1296 3189 1545 3263 erudire,
1599 3207 1671 3250 ne
1722 3193 1823 3250 aut
1852 3193 2082 3251 sanctos
2132 3191 2417 3265 patiamur
2465 3208 2759 3253 remanere
2790 3193 2851 3252 in

726 3409 760 3462 6
793 3407 852 3463 11
887 3407 1005 3462 Cor.
1043 3409 1124 3470 11,
1171 3408 1252 3461 12.
1292 3407 1372 3462 13.
1646 3409 1713 3462 15
1746 3409 1775 3463 1
1810 3407 1947 3464 Tim.
1988 3409 2041 3476 1,
2077 3410 2124 3464 7.
2389 3409 2453 3464 1‘1
2488 3410 2521 3464 Ι
2556 3410 2675 3466 Cor.
2708 3412 2761 3476 8,
2796 3413 2851 3486 2.

585 3495 654 3552 23
693 3495 724 3548 1
760 3493 898 3548 Tim.
939 3494 987 3559 1,
1023 3494 1077 3550 8.

727 3685 758 3736 1
795 3683 888 3738 sed
923 3699 1022 3752 ego
1068 3685 1124 3751 0,
1163 3683 1254 3738 sed
1289 3700 1321 3738 v
1563 3683 1819 3738 aduersus
1856 3701 1945 3740 eos
1992 3683 2039 3740 0
2067 3700 2109 3739 s.
2145 3685 2181 3739 1.
2218 3701 2286 3739 m.
2322 3688 2363 3739 2
2604 3687 2639 3740 2
2672 3687 2851 3756 legem

583 3769 672 3824 dei
709 3787 741 3824 v
913 3769 947 3822 3
981 3773 1045 3822 ut
1089 3771 1173 3834 0¹,
1210 3774 1266 3824 et
1309 3771 1412 3826 G²v
1589 3771 1627 3824 4
1661 3771 1856 3825 uolunt
1891 3789 1925 3826 v
2108 3773 2173 3825 ut
2207 3789 2276 3827 ex
2310 3775 2365 3826 et
2408 3773 2455 3829 G
2637 3773 2673 3827 5
2706 3787 2850 3828 com-

585 3857 764 3910 mittit
806 3856 874 3911 Ο*
1103 3857 1378 3924 apostolus
1414 3857 1604 3925 paulus
1642 3873 1677 3911 v
1904 3857 1940 3911 8
1973 3858 2269 3928 gloriamur
2311 3859 2358 3915 Ο
2559 3875 2657 3914 nos
2702 3860 2761 3926 0,
2796 3862 2851 3913 et

589 3957 686 3996 uos
721 3959 754 3996 v
914 3943 948 3996 9
983 3942 1244 3997 eiusmodi
1292 3943 1350 4006 0,
1389 3945 1444 3996 et
1467 3942 1777 3997 huiusmodi
1812 3959 1847 3997 v
1962 3945 2051 3999 .11
2086 3945 2359 3999 cumulum
2396 3945 2717 4015 perditionis
2753 3962 2786 4001 v

591 4029 656 4081 12
693 4026 848 4080 utilis
891 4027 938 4082 Ο
947 4029 958 4057 ¹
1211 4029 1280 4082 15
1315 4027 1592 4098 apostolus
1628 4045 1681 4098 p.
1718 4029 1943 4099 corripit
1979 4032 2035 4084 et
2071 4029 2353 4084 confundit
2386 4049 2419 4088 v
2688 4033 2755 4087 16
2788 4031 2853 4086 dc

585 4113 783 4182 quibus
819 4113 1006 4168 dicunt
1049 4114 1108 4180 0,
1146 4129 1282 4184 quae
1318 4113 1613 4184 loquuntur
1648 4129 1680 4168 υ
1941 4116 2010 4170 21
2047 4117 2305 4170 mutuant
2338 4132 2373 4170 v
2624 4117 2693 4172 22
2728 4133 2851 4172 uero

584 4214 684 4254 om.
720 4214 755 4253 v
1029 4198 1150 4268 qui-
1191 4199 1237 4254 0
1507 4199 1577 4253 23
1611 4199 1761 4254 dicta
1798 4216 1868 4255 ex
1905 4199 2033 4254 data
2076 4199 2123 4256 0
2392 4201 2577 4272 inquit
2608 4218 2713 4258 om.
2750 4219 2785 4259 v

582 4283 660 4341 24
695 4300 814 4338 eam
855 4283 901 4338 0
913 4285 939 4347 ¹,
976 4299 1038 4338 ea
1080 4284 1184 4341 Οὐ
1391 4286 1460 4340 25
1497 4287 1863 4340 conuertimus
1907 4288 1965 4351 0,
2002 4289 2376 4342 conuertamur
2408 4303 2441 4342 v
2646 4289 2721 4344 26
2756 4291 2852 4344 aut

587 4386 660 4424 ex
695 4372 758 4424 ut
801 4369 861 4436 Ο,
897 4372 994 4423 aut
1029 4372 1091 4423 ut
1125 4385 1157 4424 υ
1365 4388 1635 4427 remanere
1668 4372 1941 4443 patiamur
1974 4390 2007 4429 v
