3217 5150
762 563 959 610 Lxxx

762 703 899 764 erat
948 700 1123 780 apud
1174 721 1268 764 me
1317 700 1507 764 huius
1556 719 1792 783 quoque
1839 703 2136 783 epistolae
2187 703 2297 791 (21
2353 703 2540 788 dicit)
2591 706 2668 768 in
2720 707 3060 775 codicibus

762 811 997 875 duobus
1053 811 1423 892 exemplum,
1478 813 1587 877 sed
1638 814 1798 878 mire
1846 820 2227 895 corruptum.
2287 816 2585 897 epistulas
2637 837 2796 883 uero
2851 837 3056 886 nouas

762 923 1081 989 Latinium
1130 942 1202 988 ex
1246 923 1558 990 codicibus
1610 925 2002 1008 interpolatis
2053 927 2147 992 ita
2197 927 2558 993 emendasse
2607 930 2683 994 ut
2727 930 2934 994 modo
2981 952 3054 996 ex

762 1035 877 1100 hoc
916 1035 1099 1100 modo
1129 1054 1201 1099 ex
1230 1035 1343 1100 illo
1373 1053 1529 1118 quae
1558 1038 1708 1119 apta
1737 1037 2102 1102 uiderentur
2129 1038 2409 1122 eligeret,
2456 1041 2716 1124 grauius
2747 1045 3054 1124 corrupta

762 1147 955 1212 etiam
999 1149 1321 1230 resecaret,
1374 1121 1674 1213 nonnulla
1713 1149 2066 1214 coniectura
2107 1151 2398 1227 tentaret,
2443 1170 2587 1216 mea
2629 1152 3056 1219 adnotatione

762 1276 905 1322 cum
952 1258 1129 1324 illius
1182 1258 1451 1324 editione
1502 1262 1860 1342 comparata
1911 1261 2084 1326 nullo
2129 1261 2380 1345 negotio
2424 1264 2687 1345 quisque
2730 1265 3056 1338 inueniet,

760 1369 975 1434 nullus
1026 1369 1343 1454 probabit:
1396 1391 1543 1436 nam
1594 1368 1965 1436 recentiores
2015 1372 2254 1438 codices
2305 1390 2516 1438 omnes
2567 1375 2676 1456 qui
2729 1375 3054 1456 epistulas

762 1479 905 1546 illas
948 1482 1263 1547 continent
1292 1501 1364 1548 ex
1392 1499 1513 1546 uno
1554 1481 1716 1548 libro
1753 1481 2007 1548 fluxisse
2049 1502 2239 1565 supra
2266 1483 2354 1567 (p.
2385 1483 2592 1549 XLVI
2621 1486 2746 1568 sq.)
2777 1486 3052 1552 demon-

762 1592 1031 1658 stratum
1086 1595 1201 1658 est.
1256 1613 1443 1676 quare
1494 1594 1834 1676 scripturas
1884 1593 2290 1660 Manutianae
2337 1595 2650 1679 plerisque
2705 1597 2876 1663 locis
2939 1619 3054 1681 per

762 1703 1033 1787 reliquas
1090 1705 1391 1771 editiones
1448 1707 1822 1790 propagatas
1877 1719 1999 1771 11011
2057 1708 2372 1772 annotaui.
2449 1709 2727 1774 ceterum
2793 1710 3054 1776 codices

761 1836 798 1881 a
828 1816 1073 1884 Latinio
1117 1817 1431 1884 adhibitos
1474 1819 1630 1884 duos
1673 1837 1775 1882 me
1818 1820 2075 1884 nactum
2117 1837 2250 1884 esse
2289 1821 2460 1903 puto.
2509 1819 2588 1884 de
2631 1837 2756 1884 uno
2801 1839 2910 1886 res
2953 1834 3052 1888 est

762 1929 1127 2006 certissima,
1161 1928 1531 1995 Vaticanum
1562 1928 1668 2018 (φ)
1699 1930 1838 1996 dico
1866 1950 1926 1994 n.
1964 1931 2107 2012 199,
2150 1931 2328 1996 cuius
2357 1931 2652 1996 lectiones
2683 1931 2752 1994 in
2786 1931 3054 1997 Biblio-

761 2038 936 2103 thcca
986 2060 1173 2106 sacra
1218 2040 1452 2123 passim
1496 2042 1834 2123 exscriptae
1879 2041 2233 2118 occurrunt;
2287 2042 2447 2107 alter
2489 2043 2647 2107 mihi
2693 2043 3050 2110 Monacen-

763 2151 849 2216 sis
904 2149 1005 2236 (μ)
1059 2150 1327 2226 uidetur,
1388 2152 1495 2233 qui
1550 2144 1609 2216 ‘a
1659 2151 1884 2218 Ioanne
1945 2153 2196 2218 Troster
2251 2153 2531 2220 Venetiis
2589 2173 2628 2220 a
2680 2153 3052 2222 Cartalario

764 2261 1029 2346 Caspare
1076 2281 1232 2328 anno
1283 2263 1446 2328 1462
1496 2264 1726 2329 ultima
1771 2264 1936 2328 Iunii
1979 2281 2090 2345 pro
2131 2263 2261 2328 XII
2307 2265 2550 2330 ducatis
2593 2255 2874 2347 emptus‘
2927 2270 3046 2333 est.

764 2377 925 2440 certe
955 2393 1026 2439 ex
1050 2393 1119 2440 eo
1140 2377 1241 2441 uel
1272 2376 1403 2440 eius
1432 2375 1784 2459 apographo
1813 2374 2046 2440 librum
2079 2373 2179 2439 De
2207 2377 2578 2456 spectaculis
2604 2379 2672 2442 et
2701 2376 3044 2459 Cypriani

764 2479 969 2551 uitam]
1014 2507 1136 2568 per
1192 2482 1495 2552 Pontium
1552 2487 1688 2551 eius
1743 2487 2081 2552 diaconum
2146 2489 2386 2570 primus
2455 2488 2656 2554 edidit
2714 2489 3042 2556 Latinius,

764 2600 1018 2665 maioris
1046 2601 1346 2665 momenti
1376 2600 1567 2665 editio
1590 2600 1776 2664 estin
1797 2600 2056 2682 reliquis
2085 2599 2371 2682 operibus
2395 2597 2688 2683 Cypriani
2717 2603 3044 2684 genuinis

765 2728 1025 2793 quorum
1066 2712 1145 2777 ad
1177 2711 1668 2776 emendationem
1710 2710 2141 2776 uetustissima
2179 2710 2554 2793 exemplaria
2597 2718 3048 2797 congesserant

766 2826 829 2889 et
858 2822 1146 2889 Latinius
1176 2825 1241 2889 et
1271 2821 1524 2888 Carolus
1554 2823 1980 2899 Borromaeus‚
2033 2823 2208 2887 cuius
2242 2823 2317 2888 de
2346 2841 2530 2926 oppra
2557 2824 2624 2888 in
2653 2824 3046 2905 praefatione

766 2935 843 2999 ad
878 2934 1088 3016 ipsum
1118 2935 1351 3016 scripta
1378 2934 1529 2999 haec
1558 2934 1895 2999 habentur:
1925 2938 2360 3014 praestantem
2379 2934 2468 2997 ad
2489 2934 2638 2999 bene
2665 2937 3044 3001 merendum

766 3052 1036 3111 naturae
1084 3046 1570 3127 propensionem
1627 3044 2052 3128 aynoscebam,
2110 3046 2222 3125 qui
2279 3049 2442 3110 totus
2493 3046 2569 3109 in
2618 3066 2760 3110 eam
2813 3068 3044 3112 cte-ram

767 3156 1144 3235 incubueris,
1173 3162 1243 3220 ut
1272 3158 1489 3221 omnia
1524 3154 1842 3239 Cypriani
1870 3156 2128 3237 scripta,
2157 3157 2406 3221 mendis
2433 3162 2628 3223 antea
2653 3158 3040 3240 deforma,

764 3260 943 3333 nunc
978 3268 1055 3333 in
1091 3272 1353 3333 ueterem
1392 3268 1579 3333 illam
1621 3268 2045 3351 inteyritatem
2073 3288 2149 3332 ac
2177 3269 2458 3348 specm,
2497 3270 2799 3334 accersito
2839 3272 3040 3335 etiam

784 3380 1026 3446 Verona
1067 3381 1269 3445 mirae
1297 3381 1628 3445 uetustatis
1657 3380 2024 3461 exemplari,
2063 3384 2367 3445 accurata
2393 3380 3042 3446 doctorum‘uiromm

765 3493 1094 3558 industria
1132 3493 1623 3559 restituerentur.
1678 3491 1758 3557 ad
1790 3492 2201 3557 Veronensem
2232 3492 2740 3559 uetustissimum
2767 3495 3042 3559 accessit

766 3608 1236 3673 Beneuentanus
1288 3604 1389 3669 uel
1430 3603 1875 3687 Neapolitanus
1921 3602 2298 3686 optimorum
2343 3624 2524 3670 unus.
2575 3607 2755 3670 textu
2797 3605 2881 3669 ad
2923 3606 3042 3670 hos

768 3720 1051 3783 accurate
1120 3716 1425 3801 castigato
1484 3734 1626 3780 cum
1681 3713 1969 3785 Latinius
2028 3716 2241 3779 contra
2299 3716 2672 3799 scriptorum
2728 3714 3048 3781 librorum

766 3828 955 3901 fidem
995 3830 1293 3895 nonnulla
1338 3828 1597 3905 retenta,
1637 3828 1849 3909 aliqua
1889 3826 2122 3905 addita,
2173 3846 2360 3909 quam
2389 3827 2662 3909 plurima
2688 3826 3046 3893 immutata

766 3939 1028 4025 uideret,
1086 3959 1308 4007 nomen
1360 3960 1544 4006 suum
1594 3939 1664 4003 in
1715 3938 1984 4003 editione
2015 3958 2052 4003 a
2081 3929 2366 4005 Manutio
2415 3955 2539 4002 non
2585 3954 2844 4019 passum
2895 3956 3044 4004 esse

768 4051 1036 4119 adscribi
1095 4053 1229 4135 ipse
1284 4051 1351 4117 in
1410 4050 1681 4133 epistula
1737 4049 1816 4114 ad
1865 4048 2157 4127 Masium‚
2219 4049 2394 4113 cuius
2450 4048 2643 4114 uerba
2697 4067 2758 4130 p.
2804 4049 2866 4112 X
2919 4069 3038 4115 ex-

768 4164 1007 4248 scripsi,
1038 4165 1247 4229 narrat
1276 4165 1339 4229 et
1366 4162 1572 4229 Caroli
1604 4160 2006 4227 Vicecomitis
2035 4162 2284 4226 litterae
2317 4159 2553 4245 (lettere
2581 4162 2665 4225 45
2693 4159 2765 4223 di
2797 4160 3046 4225 Tremo

775 4272 1017 4339 XXII.
1052 4272 1307 4357 Giuyno
1348 4275 1414 4340 in
1454 4273 1701 4339 Baluzii
1734 4272 2010 4337 Miscell.
2057 4272 2150 4337 ed.
2191 4272 2396 4337 Mansi
2436 4271 2538 4336 III
2581 4290 2643 4353 p.
2683 4270 2844 4355 472)
2889 4290 3047 4338 con-

768 4385 1039 4451 firmant.
1093 4386 1242 4451 inde
1288 4386 1415 4451 iam
1459 4385 1639 4468 patet
1680 4385 1747 4449 in
1790 4384 2156 4449 Manutiana
2199 4383 2470 4449 editione
2505 4382 2880 4448 Veronensis
2927 4386 3046 4449 de·

768 4497 999 4580 perditi
1040 4498 1380 4581 scripturas
1422 4496 1746 4578 conplures
1787 4495 1983 4561 latere
2025 4514 2180 4578 quas
2210 4514 2422 4561 eruere
2451 4494 2624 4559 nullo
2655 4493 2838 4560 modo
2869 4494 3044 4561 licet.
