3217 5150
2498 532 2543 578 V

293 669 434 737 CIs
459 668 1083 735 RAPTIZANDIs
1106 666 1541 735 EXPLICIT
1559 666 1922 735 INCIPIT
1941 666 2074 733 AD
2102 666 2223 733 Ro
2232 666 2355 734 CA
2364 667 2545 733 TIA-

288 781 508 846 NVM
544 781 673 845 ET
711 779 1119 846 CETEROS
1155 780 1290 845 DE
1341 780 1635 846 OBSER
1642 778 1959 845 VANDA
2010 778 2547 846 DISCIPLINA

286 890 398 977 (ε.-
420 911 479 974 p.
511 892 792 972 504‚12)‚
824 891 868 955 f.
907 891 1056 957 147..
1087 890 1177 957 c.2
1205 892 1248 957 1.
1282 893 1434 957 extr.
1463 890 1645 957 ERA
1655 891 1829 958 TER
1852 874 2053 959 Κῶ
2079 893 2187 973 (=
2210 910 2269 973 p.
2300 888 2543 975 5092),

140 995 146 1001 ’
284 1001 329 1066 f.
385 1002 535 1068 148·
584 1003 670 1068 c.¹
722 1003 764 1067 1.
811 1021 901 1086 pr.
949 1001 1065 1068 ΒΑ
1107 1003 1584 1069 SVFFERRE
1629 1002 1812 1078 QVO
1862 1004 1973 1088 (ε
2019 1002 2181 1086 App.
2235 1020 2295 1085 p.
2345 1002 2542 1087 39‚3),

283 1113 328 1178 f.
379 1114 528 1180 155·
570 1113 658 1179 α’
705 1112 1074 1181 CAECILI
1108 1113 1555 1180 CYPRIANI
1583 1114 1719 1179 DE
1751 1113 2070 1180 LAVDE
2095 1113 2554 1179 MARTYRII

286 1210 472 1293 EXNP
490 1224 992 1291 FELICITER.

369 1338 554 1403 Hunc
622 1338 933 1419 optimum
1000 1337 1232 1403 librum
1291 1338 1511 1403 ducem
1568 1338 1663 1404 ita
1719 1338 1997 1422 adhibui,
2069 1338 2143 1404 ut
2200 1338 2324 1403 nisi
2383 1336 2543 1403 ratio
2594 1358 2767 1402 codicis
2794 1333 2836 1400 S

284 1450 656 1533 repugnaret
699 1450 810 1513 aut
848 1448 1200 1514 manifestis
1241 1448 1352 1516 ille
1389 1449 1817 1533 inquinaretur
1847 1448 2109 1529 mendi8‚
2152 1449 2367 1515 contra
2393 1447 2543 1514 reli·
2588 1437 2842 1480 mmm*

283 1578 436 1643 quos
465 1561 656 1625 libros
687 1577 898 1625 omnes
927 1560 1114 1625 huius
1141 1560 1479 1643 scripturas
1507 1560 1576 1625 in
1603 1561 1849 1626 textum
1877 1560 2246 1643 reciperem3
2296 1577 2541 1627 summa

284 1672 451 1738 enim
492 1672 624 1736 eius
667 1670 1007 1737 auctoritas
1037 1671 1103 1737 in
1135 1689 1204 1737 eo
1235 1672 1485 1737 uidetur
1528 1672 1694 1753 quod
1730 1690 1855 1737 non
1884 1691 2022 1738 raro
2053 1672 2221 1738 solus
2253 1690 2401 1737 uera
2430 1673 2542 1737 aut

283 1800 570 1849 uerorum
614 1782 886 1867 uestigia
929 1782 1209 1865 proxima
1253 1782 1364 1848 aut
1401 1782 1769 1849 mendorum
1810 1777 2042 1849 formas
2085 1783 2338 1865 primas,
2382 1782 2545 1848 unde

280 1894 794 1977 interpolatorum
817 1894 1162 1959 tentamina
1182 1893 1587 1977 explicantur,
1611 1893 1907 1973 seruauit,
1935 1894 2111 1960 cuius
2133 1895 2223 1961 rei
2247 1912 2391 1960 cum
2412 1897 2543 1958 sin·-

284 2004 468 2089 gulae
510 2005 772 2089 paginae
802 2004 1040 2086 optima
1069 2006 1470 2088 suppeditent
1499 2005 1797 2089 exempla,
1844 2006 2202 2088 speciminis
2230 2006 2363 2073 loco
2394 2006 2544 2073 haec

281 2133 439 2198 pono
482 2117 765 2183 celeriter
793 2116 1114 2198 quaerenti
1144 2116 1556 2183 occurrentia:
1601 2136 1661 2200 p.
1694 2116 1932 2196 256‚25
1962 2117 2072 2183 ubi
2103 2118 2329 2200 reliqui
2360 2117 2543 2200 quot·
2644 2198 2649 2205 Ι

283 2230 432 2310 quot
477 2230 724 2294 exstant
765 2227 911 2293 libri
956 2227 1334 2313 interpolata
1379 2228 1674 2292 exhibent
1716 2229 1908 2293 uerba
1947 2229 2059 2309 qni
2098 2229 2215 2293 etsi
2241 2228 2544 2310 nefandis

281 2340 620 2421 sacrificiis
657 2359 891 2404 manus
916 2358 1048 2403 non
1076 2340 1694 2418 contaminaverunt,
1737 2339 1969 2404 libellis
1996 2344 2209 2405 tamen
2237 2340 2543 2405 conscien-

279 2452 442 2516 tiam
475 2451 862 2532 polluerunt,
914 2452 982 2516 in
1025 2451 1154 2516 solo
1186 2448 1227 2515 S
1271 2451 1444 2516 extat
1485 2449 1757 2516 formula
1800 2452 2245 2517 conscientiam
2287 2452 2544 2517 miscue-

287 2566 462 2641 runt,
501 2561 770 2628 insolens
812 2562 1066 2644 quidem
1097 2562 1232 2642 illa,
1276 2561 1386 2628 sed
1413 2582 1600 2645 quam
1632 2563 1899 2629 maxime
1930 2565 2229 2648 genuina3
2275 2584 2346 2631 ea
2377 2564 2543 2630 enim

281 2674 486 2738 utitur
537 2675 643 2757 qui
695 2677 869 2740 totus
916 2674 1296 2759 cyprianum
1351 2675 1730 2742 imitandum
1784 2675 1905 2741 sibi
1950 2678 2297 2758 sumpserat
2341 2677 2543 2742 libelli

283 2785 356 2852 de
386 2786 538 2851 bono
562 2787 913 2868 pudicitiae
941 2789 1158 2853 auctor
1179 2788 1259 2853 A.
1281 2806 1424 2872 pag.
1450 2787 1601 2868 20,5
1624 2787 1900 2870 pudicus
1927 2808 2075 2853 uero
2104 2789 2361 2853 iwuenis
2388 2789 2543 2869 quia

151 2971 156 2975 ,
281 2897 500 2964 delicto
525 2899 972 2964 conscientiam
1001 2919 1134 2964 non
1161 2899 1430 2980 miscuit,
1463 2901 1605 2965 etsi
1635 2901 1798 2966 recte
1830 2900 2021 2966 uerba
2048 2899 2363 2980 constitui,
2396 2899 2540 2966 Cal-

284 3010 502 3076 donius
554 3011 630 3075 de
672 3011 934 3076 muliere
977 3029 1017 3076 a
1058 3011 1288 3076 marito
1339 3010 1421 3077 ad
1465 3011 1937 3077 sacrificandum
1987 3012 2191 3077 tracta
2238 3011 2542 3096 Cypriane

281 3121 531 3205 scripsit
559 3141 700 3206 pag.
732 3123 924 3202 537‚6
954 3123 1404 3188 conscientiam
1432 3141 1562 3186 non
1589 3123 1990 3189 comiscuit.
2023 3163 2106 3173 -
2134 3141 2275 3208 pag.
2308 3098 2545 3204 304214

283 3233 349 3296 in
379 3231 422 3298 S
453 3251 572 3297 uox
613 3234 880 3299 occurrit
922 3234 1242 3300 rarissima
1286 3233 1689 3316 offendicula,
1729 3235 1905 3300 cuius
1946 3235 2012 3301 in
2040 3236 2247 3302 locum
2287 3237 2545 3302 tritissi-

282 3363 458 3408 mum
497 3344 814 3409 scandala
854 3347 1215 3428 receperunt
1258 3346 1484 3430 reliqui
1524 3346 1653 3411 fere
1694 3363 1907 3411 omnes
1937 3346 2029 3412 ita
2057 3347 2367 3430 legentes:
2414 3367 2545 3412 non

282 3457 411 3520 sint
449 3456 566 3520 tibi
607 3456 920 3520 scandala
949 3457 1076 3521 ista
1103 3457 1212 3522 sed
1231 3457 1500 3538 proelia.
1531 3495 1621 3505 —
1648 3476 1707 3540 p.
1740 3457 1979 3536 253‚24
2008 3477 2046 3523 a
2081 3477 2228 3523 uero
2271 3459 2545 3541 proxime

281 3568 460 3632 abest
499 3566 572 3633 S:
631 3587 722 3630 cm
773 3568 1110 3648 quisquam
1159 3569 1366 3632 maior
1415 3569 1526 3634 deo
1576 3573 1689 3633 aut
1740 3568 2106 3656 diuinassore
2155 3569 2545 3651 clementior;

281 3679 531 3762 scripsit
587 3679 753 3743 enim
805 3677 1166 3762 Cyprianus,
1225 3679 1294 3745 id
1345 3680 1507 3764 quod
1559 3679 1826 3747 Vahleni
1876 3700 2134 3747 acumen
2186 3682 2368 3760 uidit,
2430 3686 2545 3748 aut

280 3790 502 3856 diuino
551 3807 762 3855 amore
810 3789 1171 3856 clementior
1222 3791 1314 3876 (in
1357 3792 1530 3856 exitu
1574 3791 1882 3857 linearum
1932 3793 2218 3877 uirgulae
2246 3793 2333 3812 Ν
2362 3811 2545 3877 super

280 3923 325 3966 a
353 3923 400 3968 u
427 3922 460 3967 e
501 3901 742 3984 positae
783 3903 1150 3985 plerumque
1192 3904 1577 3969 euanuerunt
1622 3905 1687 3968 in
1732 3902 1823 3989 S).
1870 3904 2096 3987 reliqui
2143 3904 2289 3969 libri
2334 3921 2543 3970 omnes

281 4013 740 4098 interpolatoris
811 4013 1138 4080 inuentum
1197 4013 1432 4078 diuina
1458 4055 1464 4070 ·
1489 4015 1761 4080 bonitate
1818 4013 2175 4080 clementior
2232 4015 2539 4081 exhibent.

282 4143 424 4191 cum
467 4125 666 4210 igitur
695 4125 926 4190 codicis
957 4127 1160 4191 uirtus
1189 4127 1369 4192 tanta
1399 4128 1504 4207 sit,
1549 4126 1678 4192 iam
1706 4144 1828 4192 non
1857 4126 2337 4211 uituperabitur‚
2380 4126 2543 4209 quod

286 4237 475 4300 etiam
505 4237 593 4301 eis
624 4237 689 4301 in
721 4237 893 4316 locis,
934 4236 1043 4302 ubi
1073 4237 1454 4321 reliquorum
1483 4237 1788 4304 librorum
1818 4238 2125 4321 scriptura
2154 4239 2315 4304 nihil
2346 4239 2541 4303 offen-

283 4346 472 4411 sionis
517 4347 858 4430 praeberet‚
916 4348 1024 4415 sed
1067 4350 1276 4414 tamen
1318 4349 1384 4414 in
1427 4348 1828 4435 Seguieriano
1878 4351 2195 4436 singulare
2242 4349 2543 4433 quiddam

283 4459 468 4540 idque
513 4478 974 4544 nonnumquam
1019 4463 1230 4544 aperte
1278 4461 1579 4528 uitiosum
1625 4462 1878 4541 inesset,
1929 4480 2003 4526 ex
2043 4461 2159 4527 hoc
2202 4461 2539 4526 diuinando
