3217 5150
716 540 941 590 XXXIV

715 721 787 768 ex
816 721 937 769 uno
988 703 1226 769 scilieet
1277 705 1483 770 codice
1533 706 1787 787 parente
1838 703 2308 771 descendentem
2355 705 2464 791 (ef.
2495 726 2554 791 p.
2587 705 2828 792 XXIX)
2879 707 2988 772 in·

712 809 934 899 primis
962 815 1029 881 in
1059 815 1346 898 epistulis
1376 817 1476 883 70.
1513 817 1613 882 71.
1649 815 1752 882 73.
1787 810 1871 881 74
1901 815 2119 881 uideri.

386 953 567 996 coum
586 953 696 995 ιιι..
798 925 1080 992 Alterius
1138 925 1417 993 familiae
1476 927 1713 993 eodioes
1773 927 2146 994 uetustiores
2205 928 2314 1012 qui
2373 929 2501 994 sint
2553 933 2618 994 et
2669 929 2986 1012 quomodo

386 1023 479 1066 rins
486 1021 695 1064 famniae.

712 1057 923 1104 eorum
954 1039 1236 1123 cognatio
1264 1038 1333 1104 in
1362 1056 1556 1105 unum
1586 1039 1992 1124 archetypum
2023 1043 2378 1126 conum-gat,
2408 1040 2526 1107 hae
2557 1040 2978 1124 descriptione

611 1223 624 1230 ,
711 1151 1083 1238 explicatur:

1335 1261 1729 1346 Archetypus
1773 1264 2033 1330 alterius
2077 1263 2355 1330 familiae

1127 1381 2768 1490 ’ᾶΤωψ-ψψᾶῗ

811 1517 880 1583 Μ
1585 1515 1640 1595 Q
2665 1490 2674 1692 Ι

1605 1601 1616 1806 Ι
2645 1694 2698 1758 Τ

1586 1807 1638 1873 Ε
2668 1788 2676 1984 z

1602 1895 1614 2096 Ι
2461 2013 2506 2078 h
2619 2012 2726 2114 <.¹>
2845 2015 2876 2079 t

1402 2143 1438 2190 o
1759 2151 1813 2192 ω

1261 2435 1293 2502 I
1409 2255 1433 2502 i¹
1534 2461 1571 2524 ρ
1594 2437 1704 2522 (=
1729 2436 1920 2502 editio
1944 2435 2254 2520 princeps)
2527 2433 2742 2520 Ζτμφ
2759 2455 2812 2500 w

385 2602 539 2646 norm
548 2599 699 2642 ιη».-
714 2574 956 2642 exstitit
999 2576 1197 2659 igitur
1236 2573 1477 2642 saeculo
1520 2576 1739 2641 octauo
1781 2573 1968 2641 codex
2009 2573 2240 2641 litteris
2280 2572 2630 2639 uncialibus
2659 2573 2977 2657 scriptura

470 2673 615 2723 typus.

712 2686 1005 2754 continua
1062 2688 1365 2765 exaratae,
1440 2703 1560 2768 quo
1622 2684 1914 2770 Cypriani
1971 2685 2202 2768 scripta
2261 2686 2734 2753 continebantur
2789 2686 2980 2753 haee:

709 2798 912 2864 libelli
952 2798 1004 2862 Ι.
1048 2798 1159 2864 IV.
1204 2798 1315 2862 VI.
1358 2798 1501 2864 VII.
1554 2798 1625 2864 V.
1667 2798 1745 2865 X.
1785 2799 1963 2864 VIII.
1995 2798 2106 2863 XI.
2137 2797 2284 2863 XII.
2314 2798 2494 2865 XIII.
2527 2798 2638 2864 IX.
2671 2798 2792 2877 ΠΙ,
2837 2801 2978 2883 epi·

556 2904 563 2911 ’
706 2910 913 2979 stulae
956 2911 1059 2977 55.
1102 2912 1206 2977 63.
1249 2911 1309 2976 6.
1352 2910 1457 2977 58.
1505 2911 1603 2977 10.
1645 2910 1748 2977 28.
1793 2910 1896 2977 37.
1943 2911 2044 2975 11.
2085 2910 2188 2977 38.
2231 2910 2336 2989 39,
2389 2910 2594 2977 libelli
2644 2910 2974 2978 subditieii

708 3020 1038 3086 Aduersus
1086 3020 1353 3086 Iudaeos
1396 3022 1509 3104 qui
1551 3022 1818 3088 insecuti
1860 3026 2010 3086 sunt
2053 3022 2381 3087 dominum
2427 3026 2714 3089 nostrum
2760 3023 2981 3087 Iesum

710 3130 1059 3210 Christum,
1100 3131 1201 3197 De
1240 3132 1640 3214 aleator-ibae,
1683 3130 1784 3199 De
1815 3132 2002 3198 laude
2029 3133 2353 3215 martyrii,
2399 3133 2701 3217 epistulae
2731 3134 2835 3199 60.
2867 3134 2978 3201 57.

708 3244 812 3311 59.
855 3246 960 3311 52.
1002 3244 1106 3309 47.
1139 3244 1243 3311 45.
1278 3244 1384 3309 44.
1414 3244 1519 3310 51.
1555 3244 1656 3311 13.
1687 3244 1792 3310 43.
1826 3244 1928 3311 65.
1965 3245 2020 3309 1.
2052 3244 2154 3309 61.
2187 3243 2293 3309 46.
2325 3244 2428 3310 54.
2463 3244 2564 3310 32.
2597 3244 2701 3311 20.
2739 3245 2838 3310 12.
2873 3244 2982 3311 78.

710 3356 987 3423 Sentent.
1016 3356 1443 3438 episcoporum
1464 3354 1578 3441 (=
1602 3354 1714 3420 lib.
1740 3354 1943 3440 XIV).
1975 3356 2059 3421 69
2083 3354 2178 3442 (in
2205 3356 2356 3422 duas
2385 3356 2688 3440 epistulas
2719 3354 2980 3441 diuisa).

696 3470 813 3535 ·67.
856 3468 959 3535 64.
1000 3470 1061 3535 2.
1094 3469 1152 3534 3.
1200 3468 1299 3533 72.
1344 3467 1445 3535 12.
1489 3468 1624 3551 [71.
1659 3467 1760 3533 73.
1797 3468 1898 3533 74.
1929 3468 2034 3533 66.
2066 3467 2169 3532 40.
2200 3468 2303 3533 77.
2338 3467 2438 3533 79.
2469 3467 2574 3534 31.
2606 3468 2742 3551 36.]
2757 3468 2824 3553 ¹¹⁸)
2872 3469 2978 3534 75.

710 3580 813 3647 53.
862 3581 961 3647 16.
1008 3580 1108 3647 15.
1156 3580 1254 3646 17.
1290 3580 1389 3646 18.
1424 3582 1521 3646 19.
1555 3581 1659 3647 26.
1693 3580 1889 3646 25.”9.
1922 3580 2024 3645 29.
2057 3579 2161 3645 56.
2196 3580 2253 3644 7.
2287 3578 2388 3644 76.
2424 3579 2526 3659 70,
2581 3576 2764 3655 Quod
2800 3578 2982 3645 idola

784 3800 834 3870 ⁸)
859 3799 1025 3855 Index
1066 3801 1388 3871 scriptorum
1430 3800 1607 3857 codiee
1629 3800 1934 3857 Monacensi
1967 3800 2066 3870 (Μ)
2101 3803 2350 3857 seruatus
2391 3801 2492 3857 has
2533 3798 2797 3872 epistulas
2831 3803 2981 3858 inter

710 3887 1049 3957 parenthesis
1088 3890 1275 3943 notam
1310 3887 1565 3955 inclusas,
1608 3904 1746 3958 quae
1779 3904 1843 3943 ex
1877 3888 2166 3958 archetypo
2201 3889 2351 3958 prius
2386 3888 2779 3945 interciderunt
2813 3904 2982 3959 quam

708 3973 1044 4028 Monacensis
1062 3976 1121 4028 et
1136 3974 1413 4029 Treeensis
1432 3974 1519 4043 (Q)
1538 3974 1700 4030 eodex
1714 3990 1909 4044 parens
1927 3972 2046 4047 (X)
2063 3972 2364 4043 descriptus
2381 3977 2480 4040 est,
2503 3974 2586 4031 ita
2603 3972 2782 4031 adfert
2793 3994 2808 4025 ε
2827 3975 2992 4031 LVI

710 4059 806 4114 Aa
832 4058 1115 4129 Quintum
1140 4060 1329 4116 LVII
1342 4060 1437 4115 Aa
1462 4061 1818 4117 Immune
1847 4060 2072 4115 LVIII
2088 4060 2184 4117 Aa
2201 4061 2530 4131 Pompeium
2549 4067 2750 4119 eontra
2771 4062 2978 4130 episto·

710 4144 823 4199 lam
864 4144 1147 4214 Stephani.
1194 4145 1455 4201 LVIIII
1488 4145 1583 4201 Aa
1623 4145 1973 4201 Eleo-entim
2015 4162 2176 4217 quem
2215 4153 2270 4203 et
2308 4147 2688 4217 Pwpiaaemn.
2731 4148 2848 4203 LX
2885 4148 2983 4205 De

710 4230 1011 4288 Nmidico
1034 4232 1347 4298 confessore.
1390 4232 1546 4287 LXI
1566 4232 1928 4289 Nemesianus
1948 4231 2200 4288 Datim
2221 4232 2392 4289 Felix
2424 4233 2610 4289 Victor
2629 4232 2708 4289 ad
2737 4234 2978 4304 cypru-

708 4332 861 4373 num.
898 4316 1091 4373 LXII
1101 4317 1270 4373 Feta
1303 4334 1427 4375 cum
1458 4318 1577 4373 mie
1608 4316 1687 4373 aa
1718 4317 2074 4389 own-imum.
2111 4318 2344 4374 LXIII
2358 4318 2580 4390 Moyses
2613 4324 2668 4375 et
2686 4319 2984 4376 Maenas

700 4386 1694 4474 prbrosetmi‘adoypnmmm.
1737 4388 2982 4474 LXIVprffietdia‘e‘urbisromv-ad

718 4488 1071 4559 ommam
