<?xml version="1.0" encoding="UTF-8"?>
<!DOCTYPE html PUBLIC "-//W3C//DTD XHTML 1.0 Transitional//EN"
    "http://www.w3.org/TR/xhtml1/DTD/xhtml1-transitional.dtd">
<html xmlns="http://www.w3.org/1999/xhtml" xml:lang="en" lang="en">
 <head>
  <title>
</title>
<meta http-equiv="Content-Type" content="text/html;charset=utf-8" />
  <meta name='ocr-system' content='tesseract 3.04.00' />
  <meta name='ocr-capabilities' content='ocr_page ocr_carea ocr_par ocr_line ocrx_word'/>
</head>
<body>
  <div class='ocr_page' id='page_1' title='image "./corpusscriptoru29wissgoog_0016.png"; bbox 0 0 3217 5150; ppageno 0'>
   <div class='ocr_carea' id='block_1_1' title="bbox 608 553 1919 624">
    <p class='ocr_par' dir='ltr' id='par_1_1' title="bbox 608 553 1919 624">
     <span class='ocr_line' id='line_1_1' title="bbox 608 553 1919 624; baseline -0.008 -5"><span class='ocrx_word' id='word_1_1' title='bbox 608 553 688 619; x_wconf 91' lang='lat'><strong>10</strong></span> <span class='ocrx_word' id='word_1_2' title='bbox 1552 553 1693 624; x_wconf 82' lang='lat' dir='ltr'><strong>App</strong></span> <span class='ocrx_word' id='word_1_3' title='bbox 1708 553 1919 609; x_wconf 83' lang='lat' dir='ltr'><strong>endix.</strong></span> 
     </span>
    </p>
   </div>
   <div class='ocr_carea' id='block_1_2' title="bbox 557 710 2930 2645">
    <p class='ocr_par' dir='ltr' id='par_1_2' title="bbox 557 710 2930 2645">
     <span class='ocr_line' id='line_1_2' title="bbox 601 710 2863 788; baseline 0.002 -18"><span class='ocrx_word' id='word_1_4' title='bbox 601 727 724 770; x_wconf 87' lang='lat' dir='ltr'><strong>cum</strong></span> <span class='ocrx_word' id='word_1_5' title='bbox 777 710 1025 770; x_wconf 86' lang='lat' dir='ltr'><strong>hominis</strong></span> <span class='ocrx_word' id='word_1_6' title='bbox 1067 728 1274 771; x_wconf 81' lang='lat' dir='ltr'><strong>canora</strong></span> <span class='ocrx_word' id='word_1_7' title='bbox 1313 727 1451 772; x_wconf 89' lang='lat' dir='ltr'><strong>uoce</strong></span> <span class='ocrx_word' id='word_1_8' title='bbox 1491 713 1843 772; x_wconf 85' lang='lat' dir='ltr'><strong>contendens</strong></span> <span class='ocrx_word' id='word_1_9' title='bbox 1872 713 2083 788; x_wconf 88' lang='lat' dir='ltr'><strong>spiritu</strong></span> <span class='ocrx_word' id='word_1_10' title='bbox 2116 731 2218 776; x_wconf 91' lang='lat' dir='ltr'><strong>suo</strong></span> <span class='ocrx_word' id='word_1_11' title='bbox 2249 730 2417 788; x_wconf 86' lang='lat' dir='ltr'><strong>quem</strong></span> <span class='ocrx_word' id='word_1_12' title='bbox 2446 715 2517 773; x_wconf 84' lang='lat' dir='ltr'><strong>de</strong></span> <span class='ocrx_word' id='word_1_13' title='bbox 2544 713 2863 774; x_wconf 83' lang='lat' dir='ltr'><strong>uisceribus</strong></span> 
     </span>
     <span class='ocr_line' id='line_1_3' title="bbox 605 814 2863 887; baseline 0.003 -15"><span class='ocrx_word' id='word_1_14' title='bbox 605 814 726 872; x_wconf 88' lang='lat' dir='ltr'><strong>suis</strong></span> <span class='ocrx_word' id='word_1_15' title='bbox 758 814 1142 887; x_wconf 84' lang='lat' dir='ltr'><strong>superioribus</strong></span> <span class='ocrx_word' id='word_1_16' title='bbox 1175 815 1364 874; x_wconf 85' lang='lat' dir='ltr'><strong>nitens</strong></span> <span class='ocrx_word' id='word_1_17' title='bbox 1393 815 1663 875; x_wconf 81' lang='lat' dir='ltr'><strong>hauserat</strong></span> <span class='ocrx_word' id='word_1_18' title='bbox 1690 815 1962 876; x_wconf 85' lang='lat' dir='ltr'><strong>tibiarum</strong></span> <span class='ocrx_word' id='word_1_19' title='bbox 1990 817 2270 878; x_wconf 79' lang='lat' dir='ltr'><strong>foramina</strong></span> <span class='ocrx_word' id='word_1_20' title='bbox 2306 817 2669 877; x_wconf 71' lang='lat' dir='ltr'><strong>modulatur:</strong></span> <span class='ocrx_word' id='word_1_21' title='bbox 2711 835 2863 878; x_wconf 84' lang='lat' dir='ltr'><strong>nuno</strong></span> 
     </span>
     <span class='ocr_line' id='line_1_4' title="bbox 605 917 2859 994; baseline 0.002 -18"><span class='ocrx_word' id='word_1_22' title='bbox 605 917 781 977; x_wconf 78' lang='lat' dir='ltr'><strong>effuso</strong></span> <span class='ocrx_word' id='word_1_23' title='bbox 835 920 894 976; x_wconf 89' lang='lat' dir='ltr'><strong>et</strong></span> <span class='ocrx_word' id='word_1_24' title='bbox 943 935 1096 978; x_wconf 89' lang='lat' dir='ltr'><strong>nunc</strong></span> <span class='ocrx_word' id='word_1_25' title='bbox 1147 917 1302 977; x_wconf 87' lang='lat' dir='ltr'><strong>intus</strong></span> <span class='ocrx_word' id='word_1_26' title='bbox 1351 919 1574 978; x_wconf 86' lang='lat' dir='ltr'><strong>recluso</strong></span> <span class='ocrx_word' id='word_1_27' title='bbox 1626 935 1693 982; x_wconf 87' lang='lat' dir='ltr'><strong>ac</strong></span> <span class='ocrx_word' id='word_1_28' title='bbox 1743 936 2001 994; x_wconf 84' lang='lat' dir='ltr'><strong>represso</strong></span> <span class='ocrx_word' id='word_1_29' title='bbox 2046 939 2196 981; x_wconf 88' lang='lat' dir='ltr'><strong>nunc</strong></span> <span class='ocrx_word' id='word_1_30' title='bbox 2252 921 2425 981; x_wconf 88' lang='lat' dir='ltr'><strong>certis</strong></span> <span class='ocrx_word' id='word_1_31' title='bbox 2480 921 2859 980; x_wconf 72' lang='lat' dir='ltr'><strong>foraminibus</strong></span> 
     </span>
     <span class='ocr_line' id='line_1_5' title="bbox 607 1003 2859 1097; baseline 0 -15"><span class='ocrx_word' id='word_1_32' title='bbox 607 1022 814 1082; x_wconf 84' lang='lat' dir='ltr'><strong>emisso</strong></span> <span class='ocrx_word' id='word_1_33' title='bbox 867 1024 1038 1096; x_wconf 86' lang='lat' dir='ltr'><strong>atque</strong></span> <span class='ocrx_word' id='word_1_34' title='bbox 1085 1022 1144 1081; x_wconf 90' lang='lat' dir='ltr'><strong>in</strong></span> <span class='ocrx_word' id='word_1_35' title='bbox 1195 1038 1383 1082; x_wconf 86' lang='lat' dir='ltr'><strong>aerem</strong></span> <span class='ocrx_word' id='word_1_36' title='bbox 1433 1003 1685 1096; x_wconf 69' lang='lat' dir='ltr'><strong>profus0,</strong></span> <span class='ocrx_word' id='word_1_37' title='bbox 1728 1023 1866 1082; x_wconf 88' lang='lat' dir='ltr'><strong>item</strong></span> <span class='ocrx_word' id='word_1_38' title='bbox 1906 1023 1967 1082; x_wconf 90' lang='lat' dir='ltr'><strong>in</strong></span> <span class='ocrx_word' id='word_1_39' title='bbox 2006 1024 2279 1084; x_wconf 72' lang='lat' dir='ltr'><strong>articulos</strong></span> <span class='ocrx_word' id='word_1_40' title='bbox 2322 1041 2524 1084; x_wconf 86' lang='lat' dir='ltr'><strong>sonum</strong></span> <span class='ocrx_word' id='word_1_41' title='bbox 2565 1023 2859 1097; x_wconf 80' lang='lat' dir='ltr'><strong>frangens,</strong></span> 
     </span>
     <span class='ocr_line' id='line_1_6' title="bbox 604 1124 2907 1201; baseline 0.001 -19"><span class='ocrx_word' id='word_1_42' title='bbox 604 1125 762 1198; x_wconf 85' lang='lat' dir='ltr'><strong>loqui</strong></span> <span class='ocrx_word' id='word_1_43' title='bbox 791 1124 994 1199; x_wconf 77' lang='lat' dir='ltr'>digitis</span> <span class='ocrx_word' id='word_1_44' title='bbox 1025 1125 1300 1198; x_wconf 74' lang='lat' dir='ltr'><strong>elaborat,</strong></span> <span class='ocrx_word' id='word_1_45' title='bbox 1331 1125 1592 1200; x_wconf 77' lang='lat' dir='ltr'><strong>ingratus</strong></span> <span class='ocrx_word' id='word_1_46' title='bbox 1622 1125 1831 1185; x_wconf 86' lang='lat' dir='ltr'><strong>artifici</strong></span> <span class='ocrx_word' id='word_1_47' title='bbox 1860 1127 1959 1200; x_wconf 86' lang='lat' dir='ltr'><strong>qui</strong></span> <span class='ocrx_word' id='word_1_48' title='bbox 1986 1127 2243 1201; x_wconf 89' lang='lat' dir='ltr'><strong>linguam</strong></span> <span class='ocrx_word' id='word_1_49' title='bbox 2274 1127 2448 1186; x_wconf 86' lang='lat' dir='ltr'><strong>dedit.</strong></span> <span class='ocrx_word' id='word_1_50' title='bbox 2495 1126 2633 1200; x_wconf 87' lang='lat' dir='ltr'><strong>quid</strong></span> <span class='ocrx_word' id='word_1_51' title='bbox 2660 1126 2863 1199; x_wconf 85' lang='lat' dir='ltr'><strong>loquar</strong></span> <span class='ocrx_word' id='word_1_52' title='bbox 2879 1147 2907 1184; x_wconf 80' lang='lat' dir='ltr'><strong>s</strong></span> 
     </span>
     <span class='ocr_line' id='line_1_7' title="bbox 607 1227 2862 1304; baseline 0.001 -18"><span class='ocrx_word' id='word_1_53' title='bbox 607 1228 849 1287; x_wconf 86' lang='lat' dir='ltr'><strong>comicas</strong></span> <span class='ocrx_word' id='word_1_54' title='bbox 901 1227 1137 1287; x_wconf 86' lang='lat' dir='ltr'><strong>inutiles</strong></span> <span class='ocrx_word' id='word_1_55' title='bbox 1185 1245 1377 1300; x_wconf 84' lang='lat' dir='ltr'><strong>curas,</strong></span> <span class='ocrx_word' id='word_1_56' title='bbox 1431 1229 1568 1302; x_wconf 85' lang='lat' dir='ltr'><strong>quid</strong></span> <span class='ocrx_word' id='word_1_57' title='bbox 1622 1229 1755 1288; x_wconf 81' lang='lat' dir='ltr'><strong>illas</strong></span> <span class='ocrx_word' id='word_1_58' title='bbox 1796 1245 2033 1302; x_wconf 82' lang='lat' dir='ltr'><strong>magnas</strong></span> <span class='ocrx_word' id='word_1_59' title='bbox 2084 1229 2337 1304; x_wconf 75' lang='lat' dir='ltr'><strong>tragicae</strong></span> <span class='ocrx_word' id='word_1_60' title='bbox 2388 1229 2547 1289; x_wconf 82' lang='lat' dir='ltr'><strong>uocis</strong></span> <span class='ocrx_word' id='word_1_61' title='bbox 2588 1228 2862 1300; x_wconf 77' lang='lat' dir='ltr'><strong>insanias,</strong></span> 
     </span>
     <span class='ocr_line' id='line_1_8' title="bbox 605 1330 2865 1404; baseline 0.001 -16"><span class='ocrx_word' id='word_1_62' title='bbox 605 1330 742 1404; x_wconf 83' lang='lat' dir='ltr'><strong>quid</strong></span> <span class='ocrx_word' id='word_1_63' title='bbox 793 1347 998 1390; x_wconf 88' lang='lat' dir='ltr'><strong>neruos</strong></span> <span class='ocrx_word' id='word_1_64' title='bbox 1059 1349 1187 1391; x_wconf 89' lang='lat' dir='ltr'><strong>cum</strong></span> <span class='ocrx_word' id='word_1_65' title='bbox 1239 1331 1482 1391; x_wconf 86' lang='lat' dir='ltr'><strong>clamore</strong></span> <span class='ocrx_word' id='word_1_66' title='bbox 1535 1332 1907 1391; x_wconf 79' lang='lat' dir='ltr'><strong>commissos?</strong></span> <span class='ocrx_word' id='word_1_67' title='bbox 1974 1333 2117 1392; x_wconf 88' lang='lat' dir='ltr'><strong>haec</strong></span> <span class='ocrx_word' id='word_1_68' title='bbox 2178 1333 2350 1392; x_wconf 87' lang='lat' dir='ltr'><strong>etiam</strong></span> <span class='ocrx_word' id='word_1_69' title='bbox 2400 1332 2453 1392; x_wconf 88' lang='lat' dir='ltr'><strong>si</strong></span> <span class='ocrx_word' id='word_1_70' title='bbox 2504 1351 2617 1392; x_wconf 90' lang='lat' dir='ltr'><strong>non</strong></span> <span class='ocrx_word' id='word_1_71' title='bbox 2668 1334 2865 1391; x_wconf 85' lang='lat' dir='ltr'><strong>essent</strong></span> 
     </span>
     <span class='ocr_line' id='line_1_9' title="bbox 607 1433 2862 1508; baseline 0 -16"><span class='ocrx_word' id='word_1_72' title='bbox 607 1433 924 1493; x_wconf 78' lang='lat' dir='ltr'><strong>simulacris</strong></span> <span class='ocrx_word' id='word_1_73' title='bbox 967 1433 1174 1506; x_wconf 85' lang='lat' dir='ltr'><strong>dicata,</strong></span> <span class='ocrx_word' id='word_1_74' title='bbox 1221 1434 1481 1494; x_wconf 87' lang='lat' dir='ltr'><strong>obeunda</strong></span> <span class='ocrx_word' id='word_1_75' title='bbox 1509 1437 1700 1494; x_wconf 89' lang='lat' dir='ltr'><strong>tamen</strong></span> <span class='ocrx_word' id='word_1_76' title='bbox 1734 1438 1793 1494; x_wconf 88' lang='lat' dir='ltr'><strong>et</strong></span> <span class='ocrx_word' id='word_1_77' title='bbox 1828 1436 2139 1508; x_wconf 84' lang='lat' dir='ltr'><strong>spectanda</strong></span> <span class='ocrx_word' id='word_1_78' title='bbox 2167 1453 2281 1496; x_wconf 91' lang='lat' dir='ltr'><strong>non</strong></span> <span class='ocrx_word' id='word_1_79' title='bbox 2310 1437 2503 1495; x_wconf 85' lang='lat' dir='ltr'><strong>esseut</strong></span> <span class='ocrx_word' id='word_1_80' title='bbox 2530 1433 2862 1495; x_wconf 80' lang='lat' dir='ltr'><strong>christianis</strong></span> 
     </span>
     <span class='ocr_line' id='line_1_10' title="bbox 605 1535 2863 1611; baseline 0.002 -17"><span class='ocrx_word' id='word_1_81' title='bbox 605 1535 897 1596; x_wconf 86' lang='lat' dir='ltr'><strong>fidelibus:</strong></span> <span class='ocrx_word' id='word_1_82' title='bbox 949 1536 1212 1610; x_wconf 89' lang='lat' dir='ltr'><strong>quoniam</strong></span> <span class='ocrx_word' id='word_1_83' title='bbox 1259 1537 1372 1596; x_wconf 90' lang='lat' dir='ltr'><strong>etsi</strong></span> <span class='ocrx_word' id='word_1_84' title='bbox 1400 1555 1513 1597; x_wconf 90' lang='lat' dir='ltr'><strong>non</strong></span> <span class='ocrx_word' id='word_1_85' title='bbox 1543 1537 1831 1597; x_wconf 86' lang='lat' dir='ltr'><strong>habebant</strong></span> <span class='ocrx_word' id='word_1_86' title='bbox 1856 1537 2088 1611; x_wconf 82' lang='lat' dir='ltr'><strong>crimen,</strong></span> <span class='ocrx_word' id='word_1_87' title='bbox 2132 1539 2345 1600; x_wconf 85' lang='lat' dir='ltr'><strong>habent</strong></span> <span class='ocrx_word' id='word_1_88' title='bbox 2374 1539 2437 1598; x_wconf 91' lang='lat' dir='ltr'><strong>in</strong></span> <span class='ocrx_word' id='word_1_89' title='bbox 2466 1555 2529 1598; x_wconf 87' lang='lat' dir='ltr'><strong>se</strong></span> <span class='ocrx_word' id='word_1_90' title='bbox 2558 1538 2863 1598; x_wconf 82' lang='lat' dir='ltr'><strong>maximam</strong></span> 
     </span>
     <span class='ocr_line' id='line_1_11' title="bbox 599 1639 2930 1714; baseline 0.003 -16"><span class='ocrx_word' id='word_1_91' title='bbox 599 1641 658 1698; x_wconf 91' lang='lat' dir='ltr'><strong>et</strong></span> <span class='ocrx_word' id='word_1_92' title='bbox 684 1657 888 1714; x_wconf 86' lang='lat' dir='ltr'><strong>parum</strong></span> <span class='ocrx_word' id='word_1_93' title='bbox 919 1643 1323 1714; x_wconf 78' lang='lat' dir='ltr'><strong>congruentem</strong></span> <span class='ocrx_word' id='word_1_94' title='bbox 1351 1639 1617 1700; x_wconf 85' lang='lat' dir='ltr'><strong>fidelibus</strong></span> <span class='ocrx_word' id='word_1_95' title='bbox 1646 1641 1979 1700; x_wconf 83' lang='lat' dir='ltr'><strong>uanitatem.</strong></span> <span class='ocrx_word' id='word_1_96' title='bbox 2872 1663 2930 1704; x_wconf 80' lang='grc' dir='ltr'><strong>ιο</strong></span> 
     </span>
     <span class='ocr_line' id='line_1_12' title="bbox 557 1743 2853 1816; baseline 0.001 -16"><span class='ocrx_word' id='word_1_97' title='bbox 557 1751 596 1810; x_wconf 84' lang='grc'>8</span> <span class='ocrx_word' id='word_1_98' title='bbox 681 1743 832 1802; x_wconf 85' lang='lat' dir='ltr'><strong>Nam</strong></span> <span class='ocrx_word' id='word_1_99' title='bbox 862 1743 966 1802; x_wconf 89' lang='lat' dir='ltr'><strong>illa</strong></span> <span class='ocrx_word' id='word_1_100' title='bbox 995 1743 1179 1802; x_wconf 84' lang='lat' dir='ltr'><strong>altera</strong></span> <span class='ocrx_word' id='word_1_101' title='bbox 1207 1743 1552 1816; x_wconf 90' lang='lat' dir='ltr'><strong>reliquorum</strong></span> <span class='ocrx_word' id='word_1_102' title='bbox 1583 1743 1867 1804; x_wconf 86' lang='lat' dir='ltr'><strong>dementia</strong></span> <span class='ocrx_word' id='word_1_103' title='bbox 1906 1747 1997 1802; x_wconf 90' lang='lat' dir='ltr'><strong>est</strong></span> <span class='ocrx_word' id='word_1_104' title='bbox 2026 1743 2336 1804; x_wconf 86' lang='lat' dir='ltr'><strong>manifesta</strong></span> <span class='ocrx_word' id='word_1_105' title='bbox 2376 1745 2577 1805; x_wconf 85' lang='lat' dir='ltr'><strong>otiosis</strong></span> <span class='ocrx_word' id='word_1_106' title='bbox 2606 1743 2853 1804; x_wconf 87' lang='lat' dir='ltr'><strong>homini-</strong></span> 
     </span>
     <span class='ocr_line' id='line_1_13' title="bbox 593 1845 2860 1922; baseline -0 -15"><span class='ocrx_word' id='word_1_107' title='bbox 593 1847 700 1907; x_wconf 88' lang='lat' dir='ltr'><strong>bus</strong></span> <span class='ocrx_word' id='word_1_108' title='bbox 751 1846 1096 1922; x_wconf 80' lang='lat' dir='ltr'><strong>negotiatio:</strong></span> <span class='ocrx_word' id='word_1_109' title='bbox 1149 1846 1210 1905; x_wconf 92' lang='lat' dir='ltr'><strong>in</strong></span> <span class='ocrx_word' id='word_1_110' title='bbox 1261 1845 1524 1906; x_wconf 86' lang='lat' dir='ltr'><strong>iniuriam</strong></span> <span class='ocrx_word' id='word_1_111' title='bbox 1581 1863 1744 1906; x_wconf 89' lang='lat' dir='ltr'><strong>suam</strong></span> <span class='ocrx_word' id='word_1_112' title='bbox 1792 1846 2117 1922; x_wconf 79' lang='lat' dir='ltr'><strong>pinguescit</strong></span> <span class='ocrx_word' id='word_1_113' title='bbox 2168 1849 2229 1906; x_wconf 89' lang='lat' dir='ltr'><strong>in</strong></span> <span class='ocrx_word' id='word_1_114' title='bbox 2280 1847 2484 1922; x_wconf 87' lang='lat' dir='ltr'><strong>sagina</strong></span> <span class='ocrx_word' id='word_1_115' title='bbox 2536 1863 2741 1921; x_wconf 87' lang='lat' dir='ltr'><strong>corpus</strong></span> <span class='ocrx_word' id='word_1_116' title='bbox 2791 1849 2860 1907; x_wconf 90' lang='lat' dir='ltr'><strong>ut</strong></span> 
     </span>
     <span class='ocr_line' id='line_1_14' title="bbox 591 1946 2855 2026; baseline 0.002 -18"><span class='ocrx_word' id='word_1_117' title='bbox 591 1950 883 2008; x_wconf 81' lang='lat' dir='ltr'><strong>robustius</strong></span> <span class='ocrx_word' id='word_1_118' title='bbox 924 1951 1024 2007; x_wconf 89' lang='lat' dir='ltr'><strong>aut</strong></span> <span class='ocrx_word' id='word_1_119' title='bbox 1063 1948 1236 2008; x_wconf 85' lang='lat' dir='ltr'><strong>feriat</strong></span> <span class='ocrx_word' id='word_1_120' title='bbox 1275 1951 1376 2008; x_wconf 87' lang='lat' dir='ltr'><strong>aut</strong></span> <span class='ocrx_word' id='word_1_121' title='bbox 1411 1949 1667 2021; x_wconf 85' lang='lat' dir='ltr'><strong>uapulet‚</strong></span> <span class='ocrx_word' id='word_1_122' title='bbox 1711 1951 1773 2008; x_wconf 90' lang='lat' dir='ltr'><strong>et</strong></span> <span class='ocrx_word' id='word_1_123' title='bbox 1810 1950 1994 2024; x_wconf 84' lang='lat' dir='ltr'><strong>prima</strong></span> <span class='ocrx_word' id='word_1_124' title='bbox 2032 1946 2281 2010; x_wconf 84' lang='lat' dir='ltr'><strong>uictoria</strong></span> <span class='ocrx_word' id='word_1_125' title='bbox 2308 1954 2399 2010; x_wconf 86' lang='lat' dir='ltr'><strong>est</strong></span> <span class='ocrx_word' id='word_1_126' title='bbox 2424 1952 2579 2010; x_wconf 86' lang='lat' dir='ltr'><strong>ultra</strong></span> <span class='ocrx_word' id='word_1_127' title='bbox 2607 1953 2855 2026; x_wconf 85' lang='lat' dir='ltr'><strong>modum,</strong></span> 
     </span>
     <span class='ocr_line' id='line_1_15' title="bbox 596 2051 2859 2130; baseline 0.002 -20"><span class='ocrx_word' id='word_1_128' title='bbox 596 2051 828 2110; x_wconf 86' lang='lat' dir='ltr'><strong>humani</strong></span> <span class='ocrx_word' id='word_1_129' title='bbox 857 2051 1078 2111; x_wconf 87' lang='lat' dir='ltr'><strong>uentris</strong></span> <span class='ocrx_word' id='word_1_130' title='bbox 1107 2052 1324 2111; x_wconf 88' lang='lat' dir='ltr'><strong>esurire</strong></span> <span class='ocrx_word' id='word_1_131' title='bbox 1347 2053 1623 2126; x_wconf 85' lang='lat' dir='ltr'><strong>potuisse,</strong></span> <span class='ocrx_word' id='word_1_132' title='bbox 1658 2069 1827 2126; x_wconf 87' lang='lat' dir='ltr'><strong>super</strong></span> <span class='ocrx_word' id='word_1_133' title='bbox 1854 2051 2026 2113; x_wconf 89' lang='lat' dir='ltr'><strong>titulo</strong></span> <span class='ocrx_word' id='word_1_134' title='bbox 2056 2070 2295 2114; x_wconf 86' lang='lat' dir='ltr'><strong>coronae</strong></span> <span class='ocrx_word' id='word_1_135' title='bbox 2328 2055 2517 2114; x_wconf 85' lang='lat' dir='ltr'><strong>edacis</strong></span> <span class='ocrx_word' id='word_1_136' title='bbox 2539 2054 2859 2130; x_wconf 81' lang='lat' dir='ltr'><strong>flagitiosae</strong></span> 
     </span>
     <span class='ocr_line' id='line_1_16' title="bbox 592 2155 2927 2232; baseline 0.003 -20"><span class='ocrx_word' id='word_1_137' title='bbox 592 2155 907 2213; x_wconf 85' lang='lat' dir='ltr'><strong>nundinae:</strong></span> <span class='ocrx_word' id='word_1_138' title='bbox 953 2155 1164 2214; x_wconf 85' lang='lat' dir='ltr'><strong>ictibus</strong></span> <span class='ocrx_word' id='word_1_139' title='bbox 1193 2155 1391 2214; x_wconf 76' lang='lat' dir='ltr'><strong>infelix</strong></span> <span class='ocrx_word' id='word_1_140' title='bbox 1420 2155 1598 2215; x_wconf 83' lang='lat' dir='ltr'><strong>facies</strong></span> <span class='ocrx_word' id='word_1_141' title='bbox 1628 2156 1869 2228; x_wconf 88' lang='lat' dir='ltr'><strong>locatur,</strong></span> <span class='ocrx_word' id='word_1_142' title='bbox 1900 2159 1964 2215; x_wconf 88' lang='lat' dir='ltr'><strong>ut</strong></span> <span class='ocrx_word' id='word_1_143' title='bbox 1994 2157 2279 2217; x_wconf 79' lang='lat' dir='ltr'><strong>infelicior</strong></span> <span class='ocrx_word' id='word_1_144' title='bbox 2306 2161 2507 2218; x_wconf 88' lang='lat' dir='ltr'><strong>uenter</strong></span> <span class='ocrx_word' id='word_1_145' title='bbox 2536 2158 2852 2232; x_wconf 79' lang='lat' dir='ltr'><strong>saginetur.</strong></span> <span class='ocrx_word' id='word_1_146' title='bbox 2874 2181 2927 2220; x_wconf 75' lang='lat'><strong>1⁵</strong></span> 
     </span>
     <span class='ocr_line' id='line_1_17' title="bbox 597 2257 2855 2332; baseline 0.002 -16"><span class='ocrx_word' id='word_1_147' title='bbox 597 2273 767 2329; x_wconf 87' lang='lat' dir='ltr'><strong>quam</strong></span> <span class='ocrx_word' id='word_1_148' title='bbox 817 2257 987 2316; x_wconf 82' lang='lat' dir='ltr'><strong>foeda</strong></span> <span class='ocrx_word' id='word_1_149' title='bbox 1037 2259 1330 2330; x_wconf 85' lang='lat' dir='ltr'><strong>praeterea</strong></span> <span class='ocrx_word' id='word_1_150' title='bbox 1380 2257 1507 2332; x_wconf 86' lang='lat' dir='ltr'><strong>ipsa</strong></span> <span class='ocrx_word' id='word_1_151' title='bbox 1558 2258 1870 2317; x_wconf 87' lang='lat' dir='ltr'><strong>luctamina</strong></span> <span class='ocrx_word' id='word_1_152' title='bbox 1884 2305 1898 2331; x_wconf 92' lang='lat'>‚</span> <span class='ocrx_word' id='word_1_153' title='bbox 1950 2259 2043 2318; x_wconf 89' lang='lat' dir='ltr'><strong>uir</strong></span> <span class='ocrx_word' id='word_1_154' title='bbox 2082 2260 2235 2319; x_wconf 85' lang='lat' dir='ltr'><strong>infra</strong></span> <span class='ocrx_word' id='word_1_155' title='bbox 2273 2260 2459 2319; x_wconf 89' lang='lat' dir='ltr'><strong>uirum</strong></span> <span class='ocrx_word' id='word_1_156' title='bbox 2500 2260 2691 2320; x_wconf 71' lang='lat' dir='ltr'><strong>iacem</strong></span> <span class='ocrx_word' id='word_1_157' title='bbox 2732 2278 2855 2320; x_wconf 89' lang='lat' dir='ltr'><strong>am-</strong></span> 
     </span>
     <span class='ocr_line' id='line_1_18' title="bbox 595 2344 2835 2434; baseline 0.004 -16"><span class='ocrx_word' id='word_1_158' title='bbox 595 2359 861 2433; x_wconf 82' lang='lat' dir='ltr'><strong>plexibus</strong></span> <span class='ocrx_word' id='word_1_159' title='bbox 893 2344 1212 2419; x_wconf 77' lang='lat' dir='ltr'><strong>inhonestis</strong></span> <span class='ocrx_word' id='word_1_160' title='bbox 1240 2362 1298 2420; x_wconf 88' lang='lat' dir='ltr'><strong>et</strong></span> <span class='ocrx_word' id='word_1_161' title='bbox 1328 2359 1566 2420; x_wconf 83' lang='lat' dir='ltr'><strong>nexibus</strong></span> <span class='ocrx_word' id='word_1_162' title='bbox 1595 2361 1938 2434; x_wconf 85' lang='lat' dir='ltr'><strong>implicatur.</strong></span> <span class='ocrx_word' id='word_1_163' title='bbox 1986 2361 2047 2420; x_wconf 91' lang='lat' dir='ltr'><strong>in</strong></span> <span class='ocrx_word' id='word_1_164' title='bbox 2076 2361 2186 2421; x_wconf 84' lang='lat' dir='ltr'><strong>tali</strong></span> <span class='ocrx_word' id='word_1_165' title='bbox 2214 2363 2523 2423; x_wconf 87' lang='lat' dir='ltr'><strong>certamine</strong></span> <span class='ocrx_word' id='word_1_166' title='bbox 2566 2367 2721 2424; x_wconf 84' lang='lat' dir='ltr'><strong>stare</strong></span> <span class='ocrx_word' id='word_1_167' title='bbox 2748 2395 2781 2428; x_wconf 56' lang='grc' dir='ltr'><strong>ι</strong></span> <span class='ocrx_word' id='word_1_168' title='bbox 2802 2392 2835 2428; x_wconf 63' lang='grc' dir='ltr'><strong>ει</strong></span> 
     </span>
     <span class='ocr_line' id='line_1_19' title="bbox 599 2463 2855 2539; baseline 0.003 -17"><span class='ocrx_word' id='word_1_169' title='bbox 599 2463 812 2522; x_wconf 85' lang='lat' dir='ltr'><strong>uiderit</strong></span> <span class='ocrx_word' id='word_1_170' title='bbox 839 2463 971 2536; x_wconf 88' lang='lat' dir='ltr'><strong>quis</strong></span> <span class='ocrx_word' id='word_1_171' title='bbox 1001 2463 1214 2535; x_wconf 76' lang='lat' dir='ltr'><strong>uincet,</strong></span> <span class='ocrx_word' id='word_1_172' title='bbox 1245 2465 1426 2536; x_wconf 86' lang='lat' dir='ltr'><strong>pudor</strong></span> <span class='ocrx_word' id='word_1_173' title='bbox 1453 2463 1645 2523; x_wconf 86' lang='lat' dir='ltr'><strong>uictus</strong></span> <span class='ocrx_word' id='word_1_174' title='bbox 1674 2465 1779 2524; x_wconf 87' lang='lat' dir='ltr'><strong>est.</strong></span> <span class='ocrx_word' id='word_1_175' title='bbox 1827 2481 1953 2524; x_wconf 87' lang='lat' dir='ltr'><strong>ecce</strong></span> <span class='ocrx_word' id='word_1_176' title='bbox 1984 2465 2093 2524; x_wconf 89' lang='lat' dir='ltr'><strong>tibi</strong></span> <span class='ocrx_word' id='word_1_177' title='bbox 2123 2466 2275 2525; x_wconf 87' lang='lat' dir='ltr'><strong>alter</strong></span> <span class='ocrx_word' id='word_1_178' title='bbox 2303 2466 2489 2526; x_wconf 86' lang='lat' dir='ltr'><strong>nudus</strong></span> <span class='ocrx_word' id='word_1_179' title='bbox 2520 2466 2673 2539; x_wconf 86' lang='lat' dir='ltr'><strong>salit,</strong></span> <span class='ocrx_word' id='word_1_180' title='bbox 2704 2467 2855 2528; x_wconf 85' lang='lat' dir='ltr'><strong>alter</strong></span> 
     </span>
     <span class='ocr_line' id='line_1_20' title="bbox 596 2567 2856 2645; baseline 0.002 -18"><span class='ocrx_word' id='word_1_181' title='bbox 596 2567 788 2627; x_wconf 90' lang='lat' dir='ltr'><strong>orbem</strong></span> <span class='ocrx_word' id='word_1_182' title='bbox 839 2582 1077 2626; x_wconf 88' lang='lat' dir='ltr'><strong>aeneum</strong></span> <span class='ocrx_word' id='word_1_183' title='bbox 1120 2567 1415 2627; x_wconf 76' lang='lat' dir='ltr'><strong>‚contentis</strong></span> <span class='ocrx_word' id='word_1_184' title='bbox 1459 2567 1519 2625; x_wconf 90' lang='lat' dir='ltr'><strong>in</strong></span> <span class='ocrx_word' id='word_1_185' title='bbox 1577 2584 1765 2627; x_wconf 82' lang='lat' dir='ltr'><strong>aerem</strong></span> <span class='ocrx_word' id='word_1_186' title='bbox 1808 2567 2029 2628; x_wconf 88' lang='lat' dir='ltr'><strong>uiribus</strong></span> <span class='ocrx_word' id='word_1_187' title='bbox 2073 2568 2269 2629; x_wconf 77' lang='lat' dir='ltr'><strong>iactat.</strong></span> <span class='ocrx_word' id='word_1_188' title='bbox 2336 2570 2478 2629; x_wconf 83' lang='lat' dir='ltr'><strong>baec</strong></span> <span class='ocrx_word' id='word_1_189' title='bbox 2530 2569 2715 2645; x_wconf 85' lang='lat' dir='ltr'><strong>gloria</strong></span> <span class='ocrx_word' id='word_1_190' title='bbox 2764 2573 2856 2631; x_wconf 88' lang='lat' dir='ltr'><strong>est</strong></span> 
     </span>
    </p>
   </div>
   <div class='ocr_carea' id='block_1_3' title="bbox 579 2898 2889 4535">
    <p class='ocr_par' dir='ltr' id='par_1_3' title="bbox 579 2898 2889 4535">
     <span class='ocr_line' id='line_1_21' title="bbox 731 2898 2787 2986; baseline 0.001 -17"><span class='ocrx_word' id='word_1_191' title='bbox 731 2914 762 2969; x_wconf 90' lang='lat'>1</span> <span class='ocrx_word' id='word_1_192' title='bbox 790 2913 856 2967; x_wconf 85' lang='lat' dir='ltr'><strong>de</strong></span> <span class='ocrx_word' id='word_1_193' title='bbox 891 2898 1058 2983; x_wconf 67' lang='lat' dir='ltr'><strong>spuZ</strong></span> <span class='ocrx_word' id='word_1_194' title='bbox 1161 2913 1196 2967; x_wconf 83' lang='lat'>2</span> <span class='ocrx_word' id='word_1_195' title='bbox 1221 2912 1332 2966; x_wconf 76' lang='lat' dir='ltr'><strong>suis</strong></span> <span class='ocrx_word' id='word_1_196' title='bbox 1369 2930 1468 2967; x_wconf 89' lang='lat' dir='ltr'><strong>om.</strong></span> <span class='ocrx_word' id='word_1_197' title='bbox 1495 2914 1545 2967; x_wconf 91' lang='lat' dir='ltr'><em>Z</em></span> <span class='ocrx_word' id='word_1_198' title='bbox 1648 2914 1933 2983; x_wconf 83' lang='lat' dir='ltr'><strong>superioris</strong></span> <span class='ocrx_word' id='word_1_199' title='bbox 1957 2931 2046 2983; x_wconf 77' lang='grc' dir='ltr'><strong>νμ,</strong></span> <span class='ocrx_word' id='word_1_200' title='bbox 2082 2915 2139 2968; x_wconf 91' lang='lat' dir='ltr'><strong>in</strong></span> <span class='ocrx_word' id='word_1_201' title='bbox 2179 2916 2447 2985; x_wconf 85' lang='lat' dir='ltr'><strong>superiora</strong></span> <span class='ocrx_word' id='word_1_202' title='bbox 2481 2916 2712 2986; x_wconf 86' lang='lat' dir='ltr'><strong>corporis</strong></span> <span class='ocrx_word' id='word_1_203' title='bbox 2738 2918 2787 2971; x_wconf 92' lang='lat' dir='ltr'><strong><em>Z</em></strong></span> 
     </span>
     <span class='ocr_line' id='line_1_22' title="bbox 591 2998 2842 3071; baseline 0.002 -17"><span class='ocrx_word' id='word_1_204' title='bbox 591 2998 944 3055; x_wconf 82' lang='lat' dir='ltr'><strong>foraminibus</strong></span> <span class='ocrx_word' id='word_1_205' title='bbox 970 3000 1052 3054; x_wconf 85' lang='lat' dir='ltr'><strong>Zv</strong></span> <span class='ocrx_word' id='word_1_206' title='bbox 1277 2998 1585 3054; x_wconf 82' lang='lat' dir='ltr'><strong>modulante</strong></span> <span class='ocrx_word' id='word_1_207' title='bbox 1611 3002 1667 3053; x_wconf 89' lang='lat' dir='ltr'><strong>et</strong></span> <span class='ocrx_word' id='word_1_208' title='bbox 1691 3016 1737 3067; x_wconf 82' lang='lat' dir='ltr'><strong>r,</strong></span> <span class='ocrx_word' id='word_1_209' title='bbox 1772 2999 2110 3054; x_wconf 82' lang='lat' dir='ltr'><strong>modulanter</strong></span> <span class='ocrx_word' id='word_1_210' title='bbox 2134 3020 2172 3071; x_wconf 82' lang='grc' dir='ltr'>μ</span> <span class='ocrx_word' id='word_1_211' title='bbox 2196 3018 2225 3054; x_wconf 87' lang='grc'><strong>1·</strong></span> <span class='ocrx_word' id='word_1_212' title='bbox 2246 3016 2287 3055; x_wconf 79' lang='lat' dir='ltr'><strong>s.</strong></span> <span class='ocrx_word' id='word_1_213' title='bbox 2312 3002 2348 3055; x_wconf 79' lang='grc' dir='ltr'><strong>ἶ.</strong></span> <span class='ocrx_word' id='word_1_214' title='bbox 2577 3020 2719 3057; x_wconf 86' lang='lat' dir='ltr'><strong>nunc</strong></span> <span class='ocrx_word' id='word_1_215' title='bbox 2752 3018 2842 3058; x_wconf 75' lang='lat' dir='ltr'><strong>om</strong></span> 
     </span>
     <span class='ocr_line' id='line_1_23' title="bbox 591 3087 2852 3158; baseline 0.002 -17"><span class='ocrx_word' id='word_1_216' title='bbox 591 3088 682 3155; x_wconf 75' lang='grc' dir='ltr'><strong>Ζμ,</strong></span> <span class='ocrx_word' id='word_1_217' title='bbox 889 3088 924 3141; x_wconf 86' lang='grc'><strong>3</strong></span> <span class='ocrx_word' id='word_1_218' title='bbox 959 3087 1164 3142; x_wconf 87' lang='lat' dir='ltr'><strong>incluso</strong></span> <span class='ocrx_word' id='word_1_219' title='bbox 1203 3088 1265 3151; x_wconf 91' lang='lat' dir='ltr'><strong>Z,</strong></span> <span class='ocrx_word' id='word_1_220' title='bbox 1304 3088 1514 3141; x_wconf 89' lang='lat' dir='ltr'><strong>occluso</strong></span> <span class='ocrx_word' id='word_1_221' title='bbox 1549 3103 1582 3141; x_wconf 81' lang='lat' dir='ltr'><strong><em>v</em></strong></span> <span class='ocrx_word' id='word_1_222' title='bbox 1720 3103 1783 3141; x_wconf 86' lang='lat' dir='ltr'><strong>ac</strong></span> <span class='ocrx_word' id='word_1_223' title='bbox 1816 3102 2052 3156; x_wconf 85' lang='lat' dir='ltr'><strong>represso</strong></span> <span class='ocrx_word' id='word_1_224' title='bbox 2089 3104 2229 3142; x_wconf 89' lang='lat' dir='ltr'><strong>nunc</strong></span> <span class='ocrx_word' id='word_1_225' title='bbox 2262 3104 2352 3158; x_wconf 73' lang='grc' dir='ltr'><strong>νμ,</strong></span> <span class='ocrx_word' id='word_1_226' title='bbox 2388 3092 2551 3158; x_wconf 88' lang='lat' dir='ltr'><strong>atque</strong></span> <span class='ocrx_word' id='word_1_227' title='bbox 2585 3091 2645 3144; x_wconf 91' lang='lat' dir='ltr'><strong>in</strong></span> <span class='ocrx_word' id='word_1_228' title='bbox 2680 3107 2852 3145; x_wconf 87' lang='lat' dir='ltr'><strong>aerem</strong></span> 
     </span>
     <span class='ocr_line' id='line_1_24' title="bbox 587 3172 2851 3245; baseline 0.003 -20"><span class='ocrx_word' id='word_1_229' title='bbox 587 3188 684 3242; x_wconf 87' lang='lat' dir='ltr'><strong>pro</strong></span> <span class='ocrx_word' id='word_1_230' title='bbox 719 3173 802 3227; x_wconf 85' lang='grc' dir='ltr'><strong>Ζυ</strong></span> <span class='ocrx_word' id='word_1_231' title='bbox 977 3174 1155 3242; x_wconf 84' lang='lat' dir='ltr'><strong>certis]</strong></span> <span class='ocrx_word' id='word_1_232' title='bbox 1192 3172 1354 3227; x_wconf 87' lang='lat' dir='ltr'><strong>tortis</strong></span> <span class='ocrx_word' id='word_1_233' title='bbox 1387 3188 1419 3226; x_wconf 81' lang='lat' dir='ltr'><strong>r</strong></span> <span class='ocrx_word' id='word_1_234' title='bbox 1599 3174 1921 3227; x_wconf 84' lang='lat' dir='ltr'><strong>foraminum</strong></span> <span class='ocrx_word' id='word_1_235' title='bbox 1958 3174 2225 3229; x_wconf 85' lang='lat' dir='ltr'><strong>meatibus</strong></span> <span class='ocrx_word' id='word_1_236' title='bbox 2261 3174 2347 3231; x_wconf 82' lang='lat' dir='ltr'><strong>Zv</strong></span> <span class='ocrx_word' id='word_1_237' title='bbox 2526 3176 2563 3230; x_wconf 85' lang='lat'>4</span> <span class='ocrx_word' id='word_1_238' title='bbox 2596 3178 2759 3245; x_wconf 81' lang='lat' dir='ltr'><strong>atque</strong></span> <span class='ocrx_word' id='word_1_239' title='bbox 2792 3177 2851 3231; x_wconf 91' lang='lat' dir='ltr'><strong>in</strong></span> 
     </span>
     <span class='ocr_line' id='line_1_25' title="bbox 587 3257 2725 3331; baseline 0.002 -19"><span class='ocrx_word' id='word_1_240' title='bbox 587 3274 762 3312; x_wconf 84' lang='lat' dir='ltr'><strong>aerem</strong></span> <span class='ocrx_word' id='word_1_241' title='bbox 796 3257 1010 3328; x_wconf 86' lang='lat' dir='ltr'><strong>profuso</strong></span> <span class='ocrx_word' id='word_1_242' title='bbox 1045 3260 1176 3313; x_wconf 85' lang='lat' dir='ltr'><strong>item</strong></span> <span class='ocrx_word' id='word_1_243' title='bbox 1210 3274 1301 3328; x_wconf 70' lang='grc' dir='ltr'><strong>νμ,</strong></span> <span class='ocrx_word' id='word_1_244' title='bbox 1337 3276 1478 3313; x_wconf 88' lang='lat' dir='ltr'><strong>nunc</strong></span> <span class='ocrx_word' id='word_1_245' title='bbox 1513 3259 1570 3314; x_wconf 90' lang='lat' dir='ltr'><strong>in</strong></span> <span class='ocrx_word' id='word_1_246' title='bbox 1607 3258 1691 3314; x_wconf 90' lang='lat' dir='ltr'><strong>Zv</strong></span> <span class='ocrx_word' id='word_1_247' title='bbox 1895 3260 2125 3315; x_wconf 83' lang='lat' dir='ltr'><strong>articulo</strong></span> <span class='ocrx_word' id='word_1_248' title='bbox 2161 3260 2251 3329; x_wconf 86' lang='grc' dir='ltr'><strong>Ζμ</strong></span> <span class='ocrx_word' id='word_1_249' title='bbox 2460 3276 2619 3316; x_wconf 86' lang='lat' dir='ltr'><strong>sonus</strong></span> <span class='ocrx_word' id='word_1_250' title='bbox 2651 3277 2725 3331; x_wconf 70' lang='grc' dir='ltr'><strong>νμ</strong></span> 
     </span>
     <span class='ocr_line' id='line_1_26' title="bbox 589 3345 2850 3417; baseline 0.002 -19"><span class='ocrx_word' id='word_1_251' title='bbox 589 3345 624 3398; x_wconf 88' lang='grc'><strong>6</strong></span> <span class='ocrx_word' id='word_1_252' title='bbox 656 3346 884 3399; x_wconf 86' lang='lat' dir='ltr'><strong>comicas</strong></span> <span class='ocrx_word' id='word_1_253' title='bbox 919 3348 976 3399; x_wconf 85' lang='lat' dir='ltr'><strong>et</strong></span> <span class='ocrx_word' id='word_1_254' title='bbox 1008 3360 1056 3411; x_wconf 83' lang='lat' dir='ltr'><strong>v,</strong></span> <span class='ocrx_word' id='word_1_255' title='bbox 1091 3345 1156 3399; x_wconf 82' lang='lat' dir='ltr'><strong>de</strong></span> <span class='ocrx_word' id='word_1_256' title='bbox 1193 3345 1410 3400; x_wconf 86' lang='lat' dir='ltr'><strong>comicis</strong></span> <span class='ocrx_word' id='word_1_257' title='bbox 1445 3347 1497 3400; x_wconf 88' lang='lat' dir='ltr'><strong><em>Z</em></strong></span> <span class='ocrx_word' id='word_1_258' title='bbox 1658 3347 1859 3401; x_wconf 87' lang='lat' dir='ltr'><strong>traicae</strong></span> <span class='ocrx_word' id='word_1_259' title='bbox 1890 3362 1966 3414; x_wconf 68' lang='grc' dir='ltr'><strong>νμ,</strong></span> <span class='ocrx_word' id='word_1_260' title='bbox 2130 3348 2161 3400; x_wconf 81' lang='grc'>7</span> <span class='ocrx_word' id='word_1_261' title='bbox 2200 3346 2393 3401; x_wconf 86' lang='lat' dir='ltr'><strong>missos</strong></span> <span class='ocrx_word' id='word_1_262' title='bbox 2426 3362 2499 3417; x_wconf 72' lang='grc' dir='ltr'><strong>νμ</strong></span> <span class='ocrx_word' id='word_1_263' title='bbox 2657 3348 2693 3402; x_wconf 89' lang='grc'>8</span> <span class='ocrx_word' id='word_1_264' title='bbox 2730 3350 2850 3405; x_wconf 87' lang='lat' dir='ltr'><strong>sim.</strong></span> 
     </span>
     <span class='ocr_line' id='line_1_27' title="bbox 589 3419 2889 3504; baseline 0.002 -20"><span class='ocrx_word' id='word_1_265' title='bbox 589 3430 787 3501; x_wconf 83' lang='lat' dir='ltr'><strong>dicata]</strong></span> <span class='ocrx_word' id='word_1_266' title='bbox 823 3432 1158 3486; x_wconf 86' lang='lat' dir='ltr'><strong>simulatoris</strong></span> <span class='ocrx_word' id='word_1_267' title='bbox 1192 3419 1292 3486; x_wconf 63' lang='lat' dir='ltr'><strong>do&#39;a</strong></span> <span class='ocrx_word' id='word_1_268' title='bbox 1325 3434 1380 3487; x_wconf 90' lang='grc' dir='ltr'><em>Ζ</em></span> <span class='ocrx_word' id='word_1_269' title='bbox 1574 3432 1813 3487; x_wconf 82' lang='lat' dir='ltr'><strong>obeunda</strong></span> <span class='ocrx_word' id='word_1_270' title='bbox 1845 3449 1934 3504; x_wconf 68' lang='lat' dir='ltr'><strong>m,</strong></span> <span class='ocrx_word' id='word_1_271' title='bbox 1971 3432 2211 3487; x_wconf 78' lang='lat' dir='ltr'><strong>adeunda</strong></span> <span class='ocrx_word' id='word_1_272' title='bbox 2248 3434 2333 3489; x_wconf 83' lang='lat' dir='ltr'><strong>Zv</strong></span> <span class='ocrx_word' id='word_1_273' title='bbox 2536 3434 2571 3489; x_wconf 85' lang='lat'>9</span> <span class='ocrx_word' id='word_1_274' title='bbox 2604 3434 2853 3489; x_wconf 83' lang='lat' dir='ltr'><strong>fidelibus</strong></span> <span class='ocrx_word' id='word_1_275' title='bbox 2873 3422 2889 3435; x_wconf 72' lang='grc'><em>’</em></span> 
     </span>
     <span class='ocr_line' id='line_1_28' title="bbox 593 3517 2849 3591; baseline 0.002 -19"><span class='ocrx_word' id='word_1_276' title='bbox 593 3534 700 3573; x_wconf 88' lang='lat' dir='ltr'><strong>non</strong></span> <span class='ocrx_word' id='word_1_277' title='bbox 728 3521 884 3572; x_wconf 88' lang='lat' dir='ltr'><strong>erant</strong></span> <span class='ocrx_word' id='word_1_278' title='bbox 909 3519 958 3571; x_wconf 91' lang='lat' dir='ltr'><strong><em>Z</em></strong></span> <span class='ocrx_word' id='word_1_279' title='bbox 1095 3517 1356 3572; x_wconf 88' lang='lat' dir='ltr'><strong>haberent</strong></span> <span class='ocrx_word' id='word_1_280' title='bbox 1377 3534 1410 3571; x_wconf 85' lang='lat' dir='ltr'><strong><em>v</em></strong></span> <span class='ocrx_word' id='word_1_281' title='bbox 1546 3520 1602 3572; x_wconf 87' lang='lat' dir='ltr'><strong>et</strong></span> <span class='ocrx_word' id='word_1_282' title='bbox 1625 3519 1909 3573; x_wconf 85' lang='lat' dir='ltr'><strong>maximam</strong></span> <span class='ocrx_word' id='word_1_283' title='bbox 1933 3535 2034 3589; x_wconf 68' lang='grc' dir='ltr'><strong>νμς</strong></span> <span class='ocrx_word' id='word_1_284' title='bbox 2067 3520 2198 3586; x_wconf 81' lang='lat' dir='ltr'><strong>fort.</strong></span> <span class='ocrx_word' id='word_1_285' title='bbox 2224 3520 2311 3573; x_wconf 89' lang='lat' dir='ltr'><strong>uel</strong></span> <span class='ocrx_word' id='word_1_286' title='bbox 2333 3536 2405 3575; x_wconf 89' lang='lat' dir='ltr'><strong>m.</strong></span> <span class='ocrx_word' id='word_1_287' title='bbox 2542 3522 2610 3575; x_wconf 90' lang='grc'><strong>10</strong></span> <span class='ocrx_word' id='word_1_288' title='bbox 2640 3523 2849 3591; x_wconf 86' lang='lat' dir='ltr'><strong>parum]</strong></span> 
     </span>
     <span class='ocr_line' id='line_1_29' title="bbox 587 3606 2849 3676; baseline 0.003 -17"><span class='ocrx_word' id='word_1_289' title='bbox 587 3620 696 3659; x_wconf 90' lang='lat' dir='ltr'><strong>non</strong></span> <span class='ocrx_word' id='word_1_290' title='bbox 731 3621 952 3674; x_wconf 86' lang='lat' dir='ltr'><strong>paruam</strong></span> <span class='ocrx_word' id='word_1_291' title='bbox 988 3606 1039 3659; x_wconf 90' lang='lat' dir='ltr'><em>Z</em></span> <span class='ocrx_word' id='word_1_292' title='bbox 1228 3608 1671 3674; x_wconf 86' lang='lat' dir='ltr'><strong>incongruentem</strong></span> <span class='ocrx_word' id='word_1_293' title='bbox 1706 3608 1761 3661; x_wconf 89' lang='lat' dir='ltr'><strong><em>Z</em></strong></span> <span class='ocrx_word' id='word_1_294' title='bbox 1951 3608 2015 3661; x_wconf 90' lang='grc'><strong>11</strong></span> <span class='ocrx_word' id='word_1_295' title='bbox 2050 3606 2147 3661; x_wconf 88' lang='lat' dir='ltr'><strong>ille</strong></span> <span class='ocrx_word' id='word_1_296' title='bbox 2180 3622 2213 3661; x_wconf 80' lang='lat' dir='ltr'><strong>r</strong></span> <span class='ocrx_word' id='word_1_297' title='bbox 2382 3608 2709 3676; x_wconf 80' lang='lat' dir='ltr'><strong>reliquorum</strong></span> <span class='ocrx_word' id='word_1_298' title='bbox 2745 3626 2849 3666; x_wconf 68' lang='lat' dir='ltr'><strong>out.</strong></span> 
     </span>
     <span class='ocr_line' id='line_1_30' title="bbox 585 3691 2851 3764; baseline 0.002 -19"><span class='ocrx_word' id='word_1_299' title='bbox 585 3707 657 3761; x_wconf 71' lang='grc' dir='ltr'><strong>νμ</strong></span> <span class='ocrx_word' id='word_1_300' title='bbox 779 3722 788 3732; x_wconf 85' lang='lat'><strong>·</strong></span> <span class='ocrx_word' id='word_1_301' title='bbox 873 3691 1163 3746; x_wconf 80' lang='lat' dir='ltr'><strong>manifesta</strong></span> <span class='ocrx_word' id='word_1_302' title='bbox 1197 3691 1466 3746; x_wconf 82' lang='lat' dir='ltr'><strong>dementia</strong></span> <span class='ocrx_word' id='word_1_303' title='bbox 1498 3694 1582 3747; x_wconf 85' lang='lat' dir='ltr'><strong>est</strong></span> <span class='ocrx_word' id='word_1_304' title='bbox 1617 3692 1673 3745; x_wconf 92' lang='lat' dir='ltr'><em>Z</em></span> <span class='ocrx_word' id='word_1_305' title='bbox 1885 3693 1953 3746; x_wconf 81' lang='lat'><strong>12</strong></span> <span class='ocrx_word' id='word_1_306' title='bbox 1988 3693 2285 3763; x_wconf 83' lang='lat' dir='ltr'><strong>negotiatio</strong></span> <span class='ocrx_word' id='word_1_307' title='bbox 2322 3695 2407 3747; x_wconf 85' lang='lat' dir='ltr'><strong>est</strong></span> <span class='ocrx_word' id='word_1_308' title='bbox 2440 3695 2504 3760; x_wconf 88' lang='lat' dir='ltr'><strong>Z,</strong></span> <span class='ocrx_word' id='word_1_309' title='bbox 2551 3695 2851 3764; x_wconf 84' lang='lat' dir='ltr'><strong>negotiatio</strong></span> 
     </span>
     <span class='ocr_line' id='line_1_31' title="bbox 583 3778 2850 3847; baseline 0.001 -14"><span class='ocrx_word' id='word_1_310' title='bbox 583 3793 680 3833; x_wconf 83' lang='lat' dir='ltr'><strong>sua</strong></span> <span class='ocrx_word' id='word_1_311' title='bbox 713 3781 778 3831; x_wconf 89' lang='lat' dir='ltr'><strong>ut</strong></span> <span class='ocrx_word' id='word_1_312' title='bbox 811 3778 1032 3846; x_wconf 81' lang='lat' dir='ltr'><strong>uapulet</strong></span> <span class='ocrx_word' id='word_1_313' title='bbox 1056 3798 1111 3847; x_wconf 84' lang='grc' dir='ltr'><strong>μ,</strong></span> <span class='ocrx_word' id='word_1_314' title='bbox 1145 3778 1368 3847; x_wconf 85' lang='lat' dir='ltr'><strong>negotia</strong></span> <span class='ocrx_word' id='word_1_315' title='bbox 1403 3793 1500 3832; x_wconf 88' lang='lat' dir='ltr'><strong>sua</strong></span> <span class='ocrx_word' id='word_1_316' title='bbox 1533 3780 1598 3832; x_wconf 92' lang='lat' dir='ltr'><strong>ut</strong></span> <span class='ocrx_word' id='word_1_317' title='bbox 1631 3794 1693 3831; x_wconf 88' lang='lat' dir='ltr'><strong>ra</strong></span> <span class='ocrx_word' id='word_1_318' title='bbox 1726 3794 1759 3832; x_wconf 81' lang='lat' dir='ltr'><strong>r</strong></span> <span class='ocrx_word' id='word_1_319' title='bbox 1786 3784 1913 3846; x_wconf 74' lang='lat' dir='ltr'><strong>post</strong></span> <span class='ocrx_word' id='word_1_320' title='bbox 1928 3828 1933 3833; x_wconf 82' lang='grc'><em>.</em></span> <span class='ocrx_word' id='word_1_321' title='bbox 1948 3794 2009 3832; x_wconf 86' lang='lat' dir='ltr'><strong>ra</strong></span> <span class='ocrx_word' id='word_1_322' title='bbox 2042 3779 2244 3833; x_wconf 74' lang='lat' dir='ltr'><strong>lacuna</strong></span> <span class='ocrx_word' id='word_1_323' title='bbox 2268 3782 2303 3833; x_wconf 91' lang='lat'><strong><em>5</em></strong></span> <span class='ocrx_word' id='word_1_324' title='bbox 2325 3780 2427 3835; x_wconf 80' lang='lat' dir='ltr'><strong>litt.</strong></span> <span class='ocrx_word' id='word_1_325' title='bbox 2617 3781 2675 3835; x_wconf 89' lang='lat' dir='ltr'><strong>in</strong></span> <span class='ocrx_word' id='word_1_326' title='bbox 2710 3781 2850 3835; x_wconf 83' lang='lat' dir='ltr'><strong>inin-</strong></span> 
     </span>
     <span class='ocr_line' id='line_1_32' title="bbox 582 3863 2789 3933; baseline 0.002 -16"><span class='ocrx_word' id='word_1_327' title='bbox 582 3863 720 3918; x_wconf 88' lang='lat' dir='ltr'><strong>riam</strong></span> <span class='ocrx_word' id='word_1_328' title='bbox 749 3904 762 3917; x_wconf 90' lang='lat'><strong>.</strong></span> <span class='ocrx_word' id='word_1_329' title='bbox 793 3904 806 3917; x_wconf 96' lang='lat'><strong>.</strong></span> <span class='ocrx_word' id='word_1_330' title='bbox 841 3906 852 3921; x_wconf 92' lang='lat'><strong>.</strong></span> <span class='ocrx_word' id='word_1_331' title='bbox 879 3865 1103 3933; x_wconf 85' lang='lat' dir='ltr'><strong>uapulet</strong></span> <span class='ocrx_word' id='word_1_332' title='bbox 1136 3880 1237 3918; x_wconf 84' lang='lat' dir='ltr'><strong>om.</strong></span> <span class='ocrx_word' id='word_1_333' title='bbox 1260 3879 1367 3933; x_wconf 73' lang='grc' dir='ltr'><strong>νμυ</strong></span> <span class='ocrx_word' id='word_1_334' title='bbox 1504 3864 1572 3918; x_wconf 83' lang='grc'><strong>13</strong></span> <span class='ocrx_word' id='word_1_335' title='bbox 1594 3866 1659 3918; x_wconf 88' lang='lat' dir='ltr'><strong>ut</strong></span> <span class='ocrx_word' id='word_1_336' title='bbox 1682 3864 1831 3917; x_wconf 81' lang='lat' dir='ltr'><strong>ultra</strong></span> <span class='ocrx_word' id='word_1_337' title='bbox 1854 3864 1939 3919; x_wconf 82' lang='lat' dir='ltr'><strong>Zv</strong></span> <span class='ocrx_word' id='word_1_338' title='bbox 2076 3864 2145 3919; x_wconf 82' lang='lat'><strong>14</strong></span> <span class='ocrx_word' id='word_1_339' title='bbox 2166 3864 2461 3919; x_wconf 85' lang='lat' dir='ltr'><strong>humanum</strong></span> <span class='ocrx_word' id='word_1_340' title='bbox 2492 3868 2681 3921; x_wconf 80' lang='lat' dir='ltr'><strong>uenter</strong></span> <span class='ocrx_word' id='word_1_341' title='bbox 2700 3868 2789 3923; x_wconf 82' lang='lat' dir='ltr'><strong>Zv</strong></span> 
     </span>
     <span class='ocr_line' id='line_1_33' title="bbox 585 3948 2848 4021; baseline 0.001 -17"><span class='ocrx_word' id='word_1_342' title='bbox 585 3951 852 4021; x_wconf 84' lang='lat' dir='ltr'><strong>potuisset</strong></span> <span class='ocrx_word' id='word_1_343' title='bbox 886 3951 970 4005; x_wconf 86' lang='grc' dir='ltr'><strong>Ζυ</strong></span> <span class='ocrx_word' id='word_1_344' title='bbox 1169 3950 1344 4020; x_wconf 86' lang='lat' dir='ltr'><strong>super]</strong></span> <span class='ocrx_word' id='word_1_345' title='bbox 1379 3949 1479 4003; x_wconf 83' lang='lat' dir='ltr'><strong>sub</strong></span> <span class='ocrx_word' id='word_1_346' title='bbox 1515 3950 1568 4003; x_wconf 87' lang='lat' dir='ltr'><strong><em>Z</em></strong></span> <span class='ocrx_word' id='word_1_347' title='bbox 1767 3965 1989 4004; x_wconf 82' lang='lat' dir='ltr'><strong>coronae</strong></span> <span class='ocrx_word' id='word_1_348' title='bbox 2024 3948 2199 4005; x_wconf 81' lang='lat' dir='ltr'><strong>edacis</strong></span> <span class='ocrx_word' id='word_1_349' title='bbox 2233 3967 2321 4020; x_wconf 67' lang='grc' dir='ltr'><strong>νμ,</strong></span> <span class='ocrx_word' id='word_1_350' title='bbox 2362 3954 2643 4007; x_wconf 77' lang='lat' dir='ltr'><strong>coronatae</strong></span> <span class='ocrx_word' id='word_1_351' title='bbox 2678 3952 2848 4007; x_wconf 85' lang='lat' dir='ltr'><strong>edaci-</strong></span> 
     </span>
     <span class='ocr_line' id='line_1_34' title="bbox 579 4018 2849 4117; baseline 0.002 -28"><span class='ocrx_word' id='word_1_352' title='bbox 579 4036 716 4090; x_wconf 78' lang='lat' dir='ltr'><strong>tatis</strong></span> <span class='ocrx_word' id='word_1_353' title='bbox 751 4036 835 4090; x_wconf 72' lang='lat'><strong>20</strong></span> <span class='ocrx_word' id='word_1_354' title='bbox 953 4018 1042 4090; x_wconf 79' lang='lat'><strong>&#39;15</strong></span> <span class='ocrx_word' id='word_1_355' title='bbox 1075 4036 1295 4107; x_wconf 77' lang='lat' dir='ltr'><strong>ictibus]</strong></span> <span class='ocrx_word' id='word_1_356' title='bbox 1332 4035 1532 4089; x_wconf 74' lang='lat' dir='ltr'><strong>ictibus</strong></span> <span class='ocrx_word' id='word_1_357' title='bbox 1575 4035 1857 4090; x_wconf 79' lang='lat' dir='ltr'><strong>uulnerum</strong></span> <span class='ocrx_word' id='word_1_358' title='bbox 1893 4037 1979 4091; x_wconf 74' lang='grc' dir='ltr'><strong>Ζυ</strong></span> <span class='ocrx_word' id='word_1_359' title='bbox 2116 4037 2371 4105; x_wconf 79' lang='lat' dir='ltr'><strong>loquatur</strong></span> <span class='ocrx_word' id='word_1_360' title='bbox 2406 4038 2459 4091; x_wconf 85' lang='lat' dir='ltr'><em>Z</em></span> <span class='ocrx_word' id='word_1_361' title='bbox 2609 4038 2677 4092; x_wconf 85' lang='lat'><strong>16</strong></span> <span class='ocrx_word' id='word_1_362' title='bbox 2714 4038 2849 4117; x_wconf 71' lang='lat' dir='ltr'><strong>ipsa]</strong></span> 
     </span>
     <span class='ocr_line' id='line_1_35' title="bbox 582 4121 2785 4193; baseline 0 -17"><span class='ocrx_word' id='word_1_363' title='bbox 582 4123 692 4177; x_wconf 82' lang='lat' dir='ltr'><strong>ista</strong></span> <span class='ocrx_word' id='word_1_364' title='bbox 724 4137 757 4176; x_wconf 85' lang='lat' dir='ltr'><strong><em>v</em></strong></span> <span class='ocrx_word' id='word_1_365' title='bbox 937 4121 1136 4177; x_wconf 88' lang='lat' dir='ltr'><strong>uirium</strong></span> <span class='ocrx_word' id='word_1_366' title='bbox 1171 4142 1212 4192; x_wconf 78' lang='grc' dir='ltr'>μ</span> <span class='ocrx_word' id='word_1_367' title='bbox 1385 4124 1440 4175; x_wconf 84' lang='lat' dir='ltr'><strong>ct</strong></span> <span class='ocrx_word' id='word_1_368' title='bbox 1475 4123 1747 4191; x_wconf 84' lang='lat' dir='ltr'><strong>amplexus</strong></span> <span class='ocrx_word' id='word_1_369' title='bbox 1783 4142 1839 4191; x_wconf 81' lang='grc' dir='ltr'><strong>μ,</strong></span> <span class='ocrx_word' id='word_1_370' title='bbox 1884 4123 2156 4191; x_wconf 84' lang='lat' dir='ltr'><strong>amplexus</strong></span> <span class='ocrx_word' id='word_1_371' title='bbox 2188 4140 2220 4176; x_wconf 85' lang='lat' dir='ltr'><strong>r</strong></span> <span class='ocrx_word' id='word_1_372' title='bbox 2404 4123 2469 4177; x_wconf 78' lang='lat'><strong>17</strong></span> <span class='ocrx_word' id='word_1_373' title='bbox 2507 4126 2562 4177; x_wconf 82' lang='lat' dir='ltr'><strong>et</strong></span> <span class='ocrx_word' id='word_1_374' title='bbox 2586 4140 2687 4179; x_wconf 82' lang='lat' dir='ltr'><strong>om.</strong></span> <span class='ocrx_word' id='word_1_375' title='bbox 2713 4139 2785 4193; x_wconf 71' lang='grc' dir='ltr'><strong>νμ</strong></span> 
     </span>
     <span class='ocr_line' id='line_1_36' title="bbox 583 4207 2855 4279; baseline 0.002 -18"><span class='ocrx_word' id='word_1_376' title='bbox 583 4211 726 4263; x_wconf 84' lang='lat' dir='ltr'><strong>stare</strong></span> <span class='ocrx_word' id='word_1_377' title='bbox 749 4208 950 4262; x_wconf 83' lang='lat' dir='ltr'><strong>uideris</strong></span> <span class='ocrx_word' id='word_1_378' title='bbox 986 4210 1106 4277; x_wconf 88' lang='lat' dir='ltr'><strong>quis</strong></span> <span class='ocrx_word' id='word_1_379' title='bbox 1139 4224 1229 4279; x_wconf 69' lang='grc' dir='ltr'><strong>νμ,</strong></span> <span class='ocrx_word' id='word_1_380' title='bbox 1265 4207 1466 4262; x_wconf 82' lang='lat' dir='ltr'><strong>uiderit</strong></span> <span class='ocrx_word' id='word_1_381' title='bbox 1499 4208 1588 4263; x_wconf 87' lang='lat' dir='ltr'><strong>nel</strong></span> <span class='ocrx_word' id='word_1_382' title='bbox 1614 4208 1695 4262; x_wconf 84' lang='lat' dir='ltr'><strong>Zv</strong></span> <span class='ocrx_word' id='word_1_383' title='bbox 1706 4229 1725 4276; x_wconf 89' lang='lat'><strong>,·</strong></span> <span class='ocrx_word' id='word_1_384' title='bbox 1751 4214 1881 4277; x_wconf 80' lang='lat' dir='ltr'><strong>post</strong></span> <span class='ocrx_word' id='word_1_385' title='bbox 1917 4212 2061 4262; x_wconf 85' lang='lat' dir='ltr'><strong>stare</strong></span> <span class='ocrx_word' id='word_1_386' title='bbox 2084 4210 2311 4263; x_wconf 72' lang='lat' dir='ltr'><strong>uidetur</strong></span> <span class='ocrx_word' id='word_1_387' title='bbox 2332 4211 2416 4263; x_wconf 85' lang='lat' dir='ltr'><strong>est</strong></span> <span class='ocrx_word' id='word_1_388' title='bbox 2438 4210 2607 4265; x_wconf 83' lang='lat' dir='ltr'><strong>iacere</strong></span> <span class='ocrx_word' id='word_1_389' title='bbox 2628 4210 2719 4263; x_wconf 78' lang='lat' dir='ltr'><strong>uel</strong></span> <span class='ocrx_word' id='word_1_390' title='bbox 2742 4210 2855 4265; x_wconf 74' lang='lat' dir='ltr'><strong>tale</strong></span> 
     </span>
     <span class='ocr_line' id='line_1_37' title="bbox 585 4294 2851 4365; baseline 0 -16"><span class='ocrx_word' id='word_1_391' title='bbox 585 4296 721 4363; x_wconf 74' lang='lat' dir='ltr'><strong>quid</strong></span> <span class='ocrx_word' id='word_1_392' title='bbox 753 4294 1096 4349; x_wconf 63' lang='lat' dir='ltr'><strong>intercidisse</strong></span> <span class='ocrx_word' id='word_1_393' title='bbox 1243 4294 1310 4349; x_wconf 90' lang='lat'><strong>18</strong></span> <span class='ocrx_word' id='word_1_394' title='bbox 1343 4295 1545 4364; x_wconf 86' lang='lat' dir='ltr'><strong>uincat]</strong></span> <span class='ocrx_word' id='word_1_395' title='bbox 1581 4294 1713 4349; x_wconf 78' lang='lat' dir='ltr'><strong>add.</strong></span> <span class='ocrx_word' id='word_1_396' title='bbox 1748 4296 1825 4349; x_wconf 89' lang='lat' dir='ltr'><strong>Z:</strong></span> <span class='ocrx_word' id='word_1_397' title='bbox 1862 4295 1982 4363; x_wconf 87' lang='lat' dir='ltr'><strong>quis</strong></span> <span class='ocrx_word' id='word_1_398' title='bbox 2016 4295 2211 4349; x_wconf 84' lang='lat' dir='ltr'><strong>uicerit</strong></span> <span class='ocrx_word' id='word_1_399' title='bbox 2348 4294 2537 4365; x_wconf 85' lang='lat' dir='ltr'><strong>pudor]</strong></span> <span class='ocrx_word' id='word_1_400' title='bbox 2572 4296 2703 4351; x_wconf 76' lang='lat' dir='ltr'><strong>add.</strong></span> <span class='ocrx_word' id='word_1_401' title='bbox 2740 4296 2851 4352; x_wconf 71' lang='lat' dir='ltr'><strong>Ze:</strong></span> 
     </span>
     <span class='ocr_line' id='line_1_38' title="bbox 583 4381 2853 4449; baseline 0.001 -14"><span class='ocrx_word' id='word_1_402' title='bbox 583 4383 764 4435; x_wconf 74' lang='lat' dir='ltr'><strong>tamen</strong></span> <span class='ocrx_word' id='word_1_403' title='bbox 990 4382 1206 4435; x_wconf 85' lang='lat' dir='ltr'><strong>uinctus</strong></span> <span class='ocrx_word' id='word_1_404' title='bbox 1241 4400 1281 4449; x_wconf 85' lang='grc' dir='ltr'>μ</span> <span class='ocrx_word' id='word_1_405' title='bbox 1507 4381 1575 4435; x_wconf 83' lang='grc'><strong>19</strong></span> <span class='ocrx_word' id='word_1_406' title='bbox 1614 4396 1827 4435; x_wconf 85' lang='lat' dir='ltr'><strong>aereum</strong></span> <span class='ocrx_word' id='word_1_407' title='bbox 1862 4381 1947 4435; x_wconf 83' lang='lat' dir='ltr'><strong>Zv</strong></span> <span class='ocrx_word' id='word_1_408' title='bbox 2170 4381 2494 4448; x_wconf 84' lang='lat' dir='ltr'><strong>comptentis</strong></span> <span class='ocrx_word' id='word_1_409' title='bbox 2530 4401 2588 4449; x_wconf 79' lang='grc' dir='ltr'><strong>μ,</strong></span> <span class='ocrx_word' id='word_1_410' title='bbox 2622 4382 2853 4437; x_wconf 78' lang='lat' dir='ltr'><strong>extensis</strong></span> 
     </span>
     <span class='ocr_line' id='line_1_39' title="bbox 588 4464 2673 4535; baseline 0 -14"><span class='ocrx_word' id='word_1_411' title='bbox 588 4468 726 4521; x_wconf 74' lang='lat' dir='ltr'><strong>coni.</strong></span> <span class='ocrx_word' id='word_1_412' title='bbox 762 4466 1047 4521; x_wconf 76' lang='lat' dir='ltr'><strong>Pamelius</strong></span> <span class='ocrx_word' id='word_1_413' title='bbox 1251 4466 1438 4535; x_wconf 82' lang='lat' dir='ltr'><strong>iactat]</strong></span> <span class='ocrx_word' id='word_1_414' title='bbox 1473 4465 1609 4520; x_wconf 81' lang='lat' dir='ltr'><strong>iacit</strong></span> <span class='ocrx_word' id='word_1_415' title='bbox 1641 4468 1696 4521; x_wconf 91' lang='lat' dir='ltr'><strong><em>Z</em></strong></span> <span class='ocrx_word' id='word_1_416' title='bbox 1896 4482 2003 4521; x_wconf 89' lang='lat' dir='ltr'><strong>non</strong></span> <span class='ocrx_word' id='word_1_417' title='bbox 2038 4466 2123 4521; x_wconf 84' lang='lat' dir='ltr'><strong>est</strong></span> <span class='ocrx_word' id='word_1_418' title='bbox 2156 4464 2249 4519; x_wconf 81' lang='lat' dir='ltr'><strong>sed</strong></span> <span class='ocrx_word' id='word_1_419' title='bbox 2286 4466 2550 4521; x_wconf 82' lang='lat' dir='ltr'><strong>dementia</strong></span> <span class='ocrx_word' id='word_1_420' title='bbox 2584 4467 2673 4523; x_wconf 80' lang='lat' dir='ltr'><strong>Zv</strong></span> 
     </span>
    </p>
   </div>
  </div>
 </body>
</html>
