3217 5150
637 518 765 585 246
1579 514 1947 585 Appendix.

639 694 794 735 mum
824 676 876 736 si
907 678 1134 754 saepius
1165 676 1434 748 inuadat,
1468 692 1534 735 ac
1559 674 1799 735 subinde
1828 675 2139 735 maioribus
2168 675 2451 737 machinis
2492 674 2897 749 aggrediatur:

637 782 789 841 nihil
819 782 1010 856 potest
1039 782 1315 841 aduersus
1367 796 1494 840 eum
1525 780 1625 855 qui
1656 784 1844 839 tecum
1874 784 1982 841 est.
2031 779 2123 838 dic
2164 778 2313 839 illud
2354 778 2623 839 Ioannis:
2668 780 2807 838 mai
2824 795 2899 838 or

642 890 758 945 est
803 886 924 959 qui
970 885 1044 943 in
1091 884 1300 944 nobis
1345 886 1494 955 est,
1552 900 1761 957 quam
1806 884 1926 957 qui
1970 884 2041 943 in
2086 884 2235 944 isto
2278 884 2555 943 mundo.
2604 883 2901 941 succurrat

641 989 786 1049 illud
813 988 1043 1049 Domini
1085 986 1332 1048 dictum:
1379 986 1752 1046 confidite
1797 987 2135 1061 quoniam
2180 1002 2307 1061 ego
2354 985 2501 1045 uici
2546 985 2898 1045 mundum.

644 1092 738 1151 his
769 1091 1120 1151 orationibus
1165 1090 1216 1149 si
1247 1089 1464 1149 Christi
1493 1090 1659 1149 miles
1701 1088 1877 1149 fuerit
1920 1090 2266 1154 exercitatus
2311 1089 2385 1149 ad
2432 1088 2757 1148 conflictum
2773 1133 2789 1161 ,
2838 1087 2901 1145 in
2920 1106 2945 1145 ε

645 1194 770 1255 dies
797 1194 1106 1267 comperiet
1133 1210 1298 1253 suum
1327 1192 1757 1267 antagonistam
1788 1192 2136 1253 debiliorem.

541 1306 621 1365 39
729 1297 850 1357 Nec
901 1299 1092 1357 tamen
1119 1297 1495 1357 remittendae
1523 1300 1661 1355 sunt
1690 1295 1977 1370 excubiae,
2034 1296 2088 1355 si
2116 1295 2342 1370 quando
2386 1296 2573 1355 hostis
2602 1293 2901 1353 simulabit

641 1399 1136 1475 tranquillitatem,
1171 1400 1274 1460 sed
1304 1400 1615 1460 obser-nans
1642 1399 1805 1459 illius
1834 1399 2073 1459 insidias
2105 1399 2257 1461 dicat
2286 1415 2413 1458 cum
2442 1400 2609 1458 beato
2632 1398 2896 1457 Abacuc:

643 1521 860 1578 super
924 1501 1335 1565 custodiam
1402 1519 1623 1563 meam
1668 1504 1881 1563 stabo
1938 1505 2010 1563 et
2052 1501 2359 1577 gradum
2403 1501 2633 1576 figam
2678 1516 2897 1574 super

639 1611 919 1680 petram
935 1652 950 1679 ,
1012 1606 1164 1667 omni
1222 1606 1484 1667 custodia
1511 1624 1749 1667 seruans
1792 1623 1887 1667 cor
1922 1623 2140 1679 meum,
2200 1622 2271 1665 ne
2322 1622 2437 1680 qua
2478 1607 2675 1681 pateat
2704 1603 2895 1663 aditus
2920 1620 2973 1659 ιο

641 1711 1031 1773 obambulanti
1078 1710 1486 1785 quaerentique
1545 1728 1713 1783 quem
1766 1711 2019 1770 deuoret.
2075 1708 2431 1769 tutissimum
2473 1710 2671 1767 autem
2710 1705 2899 1767 cordis

640 1814 1050 1874 munimentum
1080 1816 1168 1873 est
1181 1804 1478 1873 'sobrietas
1503 1831 1631 1872 cum
1661 1814 1905 1872 instanti
1934 1813 2191 1873 oratione
2214 1812 2447 1886 iugique
2480 1810 2897 1884 scripturarum

641 1917 1028 1978 meditatione.
1088 1917 1321 1977 omnis
1386 1917 1570 1977 enim
1640 1917 2021 1991 scriptura
2083 1916 2457 1976 diuinitus
2478 1914 2895 1989 .inspirata,

641 2019 866 2079 utilis
911 2022 1026 2080 est
1068 2020 1154 2079 ad
1198 2020 1621 2113 docendum,
1682 2020 1767 2079 ad
1811 2021 2287 2095 arguendum,
2344 2019 2438 2080 ad
2482 2018 2893 2091 corripien-

635 2124 832 2195 dum,
879 2124 963 2184 ad
1007 2122 1484 2183 erudiendum
1529 2123 1601 2182 in
1645 2124 1987 2197 iustitia,
2034 2127 2112 2183 ut
2142 2124 2523 2199 perfectus
2554 2122 2657 2183 sit
2684 2122 2893 2181 homo
2916 2140 2965 2181 ιε

639 2226 802 2299 Dei,
848 2227 932 2285 ad
975 2242 1174 2287 omne
1220 2244 1396 2301 opus
1443 2226 1701 2287 bonum
1743 2227 2189 2287 instructus.
2250 2243 2318 2286 ex
2362 2227 2471 2286 hac
2516 2225 2702 2303 igitur
2730 2225 2895 2286 colli-

640 2329 858 2404 gendae
889 2332 1026 2389 sunt
1051 2330 1390 2402 sententiae,
1424 2347 1567 2405 quas
1597 2332 1671 2390 ad
1702 2348 1931 2391 manum
1962 2334 2020 2390 et
2049 2332 2213 2394 uelut
2242 2331 2303 2391 in
2332 2332 2627 2405 procinctu
2656 2331 2896 2404 habeas,

641 2437 706 2493 ut
735 2434 828 2493 his
855 2434 1116 2508 protinus
1147 2436 1466 2508 serpentem
1518 2436 1693 2509 caput
1720 2434 2036 2509 erigentem
2079 2434 2331 2495 deiicias.
2388 2434 2579 2495 nullus
2610 2436 2701 2495 est
2744 2434 2895 2495 euim

643 2538 960 2600 animorum
988 2539 1239 2610 morbus,
1285 2538 1376 2598 cui
1405 2555 1518 2598 non
1559 2555 1829 2615 praesens
1860 2537 2167 2600 remedium
2213 2537 2411 2599 diuina
2438 2538 2725 2613 scriptura
2754 2556 2893 2613 sup·

641 2643 942 2720 peditaret.
975 2642 1112 2704 hinc
1132 2642 1512 2718 comparanda
1535 2645 1673 2702 sunt
1694 2643 1953 2718 exempla
1974 2641 2195 2716 piorum
2212 2643 2314 2703 sed
2336 2642 2636 2717 praecipue
2661 2641 2897 2714 Christi,
2918 2661 2971 2703 ιο

643 2747 852 2822 quibus
881 2763 942 2806 se
966 2747 1206 2821 quisque
1251 2746 1344 2806 uel
1373 2745 1590 2806 animet
1617 2745 1711 2806 uel
1734 2746 2075 2807 consoletur.

545 2847 632 2906 40
733 2848 916 2908 Venio
943 2864 1095 2908 nunc
1139 2849 1212 2909 ad
1263 2848 1368 2908 illa
1417 2848 1572 2908 mala
1625 2865 1769 2922 quae
1812 2849 1905 2908 uel
1935 2847 2119 2922 ipsam
2146 2851 2410 2908 naturam
2428 2850 2687 2910 hominis
2717 2851 2899 2911 comi-

643 2954 839 3012 tantur
869 2952 964 3012 uel
993 2951 1234 3012 fortuito
1261 2951 1531 3012 uidentur
1560 2951 1779 3020 inferri.
1824 2953 1965 3012 haec
2016 2969 2238 3028 quoque
2284 2953 2417 3028 pius
2472 2953 2698 3013 animus
2740 2956 2799 3013 et
2826 2955 2901 3013 ad

641 3056 1013 3130 pugnandum
1030 3054 1348 3116 instructus
1377 3054 1489 3114 sibi
1509 3057 1700 3116 uertet
1716 3055 1776 3115 in
1798 3055 2098 3116 materiam
2122 3073 2378 3118 coronae.
2410 3057 2663 3132 exemplo
2686 3056 2897 3116 faciam

603 3157 607 3162 ’
643 3160 792 3232 quod
837 3157 960 3217 dico
1009 3157 1240 3218 clarius.
1302 3159 1586 3219 excutitur
1638 3158 1849 3234 aliquis
1888 3158 2259 3219 facultatibus
2286 3161 2409 3219 suis
2440 3160 2561 3219 siue
2592 3159 2743 3220 bello
2776 3161 2899 3220 siue
2918 3174 2970 3215 ss

641 3261 942 3337 naufragio
972 3259 1094 3320 siue
1142 3261 1362 3335 rapina.
1417 3279 1490 3323 ne
1517 3262 1777 3337 protinus
1807 3261 1901 3321 hic
1930 3263 2145 3336 cogitet
2194 3263 2456 3337 laqueum
2488 3265 2590 3323 aut
2618 3264 2899 3324 rationem

641 3365 810 3426 malis
839 3365 1062 3426 artibus
1091 3359 1378 3426 sarciendi
1400 3365 1552 3440 quod
1581 3366 1774 3439 periit,
1806 3365 1909 3425 sed
1937 3366 2023 3424 ita
2052 3383 2241 3426 secum
2263 3365 2561 3440 loquatur:
2600 3357 2900 3426 ‘Dominus

643 3473 730 3530 est
761 3471 860 3546 qui
881 3471 1070 3530 tentat
1095 3487 1186 3531 me
1215 3486 1292 3528 an
1319 3468 1558 3544 diligam
1587 3469 1775 3544 ipsum
1806 3487 1874 3530 ex
1904 3471 2025 3530 toto
2056 3469 2237 3530 corde.
2272 3469 2429 3543 ipse
2475 3469 2710 3542 dedit,
2742 3470 2901 3544 ipse

521 3596 526 3609 ·
643 3572 988 3646 abstulit,
1036 3573 1136 3632 sit
1175 3588 1426 3632 nomen
1469 3571 1758 3632 Domini
1804 3572 2285 3632 benedictum.
2332 3573 2553 3646 gratias
2584 3574 2721 3646 agat
2750 3573 2901 3648 quod

643 3677 928 3752 acceperit
957 3695 1026 3738 ex
1053 3675 1288 3736 Domini
1309 3675 1699 3751 benignitate:
1752 3681 1889 3752 agat
1917 3676 2138 3752 gratias
2183 3676 2333 3750 quod
2362 3675 2620 3736 amiserit
2648 3677 2723 3736 ad
2766 3693 2896 3750 pro·
2918 3690 2970 3730 30

643 3782 929 3841 bationem
953 3781 1104 3840 fidei.
1123 3842 1136 3858 ,
1166 3780 1218 3840 si
1243 3781 1388 3840 haec
1417 3778 1649 3840 dixerit·
1668 3795 1735 3842 eo
1776 3781 1963 3840 animo
2007 3797 2118 3856 quo
2150 3779 2295 3840 dixit
2325 3783 2557 3840 sanctus
2580 3780 2681 3840 Iob
2696 3823 2713 3852 ‚
2775 3797 2901 3838 cum

643 3884 746 3945 illo
773 3887 1090 3945 mercedem
1119 3883 1382 3958 accipiet.
1432 3882 1707 3943 Dominus
1760 3883 2029 3944 aestimat
2071 3901 2185 3945 non
2215 3885 2493 3957 quantum
2536 3883 2671 3958 quis
2698 3883 2901 3958 perdat

645 3989 746 4047 sed
777 4003 944 4061 quam
973 3989 1259 4062 patienter
1273 4032 1289 4061 ,
1334 3987 1807 4062 quemadmodum
1836 4005 1950 4048 non
1978 3987 2213 4063 respicit
2241 3989 2519 4064 quantum
2540 3985 2751 4062 aliquis
2780 3985 2898 4046 lar·

651 4090 845 4165 giatur
874 4093 1176 4166 egentibus
1207 4093 1310 4152 sed
1339 4108 1450 4165 quo
1481 4091 1689 4152 animo.
1721 4091 1897 4152 habet
1926 4091 2137 4167 aliquis
2166 4091 2347 4152 filium
2392 4091 2557 4152 unice
2588 4107 2801 4162 carum,
2834 4105 2899 4150 eo

781 4363 816 4416 2
851 4361 929 4418 Io.
964 4363 1016 4428 4,
1050 4363 1104 4416 4.
1275 4361 1312 4414 4
1346 4360 1424 4414 Io.
1463 4362 1544 4427 16,
1583 4362 1668 4416 33.
1842 4361 1875 4415 9
1912 4361 2010 4416 Ab.
2048 4361 2097 4426 2,
2137 4362 2183 4416 1.
2360 4361 2429 4415 13
2464 4361 2519 4415 11
2555 4359 2694 4416 Tim.
2732 4359 2782 4426 3,
2820 4361 2901 4414 16.

641 4447 713 4504 28
749 4447 845 4502 Iob
883 4450 931 4512 1,
966 4449 1052 4505 21.
