3217 5150
1328 555 1660 612 Carmina.
2481 556 2611 624 323
2669 549 2675 554 ’

735 718 857 777 Aut
885 719 1049 792 rapto
1078 717 1381 791 grassatus
1412 717 1536 774 erat
1566 715 1670 775 aut
1697 714 1897 775 fraude
1925 713 2170 788 clientiS,

739 821 799 880 Si
830 821 959 895 quis
988 821 1235 879 humano
1264 835 1399 878 suas
1428 817 1756 878 maculabat
1785 819 2062 892 sauguine
2092 818 2310 893 palmas

741 924 945 998 Adque
972 924 1260 984 latebrosa
1284 922 1563 982 miscebat
1590 925 1772 981 morte
1799 939 2037 996 uenena,

568 1027 697 1088 350
740 1028 900 1086 Tunc
928 1025 1135 1100 siquis
1162 1043 1340 1085 uacuo
1368 1024 1594 1084 celabat
1623 1027 1847 1099 pectore
1877 1025 2036 1085 furta

736 1131 857 1189 Aut
886 1130 1061 1190 alieni
1088 1129 1231 1188 mali
1257 1129 1414 1188 lucro
1444 1128 1732 1203 gaudebat
1759 1128 1974 1203 iniquo,

734 1235 985 1294 Admisit
1014 1217 1351 1308 quicumque
1379 1232 1543 1292 nefas
1576 1232 1963 1308 quodcumque
1993 1232 2272 1293 malorum
2286 1278 2299 1292 .

737 1337 910 1398 Altus
940 1339 1108 1397 ardor
1136 1354 1232 1396 eos
1264 1336 1389 1412 igni
1420 1335 1713 1410 torquebit
1741 1337 1980 1408 amaro,'

737 1441 1199 1516 Suppliciumque
1228 1441 1447 1500 dabunt
1474 1439 1710 1499 uiuente
1740 1439 1938 1499 funere
1967 1439 2176 1512 cuncti,

566 1545 690 1605 355
738 1544 830 1603 Sic
858 1544 1153 1603 hominum
1181 1543 1362 1604 totam
1390 1543 1709 1602 maerentes
1731 1540 1774 1619 †
1798 1559 2028 1603 seruare
2057 1544 2300 1603 turbam.

821 1648 981 1706 Haec
1010 1648 1148 1707 adeo
1178 1645 1363 1705 sancti
1388 1647 1657 1720 quotiens
1687 1647 1936 1706 cecinere
1965 1647 2300 1722 prophetae,

735 1752 955 1825 Spiritu
982 1767 1150 1824 saepe
1179 1751 1287 1808 Dei
1314 1749 1517 1809 moniti
1546 1749 1738 1810 dixere
1767 1750 2000 1809 futura?

742 1853 940 1930 [Nemo
970 1870 1103 1913 suas
1132 1837 1451 1932 (miserum)
1481 1869 1644 1912 nemo
1675 1854 1820 1913 eheu
1849 1853 2111 1926 praebuit
2141 1852 2344 1930 aures]

740 1959 833 2032 Sic
860 1958 1015 2017 Deus
1042 1957 1395 2031 omnipotens
1426 1957 1611 2017 uoluit
1641 1974 1747 2016 sua
1775 1959 2026 2031 praemia
2052 1957 2210 2016 nosci

568 2061 695 2121 360
737 2060 941 2136 Adque
969 2061 1155 2120 minas
1182 2061 1403 2134 positae
1434 2089 1535 2123 *ιιι*
1564 2061 1838 2134 per2talia
1864 2059 2033 2135 legis,

734 2162 1253 2242 mittendo—plures·
1270 2163 1540 2224 caelestia
1570 2165 1747 2224 uerba
1775 2164 2102 2224 clamantes.

736 2267 995 2342 Denique
1024 2266 1183 2326 iussu
1212 2267 1320 2324 Dei
1348 2267 1616 2341 conpegit
1645 2283 1775 2326 ossa
1801 2267 2112 2340 prophetes

734 2371 810 2429 Et
839 2369 1060 2444 stupuit
1089 2371 1242 2429 mota
1272 2369 1460 2429 subito
1490 2387 1604 2430 non
1633 2370 1834 2443 sponte
1863 2370 2143 2444 sepulcra,

737 2473 1033 2533 cineribus
1063 2475 1220 2532 creta
1237 2475 1273 2546 †
1292 2473 1541 2532 iacuisse
1570 2483 1808 2547 corpora
1833 2452 2044 2546 pass'is,

568 2574 691 2635 365
737 2578 977 2649 Surgere
1006 2578 1146 2636 tunc
1174 2576 1339 2636 uiuos
1370 2577 1559 2636 anima
1586 2576 1850 2636 ueniente
1879 2577 2120 2635 miratus

738 2679 813 2737 Et
845 2697 971 2739 cum
1000 2696 1137 2739 uoce
1170 2696 1275 2739 sua
1302 2681 1377 2740 ad
1403 2680 1625 2739 caelum
1653 2680 1885 2739 tendere
1915 2680 2153 2753 palmas:

738 2782 1175 2858 [Gratanturque
1205 2783 1321 2842 Deo
1351 2786 1411 2842 et
1440 2782 1646 2843 uictori
1674 2781 1818 2842 talia
1847 2782 2112 2860 Christo]

738 2884 837 2943 Illi
866 2884 1095 2959 quidem
1124 2886 1375 2945 tumulos
1404 2887 1682 2959 repetiere
1709 2884 1946 2945 silentes

737 2988 1121 3063 Seruandique
1150 2989 1257 3048 Dei
1288 2988 1402 3049 diei
1433 3006 1650 3049 cessere
1680 2988 1901 3047 futuro:

570 3092 695 3151 370
737 3090 1038 3167 Paulisper
1067 3092 1238 3151 iussit
1265 3091 1500 3153 retineri
1531 3092 1816 3153 cubilibus
1845 3092 1993 3164 imis,

737 3195 929 3255 Donec
957 3196 1057 3254 ille
1089 3196 1207 3255 dies
1239 3197 1499 3270 conpleto
1532 3198 1783 3270 tempore
1811 3213 2064 3273 maguus,

498 3531 599 3587 347
635 3536 899 3587 crassatus
933 3534 993 3587 D
1182 3534 1333 3588 frude
1375 3535 1473 3590 W¹
1663 3534 1766 3589 350
1799 3551 1970 3590 uacuo
2005 3535 2298 3595 scelerabat
2328 3535 2403 3601 D,
2439 3550 2606 3590 uacuo

365 3619 639 3690 gelerabat
680 3620 769 3685 W,
807 3636 901 3674 suo
936 3636 1030 3674 uos
1066 3620 1274 3675 celabat
1312 3621 1363 3673 Τ
1528 3624 1745 3689 pectora
1782 3622 1861 3677 Tv
2030 3621 2179 3675 furta
2211 3622 2423 3689 scripsi,
2460 3621 2608 3676 furto

362 3706 584 3761 DTWv
736 3706 840 3760 353
875 3723 963 3759 eos
996 3708 1207 3776 scripsi,
1246 3723 1305 3761 eo
1339 3708 1453 3761 DT
1461 3708 1546 3771 W,
1580 3724 1702 3760 eum
1737 3724 1770 3763 v
1929 3707 2270 3775 torquaeuita
2305 3723 2455 3761 maro
2493 3707 2544 3762 T

362 3792 465 3846 354
498 3792 705 3845 uiuenti
740 3792 924 3845 funera
956 3793 1048 3847 Dv
1202 3794 1361 3847 cincti
1405 3793 1474 3846 Τι
1632 3793 1735 3847 355
1767 3793 2006 3847 omnium
2046 3794 2180 3849 TW
2329 3794 2449 3846 tota
2480 3792 2542 3848 D

363 3878 648 3931 maerentis
681 3878 837 3942 DW,
871 3878 1089 3933 herente
1128 3880 1179 3933 T
1344 3878 1555 3933 torbam
1597 3880 1673 3935 W
1843 3880 1946 3933 356
1981 3895 2014 3932 a
2037 3866 2104 3933 ᾱῖ)
2136 3880 2197 3933 D
2365 3879 2468 3934 358
2505 3895 2610 3935 om.

362 3962 567 4029 DTW,
608 3964 737 4018 add.
775 3981 843 4018 ex
880 3964 1139 4019 Fabricio
1176 3966 1303 4021 Bal.
1454 4028 1461 4033 ,
1511 3965 1616 4019 359
1651 3965 1794 4018 nesci
1836 3966 1890 4019 T.
2085 3966 2190 4019 360
2223 3965 2450 4035 positae]
2489 3966 2607 4035 plu-

359 4050 500 4103 rima
535 4050 665 4105 add.
702 4068 735 4105 v
942 4050 1051 4104 alia
1094 4052 1143 4104 T
1355 4052 1458 4106 362
1492 4051 1700 4105 iussum
1743 4050 1858 4115 W1,
1894 4051 2043 4105 iusso
2084 4053 2135 4106 T
2333 4054 2607 4121 prophetis

361 4133 475 4189 ,ΒΤ
697 4136 801 4191 363
834 4138 963 4205 non]
1008 4153 1133 4189 nam
1170 4154 1237 4190 ex
1270 4154 1377 4192 non
1413 4155 1473 4192 ex
1517 4140 1595 4193 W
1623 4156 1693 4194 m.
1730 4142 1780 4203 2,
1816 4154 1924 4192 non
1955 4124 1988 4190 ἔ
2023 4138 2074 4191 T
2086 4139 2095 4167 ¹
2133 4124 2183 4205 (Ξ
2217 4155 2337 4207 exp.
2373 4155 2442 4192 m.
2480 4140 2538 4205 2)

364 4221 643 4289 sepulchra
673 4221 819 4276 DW
984 4224 1086 4277 364
1120 4223 1409 4277 iacuissent
1446 4225 1496 4278 T
1672 4224 1776 4278 365
1811 4242 1853 4277 s.
1890 4224 2036 4293 tunc]
2075 4228 2313 4293 surgeret
2346 4241 2452 4278 uno
2493 4226 2544 4280 T

364 4305 464 4359 367
501 4323 601 4361 om.
636 4308 841 4373 DTW,
877 4309 1007 4363 add.
1046 4326 1116 4362 ex
1150 4309 1413 4364 Fabricio
1450 4310 1576 4365 Bal.
1817 4310 1920 4363 368
1954 4310 2054 4363 illa
2087 4327 2120 4364 v
2369 4311 2641 4376 tumulos,

362 4391 573 4460 scripsi,
596 4394 807 4448 tumulo
832 4394 1053 4449 DTWv
1276 4395 1533 4463 repetiere
1566 4397 1780 4464 scripsi,
1816 4396 2040 4466 repetire
2059 4396 2200 4461 TW,
2225 4396 2426 4466 petiere
2451 4389 2542 4450 Db

366 4476 470 4532 369
493 4481 793 4549 seruatique
814 4482 865 4535 T
1065 4480 1169 4534 370
1202 4482 1429 4535 retinere
1466 4482 1517 4536 T

2051 4574 2198 4635 21*
