3217 5150
2303 542 2501 590 xhvn

240 674 325 762 (r)
345 674 429 763 *)‚
462 673 955 742 Vindobonensis
1000 675 1123 740 798
1164 693 1322 740 saec.
1353 674 1472 739 XV
1504 673 1616 760 (w)
1631 675 1752 761 **)‚
1808 676 2144 744 Vaticanus
2177 679 2303 744 199
2343 697 2498 744 saec.
2604 697 2636 743 ι·
2665 698 2722 742 w

240 788 358 854 XV
392 788 499 874 (φ)
515 787 671 867 ***).
718 785 943 869 quibus
983 787 1050 852 in
1079 786 1258 852 libris
1303 785 1359 852 si
1388 786 1529 870 quis
1574 788 2024 871 scripturarum
2069 789 2502 856 diuersitatem
2633 813 2688 880 φ

240 899 491 978 uiderit,
546 915 759 965 uereor
786 918 864 965 ne
892 917 1098 964 meam
1142 899 1515 965 sententiam
1557 899 1950 966 audaciorem
1981 918 2170 983 quam
2199 902 2504 969 ueriorem

236 1028 371 1076 esse
392 1009 646 1076 iudicet.
679 1009 787 1075 sed
815 1011 1017 1076 totam
1047 1009 1205 1076 hanc
1234 1010 1666 1079 diuersitatem
1691 1012 1757 1077 in
1779 1012 2148 1078 recentiores
2171 1012 2360 1079 libros
2383 1031 2504 1079 non

237 1141 312 1187 ex
354 1121 497 1188 aliis
538 1120 855 1188 codicibus
893 1120 1342 1187 uetustioribus
1381 1122 1565 1189 hodie
1598 1123 1938 1208 deperditis
1983 1123 2094 1190 sed
2138 1123 2504 1190 coniecturis

238 1235 303 1298 et
373 1212 955 1317 interpolationibus
1034 1232 1363 1316 inrepsisse
1442 1233 1665 1318 quouis
1733 1235 1990 1320 pignore
2061 1237 2502 1302 contenderim.

236 1362 436 1428 neque
475 1362 623 1410 uero
664 1344 937 1410 codicem
976 1345 1205 1412 codicis
1248 1344 1301 1409 Τ
1342 1346 1701 1431 gemellum,
1744 1347 1908 1412 unde
1945 1347 2012 1412 in
2050 1346 2504 1414 recentissimos

236 1457 429 1524 libros
459 1457 574 1522 illa
602 1457 834 1541 scripta
860 1453 1203 1543 propagata
1232 1459 1436 1524 essent
1464 1477 1764 1542 umquam
1789 1458 2073 1525 extitisse
2110 1462 2282 1544 puto.
2333 1460 2507 1542 equi·

240 1571 393 1636 dum
434 1569 681 1635 nullum
722 1568 928 1634 locum
968 1569 1197 1654 inueni,
1250 1568 1361 1634 ubi
1400 1569 1669 1654 genuina
1709 1570 2013 1654 scriptura
2053 1571 2156 1636 uel
2201 1572 2506 1656 genuinae

238 1681 583 1766 scripturae
621 1681 690 1747 in
718 1681 769 1746 'I'
810 1681 1207 1747 oblitteratae
1248 1680 1519 1766 uestigia
1562 1681 1652 1746 sic
1695 1684 2016 1768 emergant
2045 1683 2112 1748 in
2141 1683 2381 1762 00110113,
2435 1683 2508 1747 ut

249 1893 331 1942 54.
362 1893 446 1943 32.
476 1893 553 1942 12.
580 1893 661 1942 20.
690 1892 770 1942 30.
799 1892 881 1942 31.
906 1893 941 1941 4
1006 1887 1164 1958 Quod
1195 1886 1347 1942 idola
1382 1886 1466 1941 dii
1500 1902 1616 1940 77077
1637 1887 1768 1954 sint,
1804 1890 1888 1940 66.
1914 1890 1962 1941 3.
1992 1891 2072 1942 72.
2097 1892 2182 1942 49.
2199 1887 2290 1941 ’60.
2317 1892 2400 1944 48.
2426 1891 2510 1954 62,

238 1973 328 2029 De
351 1975 697 2043 spectaculis,
734 1973 829 2028 Aa
855 1973 1182 2029 Twmsium
1205 1975 1365 2043 (App.
1388 1975 1618 2041 274,19),
1663 1978 1710 2030 9.
1747 1976 1831 2027 27.
1865 1977 1948 2026 35.
1982 1978 2066 2027 41.
2108 1978 2192 2028 25.
2226 1978 2386 2028 511.
2429 1979 2508 2028 17.

243 2065 323 2119 18.
360 2066 443 2119 26.
481 2067 563 2115 33.
604 2065 689 2114 80.
725 2065 810 2115 81.
850 2065 930 2114 12.
971 2065 1054 2114 16.
1093 2064 1174 2116 16.
1212 2063 1405 2116 29..31
1443 2063 2149 2126 77......,78792324228
2190 2060 2511 2114 Passionem

238 2149 534 2203 beatissimi
567 2147 835 2219 Cypriam·
862 2147 1129 2217 martyris
1163 2145 1223 2214 (i.
1248 2161 1293 2200 0.
1318 2144 1575 2215 Cypriani
1608 2147 1781 2200 uitam
1814 2161 1908 2214 per
1929 2144 2206 2213 Pontium)
2242 2145 2511 2203 101.195·,

239 2234 327 2290 De
361 2235 573 2290 duobus
606 2235 895 2333 montibus,
930 2232 1026 2290 Aa
1068 2232 1362 2320 7797777773
1360 2232 1669 2301 episcopum
1724 2231 1794 2285 de
1838 2230 2066 2288 iudaica
2095 2232 2510 2302 incredulitate,

250 2322 558 2377 Versiculos
592 2303 729 2376 dm
720 2320 952 2374 Ioannis
986 2318 1056 2373 de
1088 2335 1226 2374 ceria
1247 2319 1329 2374 307
1275 2299 1633 2387 “Cypriani
1665 2315 1939 2386 fol.2o·1·,
1977 2318 2218 2374 Gaenam
2242 2318 2512 2387 Cypriani

240 2406 335 2461 fol.
363 2409 515 2472 107δς
552 2407 609 2460 in
633 2407 774 2461 calce
809 2405 1061 2460 uersiculi
1096 2403 1341 2458 nonnulli
1366 2402 1564 2456 adiecti
1586 2405 1730 2457 sunt.
1764 2402 1854 2457 hic
1877 2401 2036 2458 codex
2070 2420 2231 2474 quam
2257 2420 2289 2458 a
2313 2405 2356 2458 T
2381 2421 2508 2476 pen-

240 2494 367 2549 deat
391 2493 713 2562 scriptorum
736 2491 863 2547 ordo
886 2492 1086 2561 passim
1110 2491 1354 2545 seruatus
1377 2487 1726 2546 demonstrat.

310 2582 359 2651 *)
384 2581 559 2638 Codex
582 2580 863 2635 Remensis
904 2595 1065 2648 quern
1096 2594 1146 2634 a.
1176 2582 1309 2632 1869
1332 2577 1519 2633 Remis
1560 2576 1768 2633 contuli
1811 2578 1944 2633 haec
1984 2580 2250 2634 continet:
2291 2579 2508 2636 libellos
2583 2585 2726 2629 codex
2742 2582 2774 2627 1'

244 2670 288 2722 I.
327 2669 424 2724 IV.
460 2668 585 2725 v11.
623 2666 783 2733 VIII,
823 2666 979 2736 epist.
1007 2671 1087 2731 13,
1128 2664 1227 2720 lib.
1261 2664 1418 2719 XIII.
1454 2664 1551 2720 XI.
1576 2664 1704 2732 XII,
1744 2666 1902 2735 epist.
1939 2670 2023 2719 63.
2050 2670 2134 2733 30,
2168 2666 2266 2721 lib.
2290 2666 2339 2722 V
2361 2668 2508 2735 (Ad-

240 2771 438 2810 uersus
462 2754 847 2809 Nouatianum
869 2753 1234 2808 scismaticwn
1257 2751 1325 2806 de
1351 2752 1608 2807 ecelesiae
1629 2752 1885 2821 unitate).
1921 2752 2016 2807 VI.
2039 2752 2107 2818 X,
2131 2754 2291 2824 epist.
2315 2759 2398 2808 37.
2423 2759 2508 2809 46.

242 2847 325 2896 12.
362 2846 445 2898 73.
482 2846 565 2895 73.
591 2846 674 2895 77.
700 2845 784 2895 ss.
810 2844 892 2894 2ο.
917 2844 1000 2893 52.
1028 2843 1113 2893 47.
1138 2843 1222 2906 57,
1267 2838 1424 2894 Orat.
1451 2838 1608 2908 (App.
1637 2842 1758 2906 144)
1791 2842 1875 2893 55.
1903 2842 1953 2906 e,
1991 2838 2070 2894 In
2103 2838 2326 2894 laudem
2357 2856 2506 2894 mar-

238 2928 393 2999 tyrii,
433 2931 514 2984 10.
550 2932 633 2986 28.
674 2934 755 2982 11.
790 2932 875 2982 38.
912 2932 995 2981 39.
1030 2931 1115 2981 58.
1154 2931 1235 2981 73.
1272 2931 1355 2979 71.
1384 2930 1467 2991 70,
1512 2926 1832 2982 conuentus
1867 2927 2245 2995 episcopor-mn
2277 2942 2508 2981 numero

238 3014 632 3086 LXXXVII,
672 3021 752 3070 74.
788 3020 871 3070 69.
905 3019 989 3068 40.
1026 3018 1110 3069 67.
1143 3018 1226 3067 64.
1254 3019 1303 3070 2.
1328 3017 1412 3067 60.
1448 3018 1532 3080 69,
1572 3018 1658 3065 46.
1683 3018 1767 3067 44.
1793 3018 1878 3066 61.
1904 3019 1988 3067 43.
2017 3018 2098 3067 79.
2126 3019 2174 3069 1.
2201 3018 2284 3067 61.
2313 3018 2396 3071 66.
2421 3019 2504 3068 64.

240 3106 323 3153 31.
349 3107 400 3167 4,
449 3102 607 3172 Quod
642 3102 793 3157 idola
828 3102 911 3156 dii
944 3117 1061 3155 77077
1093 3102 1224 3169 sint,
1260 3104 1345 3154 56.
1371 3104 1419 3154 3.
1446 3104 1528 3153 72.
1552 3104 1638 3156 49-
1666 3104 1754 3156 60.
1783 3104 1867 3155 48.
1894 3104 1979 3165 62,
2022 3100 2342 3171 Cyprianus
2357 3102 2508 3169 plebi

239 3190 304 3242 777
329 3190 619 3260 euanqelio
650 3190 826 3243 stanti
856 3188 1104 3243 salutem.
1154 3188 1227 3242 Vt
1257 3204 1342 3242 me
1372 3188 1511 3242 satis
1543 3188 1636 3255 (=
1660 3186 1748 3241 De
1781 3188 2150 3257 spectaculis),
2193 3188 2507 3258 Cyprianus

238 3276 459 3331 budicto
499 3274 812 3330 (1771073377ηο
843 3276 1075 3343 parenti
1115 3272 1354 3328 Turasio
1392 3273 1457 3327 777
1496 3258 1629 3327 dno
1645 3278 1888 3327 eternam
1927 3274 2160 3329 salutem
2201 3273 2333 3342 (uid.
2370 3276 2506 3344 App.

239 3365 470 3429 274,19),
512 3367 561 3416 9.
597 3366 681 3415 27.
717 3366 802 3417 36.
838 3365 923 3415 41.
959 3366 1043 3415 26.
1079 3366 1131 3416 6.
1168 3364 1251 3415 14.
1288 3365 1371 3414 17.
1408 3364 1491 3415 18.
1529 3361 1614 3417 26.
1651 3366 1736 3415 33.
1764 3364 1848 3414 80.
1873 3364 1956 3414 81.
1985 3366 2068 3415 16.
2096 3366 2176 3413 16.
2203 3365 2287 3413 29.
2314 3364 2393 3413 63.
2423 3365 2505 3425 24.

239 3448 510 3503 Probatio
534 3448 903 3517 capitulorum
926 3449 1017 3515 (=
1042 3447 1129 3502 De
1152 3446 1363 3502 duobus
1385 3448 1703 3515 montibus),
1731 3451 1810 3500 19.
1840 3451 1886 3513 7,
1911 3447 2229 3517 Cyprianus
2273 3446 2506 3516 Qud-rino

242 3535 361 3603 filio
383 3535 616 3589 salutem
640 3539 728 3593 (=
750 3550 803 3603 p.
830 3538 949 3599 35,5
974 3564 1041 3573 -
1066 3536 1259 3601 3623).

314 3620 395 3688 **)
428 3618 603 3677 Codex
635 3618 1059 3675 Vindobonensis
1098 3624 1199 3673 798
1241 3619 1481 3674 continet
1526 3619 1746 3674 nonnisi
1793 3619 2054 3690 epistulas
2101 3618 2330 3673 rariores
2374 3618 2503 3672 has.
2489 3636 2502 3650 ·
2566 3632 2706 3676 codex
2723 3629 2780 3673 W

241 3714 291 3762 9.
316 3712 398 3761 10.
426 3712 507 3761 11.
536 3712 617 3761 12.
647 3712 727 3761 13.
756 3711 837 3761 17.
864 3711 943 3761 18.
975 3712 1059 3763 19.
1084 3712 1169 3763 24.
1192 3712 1277 3762 22.
1305 3712 1386 3760 16.
1412 3711 1496 3761 30.
1524 3712 1609 3761 27.
1636 3712 1719 3761 28.
1745 3710 1812 3761 82
1836 3708 1892 3761 et
1913 3706 2012 3761 lib.
2037 3706 2328 3761 Aduersus
2351 3706 2502 3761 alea·

242 3802 408 3864 tores,
433 3794 521 3849 De
545 3793 760 3849 duobus
780 3794 1069 3863 7770777777773,
1092 3794 1297 3848 Breuis
1318 3794 1616 3864 descriptio
1639 3796 1793 3849 uitae
1817 3795 2110 3849 beatissimi
2132 3799 2184 3848 et
2208 3792 2506 3849 doctissimi

250 3880 527 3951 Cypriani
562 3897 651 3949 eps
586 3862 727 3934 ‘yet
748 3881 1008 3949 martyris
1030 3880 1123 3933 101.
1149 3881 1245 3933 36b
1284 3910 1347 3919 —
1382 3879 1423 3933 1.
1457 3884 1525 3933 49
1560 3879 1721 3946 1.19,
1765 3880 1962 3933 Passio
1987 3878 2256 3949 Cypriani
2289 3877 2331 3931 f.
2365 3882 2503 3930 49-

239 3967 353 4031 501»,
396 3966 657 4035 epistulas
690 3968 773 4019 50.
802 3969 888 4022 20.
914 3970 997 4018 21.
1024 3970 1075 4018 2.
1102 3970 1188 4021 29.
1214 3969 1297 4019 38.
1326 3969 1423 4029 39,
1458 3981 1521 4019 ex
1557 3964 1658 4019 hoc
1703 3964 1881 4020 codice
1915 3965 2055 4019 alter
2075 3962 2504 4019 vindobonensis

242 4054 349 4104 770
369 4066 504 4107 saec.
530 4051 629 4105 XV
664 4050 877 4107 easdem
908 4053 1135 4107 rariores
1160 4052 1423 4121 epistulas
1445 4054 1503 4107 et
1524 4052 1702 4106 uitam
1723 4050 1984 4121 Cypriani
2005 4049 2336 4121 deprompsit
2359 4052 2502 4106 inter

240 4141 453 4210 reliqua
484 4158 576 4197 eas
610 4140 868 4212 cypriani
901 4141 1107 4211 scripta
1138 4140 1407 4197 exhibens.
1450 4158 1571 4198 cum
1606 4140 1811 4197 nullius
1846 4141 2014 4210 pretii
2047 4141 2138 4204 sit.
2181 4138 2330 4195 1101111
2365 4153 2502 4207 quae

240 4227 513 4283 contineat
538 4244 799 4283 enarrare.

310 4313 423 4381 ***)
468 4312 765 4369 Vaticanus
812 4313 952 4369 liber
997 4329 1134 4382 quae
1180 4314 1457 4368 contineat
1498 4330 1692 4403 1103010.
1742 4314 1799 4370 C.
1834 4313 2182 4369 Aldenhoven
2228 4316 2503 4370 uariantes
2574 4336 2717 4381 Codex
2733 4341 2786 4406 φ

239 4398 495 4455 lectiones
530 4399 599 4454 ad
632 4400 893 4470 epistulas
928 4404 977 4455 8.
1016 4404 1103 4455 21.
1130 4404 1214 4455 22.
1240 4404 1323 4455 23.
1349 4404 1433 4455 24.
1457 4404 1543 4455 27.
1568 4406 1654 4458 33.
1680 4404 1764 4456 34.
1789 4404 1873 4456 36.
1897 4404 1982 4457 36.
2009 4406 2094 4455 41.
2118 4404 2200 4455 42.
2231 4400 2291 4457 111
2324 4418 2503 4457 meum

240 4503 401 4543 usum
423 4487 721 4558 exscripsit.
