3217 5150
1081 554 1172 606 De
1219 552 1651 607 aleatoribus
1696 568 1739 605 c.
1779 553 1927 606 1-2.
2538 556 2624 622 93

365 714 438 772 ad
455 713 768 787 nequitiam
786 714 824 784 †
849 711 990 773 sein
1014 712 1200 772 lacum
1223 712 1426 772 mortis
1449 715 1767 788 emergunt.
1791 716 1851 773 et
1870 712 2138 787 quoniam
2159 711 2220 770 in
2239 713 2403 773 nobis
2426 712 2623 772 diuina

361 819 424 875 et
475 818 716 890 paterna
767 815 956 891 pietas
1006 816 1364 891 apostolatus
1395 817 1662 876 ducatum
1709 815 1953 877 contulit
2003 817 2064 875 et
2090 816 2363 875 uicariam
2392 817 2621 877 Domini

363 920 555 979 sedem
583 918 820 980 caelesti
849 919 1180 994 dignatione
1210 919 1501 979 ordinauit
1529 923 1588 979 et
1613 920 1890 994 originem
1914 919 2231 979 authentici
2258 920 2618 993 apostolatus

363 1038 538 1097 super
566 1040 733 1097 quem
762 1022 1025 1081 Christus
1053 1022 1319 1081 fundauit
1347 1021 1647 1083 ecclesiam
1676 1023 1737 1081 in
1766 1021 2056 1095 superiore
2079 1024 2273 1082 nostro
2302 1024 2616 1097 portamus,

316 1147 342 1186 5
361 1128 598 1201 accepta
627 1126 800 1185 simul
827 1128 1114 1200 potestate
1145 1126 1400 1185 soluendi
1429 1143 1498 1186 ac
1517 1125 1741 1200 ligandi
1764 1129 1824 1187 et
1846 1124 2133 1185 curatione
2157 1128 2391 1199 peccata
2418 1125 2615 1187 dimit-

353 1229 548 1289 tendi.
604 1230 847 1289 salutari
897 1229 1158 1290 doctrina
1183 1230 1568 1303 admonemur,
1621 1246 1695 1289 ne
1726 1230 1860 1289 dum
1889 1228 2351 1303 delinquentibus
2381 1230 2616 1289 adsidue

355 1334 724 1409 ignoscimus,
757 1333 872 1408 ipsi
900 1352 1028 1395 cum
1058 1334 1144 1396 eis
1171 1334 1388 1409 pariter
1412 1336 1797 1409 torqueamur.

443 1436 520 1495 Et
561 1437 686 1497 ideo
729 1436 816 1497 sal
857 1440 1043 1498 terrae
1085 1438 1346 1511 dicimur,
1399 1440 1466 1497 ut
1493 1454 1564 1498 ex
1604 1438 1773 1498 nobis
1804 1437 1989 1498 omnis
2018 1394 2365 1512 fraternitas,
2380 1436 2615 1501 caelesti
2634 1442 2671 1500 2

353 1539 640 1614 sapientia
695 1541 958 1601 saliatur.
1005 1558 1136 1601 nam
1193 1560 1320 1601 cum
1371 1542 1558 1602 dicat:
1623 1542 1734 1601 sal
1776 1544 2009 1602 autem
2054 1542 2119 1601 si
2161 1541 2617 1602 infatuatum

277 1643 603 1717 infuerit,
661 1644 902 1704 nihilo
946 1644 1254 1718 ualebit,
1313 1645 1462 1705 nisi
1507 1650 1584 1705 ut
1627 1645 2045 1719 proiciatur
2098 1645 2301 1706 foras
2344 1649 2416 1706 et
2458 1664 2615 1707 con-

349 1748 689 1808 culcetur
731 1749 817 1807 ab
859 1748 1292 1820 hominibus,
1336 1749 1446 1807 hoc
1497 1764 1761 1808 ueremur
1811 1750 1871 1808 et
1918 1748 2207 1821 timemus,
2258 1766 2329 1808 ne
2382 1766 2509 1809 cum
2550 1750 2613 1810 in

351 1850 596 1911 ecclesia
647 1851 834 1911 securi
875 1852 1028 1926 quod
1057 1852 1222 1912 nobis
1253 1852 1623 1912 sacerdotalis
1652 1852 1909 1933 dignitas
1938 1869 1975 1911 a
2002 1851 2245 1913 Domino
2276 1852 2492 1913 tradita
2520 1856 2613 1913 est

349 1954 752 2029 neglegentiae
793 1986 824 2020 *
850 1985 882 2019 ,ιι
896 2000 910 2028 ,
964 1956 1124 2015 iuxta
1174 1955 1447 2030 quosdam
1497 1955 1709 2015 fratres
1760 1956 1977 2015 inertes
2030 1954 2421 2030 repperiamur
2436 2002 2451 2030 ,
2510 1959 2612 2015 ant

354 2058 490 2117 dum
541 2057 750 2117 falsam
802 2058 1365 2119 communicationem
1419 2059 1636 2133 damuS,
1690 2059 1751 2117 id
1792 2060 1943 2134 quod
1985 2076 2112 2118 cum
2152 2060 2364 2120 honore
2408 2061 2475 2119 de
2504 2060 2611 2121 Dei

279 2181 332 2220 ιε,
353 2160 686 2236 dignatione
716 2160 1079 2236 percipimus,
1132 2161 1467 2235 indignante
1497 2162 1737 2221 Domino
1768 2178 1836 2221 ex
1865 2162 2097 2236 propria
2122 2162 2345 2223 actione
2374 2162 2608 2225 amitta-

347 2281 496 2324 mus.
565 2264 704 2324 dicit
767 2264 916 2325 enim
968 2264 1252 2339 scriptura
1305 2265 1529 2325 diuina:
1587 2281 1720 2324 uae
1764 2264 1909 2325 erit
1952 2265 2399 2339 pastoribus,
2460 2266 2609 2341 quod

348 2367 402 2425 si
432 2366 548 2441 ipsi
577 2370 838 2440 pastores
867 2368 1236 2442 neglegentes
1265 2368 1477 2441 reperti
1499 2366 1733 2441 fuerint,
1765 2368 1903 2442 quid
1925 2368 2347 2441 respondebunt
2368 2369 2606 2430 Domino

345 2488 451 2545 pro
495 2470 794 2545 pecoribus
811 2516 826 2543 ,
881 2471 1015 2545 quid
1063 2471 1296 2530 dicent?
1349 2490 1384 2531 a
1413 2471 1713 2544 pecoribus
1760 2488 1821 2531 se
1850 2487 1977 2530 esse
2008 2472 2243 2532 uexatos
2256 2475 2285 2531 ⁸?
2339 2489 2451 2532 non
2480 2489 2603 2533 cre-

484 2705 518 2760 9
551 2706 748 2760 Matth.
783 2709 836 2772 5,
873 2708 954 2761 13.
1165 2707 1232 2762 16
1267 2706 1354 2762 Ez.
1391 2707 1476 2770 34,
1514 2707 1563 2760 2.

481 2949 514 3002 1
550 2949 625 3017 se]
663 2949 722 3002 in
758 2964 814 3002 se
849 2947 1015 3001 illicit
1049 2951 1114 3001 ut
1138 2964 1170 3002 v
1437 2946 1617 3000 inlatu
1661 2946 1824 3016 DTQ
1868 2945 1965 3001 sed
2010 2949 2037 3000 t
2070 2947 2135 3000 in
2172 2947 2218 3018 ρ
2264 2964 2406 3004 corr.
2442 2966 2511 3004 m.
2549 2953 2597 3014 2,

333 3035 542 3089 inlatae
575 3034 650 3088 M
675 3035 772 3088 sed
805 3036 896 3087 tae
929 3035 994 3088 in
1014 3049 1126 3088 ras.
1300 3035 1581 3102 emergunt
1615 3033 1796 3103 DQT,
1829 3035 2039 3102 mergat
2072 3049 2105 3087 v
2282 3036 2340 3089 in
2375 3051 2473 3088 om.
2498 3053 2533 3090 v

337 3121 378 3174 3
412 3119 688 3174 ordinauit
721 3121 793 3186 D,
831 3121 1048 3174 ornauit
1087 3119 1194 3190 QT
1499 3119 1708 3188 origine
1748 3119 1852 3188 ΩΤ
2152 3120 2496 3175 authendicia
2536 3123 2596 3186 T,

339 3207 620 3260 autentica
653 3207 726 3260 M
754 3207 864 3262 sed.
901 3223 962 3261 ca
996 3223 1039 3261 s.
1078 3207 1113 3260 1.
1410 3206 1446 3259 4
1481 3205 1676 3259 christi
1715 3204 1769 3258 D
2064 3209 2119 3260 et
2158 3206 2435 3261 ecclesiam
2470 3205 2531 3262 D

334 3295 522 3346 nostra
556 3293 615 3347 D
797 3295 832 3347 5
867 3294 946 3362 ac]
985 3295 1040 3347 et
1081 3295 1133 3349 T
1227 3331 1233 3336 -
1305 3291 1578 3346 curatione
1621 3293 1683 3357 T,
1719 3307 1839 3345 cum
1872 3291 2079 3346 ratione
2111 3293 2222 3364 DQ
2399 3295 2433 3347 6
2471 3294 2597 3350 dum

237 3429 244 3433 .
335 3379 416 3446 D,
454 3396 572 3433 cum
611 3379 746 3451 QTv
929 3378 1243 3447 delinquent
1281 3377 1388 3449 ΩΤ
1565 3378 1597 3431 7
1636 3377 1741 3446 ipsi
1769 3416 1816 3430 ..
1838 3417 1850 3430 .
1880 3380 2224 3447 torqueamur
2257 3395 2358 3434 om.
2382 3382 2527 3452 ΜΟ*

333 3467 374 3519 8
410 3467 466 3518 et
499 3464 636 3535 ideo]
674 3464 790 3518 ideo
834 3466 914 3520 Tv
1102 3465 1136 3518 9
1171 3463 1425 3517 salliatur
1467 3464 1519 3518 T
1698 3461 2033 3523 infatuatum
2064 3465 2139 3532 D,
2174 3465 2390 3520 fatuum
2428 3469 2534 3539 QT

333 3551 408 3606 10
441 3549 583 3604 nihil
620 3551 702 3621 Qv
951 3552 1016 3603 ut
1051 3565 1152 3605 om.
1188 3548 1332 3620 ΜΩ*
1569 3547 1707 3601 foris
1751 3551 1793 3612 Q
2068 3553 2427 3608 cumculcetur
2460 3555 2535 3608 Μ

337 3637 408 3690 11
443 3635 768 3707 hominibus]
806 3636 1040 3692 adnotat
1078 3637 1125 3706 Q
1159 3637 1224 3690 in
1257 3650 1454 3705 mara:
1491 3617 1647 3688 {ffi‘da
1680 3620 1719 3687 ἷι
1753 3622 1787 3688 ἔ
1816 3632 1949 3689 bene
2132 3653 2199 3692 ne
2236 3654 2355 3692 cum
2390 3639 2593 3711 DTQ²‚

339 3741 440 3779 nec
478 3725 569 3795 0¹,
603 3740 671 3778 ne
704 3725 806 3780 Μυ
1055 3723 1123 3777 12
1157 3739 1190 3776 a
1225 3721 1442 3776 domino
1477 3737 1576 3776 om.
1615 3739 1650 3777 v
1904 3723 1971 3777 13
2004 3725 2377 3795 neglegentiae
2412 3728 2592 3798 DQT,

335 3809 681 3880 negligentes
715 3828 779 3875 v;
813 3811 1048 3865 lacunae
1082 3810 1298 3880 siqnmn
1333 3807 1531 3862 addidi
1687 3808 1755 3861 14
1790 3809 2265 3865 communicatione
2298 3813 2441 3867 falsa
2478 3815 2531 3868 T

331 3897 396 3949 in
431 3896 631 3950 honore
671 3897 724 3950 Τ
945 3897 1014 3951 15
1048 3893 1377 3965 percepimus
1413 3910 1446 3950 v
1503 3953 1507 3958 ,
1675 3892 2022 3963 indignantes
2059 3895 2111 3949 Τ
2322 3905 2453 3966 post
2487 3885 2591 3956 dno

335 3987 536 4050 repetit
574 3983 621 4052 Q
654 3981 860 4036 tradita
895 3984 977 4036 est
1013 3983 1047 4036 l.
1084 3984 1158 4035 12
1194 4011 1260 4020 —
1298 3979 1334 4034 Ζ.
1371 3981 1438 4033 15
1472 3979 1825 4049 percepimus,
1874 3996 1997 4049 exp.
2036 3997 2103 4034 m.
2142 3985 2208 4048 2;
2251 3985 2317 4040 in
2350 3986 2427 4040 Μ
2460 3993 2593 4054 post

330 4055 439 4122 dno
461 4071 498 4123 3
520 4069 699 4123 lineae
723 4084 864 4122 eras.
892 4073 944 4123 et
967 4067 1096 4122 add.
1122 4067 1186 4121 in
1204 4081 1369 4136 mary.
1396 4063 1539 4118 nihil
1561 4063 1711 4118 deest
1870 4082 1932 4120 ex
1956 4068 2172 4136 propria
2196 4071 2403 4126 actione
2424 4072 2589 4144 MQ2,

327 4153 757 4223 expropriatione
796 4153 858 4220 T,
895 4152 1298 4222 exprobratione
1328 4150 1480 4222 DQ’,
1516 4152 1572 4203 et
1606 4150 1955 4219 exprobrante
1988 4155 2129 4208 coni.
2166 4155 2465 4220 Pmnelius.
2505 4175 2587 4213 ex·

325 4239 646 4310 probrantes
679 4257 714 4295 v
976 4237 1330 4294 admittamus
1367 4236 1533 4307 DQT
1560 4235 1899 4301 (amittamus
1934 4239 2028 4309 Μ)
2284 4245 2349 4298 18
2381 4246 2587 4314 pecoris

325 4325 531 4391 DTQ²‚
565 4341 758 4394 pecora
791 4326 866 4379 Μ
1135 4322 1266 4393 quid
1298 4322 1480 4376 dicent
1513 4318 1641 4387 DT,
1677 4347 1707 4375 a
1721 4348 1751 4376 a
1766 4348 1794 4376 ι
1816 4321 1875 4377 id
1909 4322 2091 4379 dicent
2124 4327 2206 4394 Μ,
2244 4328 2373 4396 quia
2407 4329 2588 4385 dicent

331 4411 384 4482 Q
415 4410 516 4467 sed
547 4409 604 4464 di
637 4427 678 4466 s.
715 4413 768 4478 l.‚
807 4410 936 4480 quid
973 4409 1040 4466 de
1073 4408 1287 4464 domino
1322 4423 1511 4477 pecora
1545 4406 1727 4462 dicent
1761 4425 1795 4465 v
2076 4437 2106 4465 a
2138 4414 2416 4482 pecoribus
2455 4417 2518 4487 Q,
2552 4434 2587 4471 a

321 4495 634 4568 pastoribus
671 4497 746 4551 Μ
771 4499 834 4551 in
867 4511 978 4552 ras.
