3217 5150
709 523 832 569 xlv

697 658 1055 740 praecipua
1083 659 1312 723 ueteris
1340 658 1695 740 scripturae
1724 658 2129 739 liniamenta,
2160 660 2240 724 ab
2270 659 2475 741 ipsius
2506 659 2809 725 Auctoris
2839 662 2983 725 stilo

708 774 966 835 seruata
1011 769 1283 852 fideliter
1325 771 1402 834 iu
1446 772 1703 853 optimis
1752 772 2231 854 exemplaribus,
2302 771 2641 837 Veronensi-
2684 777 2743 835 et
2770 772 2983 837 Benc-

707 886 1002 961 ueutavw,
1055 880 1302 946 collatis
1349 882 1502 947 olim
1553 902 1596 947 a
1642 884 1953 949 Marcello
1982 882 2124 949 PP.
2176 888 2233 949 et
2284 884 2571 951 Antonio
2611 885 2985 968 Auyustino

709 990 1022 1074 Episcopo
1069 998 1220 1057 tuuc
1271 992 1607 1076 Allifano:
1666 1015 1827 1076 quae
1876 996 1953 1059 iu
2006 994 2325 1077 Cypriani
2374 996 2714 1076 uolumine,
2776 1016 2981 1060 mauu

707 1103 1132 1170 illustriss-imi
1176 1110 1232 1171 et
1276 1107 1792 1171 reuerendissimi
1838 1106 2200 1171 Tolosatum
2238 1107 2715 1190 Archiepiscopi
2756 1107 2985 1174 Caroli

711 1216 1074 1282 Mouchalli
1103 1269 1115 1281 .
1147 1270 1159 1281 .
1187 1269 1202 1284 .
1227 1238 1478 1283 summa
1505 1218 1865 1303 diliyentia,
1896 1190 2148 1283 sumnia
2172 1218 2297 1301 fide
2318 1219 2652 1300 descripta,
2674 1225 2983 1301 perpetuo

707 1328 884 1393 nobis
927 1330 1074 1393 usui
1117 1330 1295 1411 fuere
1338 1330 1443 1416 (cf.
1480 1327 1618 1394 Obs.
1656 1348 1717 1413 p.
1756 1328 1929 1416 144).
1976 1330 2075 1395 his
2124 1330 2332 1395 uerbis
2378 1330 2727 1395 cauendum
2774 1332 2879 1395 est
2907 1350 2983 1396 ne

707 1440 974 1506 conicias
1033 1442 1294 1507 alteram
1349 1442 1721 1508 Veronensis
1779 1441 1929 1507 libri
1982 1444 2046 1507 et
2096 1440 2519 1506 Beneuentani
2578 1441 2979 1507 collationem

709 1550 901 1617 fuisse
955 1571 1078 1633 qua
1123 1552 1441 1637 Rigaltius
1493 1554 1805 1619 utebatur.
1864 1552 1997 1636 ipse
2046 1553 2215 1617 enim
2266 1552 2332 1618 in
2362 1552 2697 1617 Addendis
2740 1572 2803 1635 p.
2852 1554 2981 1619 234

710 1664 1010 1729 retractat
1048 1683 1204 1746 quae
1231 1665 1296 1729 in
1331 1662 1885 1730 obseruationibus
1924 1665 2249 1731 docuerat:
2294 1663 2507 1730 Paulo
2526 1670 2669 1745 post
2698 1664 2979 1730 mnda-

707 1778 845 1838 tam
871 1776 1039 1856 typis
1071 1773 1591 1856 obseruationem,
1634 1776 1788 1841 dum
1814 1777 2023 1841 scidia
2049 1796 2188 1841 mea
2214 1777 2375 1859 forte
2402 1781 2741 1842 excuterem
2770 1779 2980 1842 curio-

709 1888 861 1967 siuS,
904 1886 1284 1968 deprehendi
1322 1890 1564 1970 factam
1591 1908 1635 1952 a
1668 1887 1981 1954 Marcello
2010 1888 2203 1970 Papa
2243 1890 2444 1953 trium
2475 1888 2756 1954 cod-tcum
2804 1888 2979 1952 Vati-

709 2018 1016 2063 canorum
1060 1998 1471 2076 collationem,
1522 2018 1664 2065 cum
1708 1999 1914 2065 adhuc
1958 2004 2107 2065 esset
2152 2020 2227 2065 ac
2269 2000 2579 2065 diceretur
2622 1999 2981 2065 Marcellus

715 2108 1030 2175 Ceruiuus
1072 2110 1448 2175 Gardiualis
1463 2134 1484 2175 .·
1535 2110 1928 2177 collationem
1976 2132 2125 2176 uero
2174 2112 2557 2193 exemplaris
2600 2110 2980 2176 Veronensis

713 2242 756 2284 a
785 2220 1024 2285 Latino
1065 2214 1365 2285 Latinio:
1413 2222 1859 2288 Beneuentani
1900 2224 1979 2287 ab
2020 2224 2175 2289 Aut.
2220 2224 2602 2307 Auyustim,
2655 2228 2807 2287 tuuc
2848 2224 2977 2303 epi-

711 2352 890 2414 scopo
919 2332 1240 2415 Allifano.
1283 2334 1530 2400 fallitur
1559 2335 1639 2400 de
1666 2336 1783 2401 hac
1812 2336 2081 2419 Rigaltii
2112 2336 2500 2418 supellectile
2532 2334 2751 2401 critica
2776 2335 2977 2401 Balu-

715 2444 865 2524 ziu8‚
897 2465 1042 2511 cum
1065 2446 1318 2511 eandem
1341 2446 1469 2511 fere
1492 2448 1678 2527 atque
1704 2446 1835 2527 ipse
1858 2446 2127 2511 habebat
2154 2446 2343 2511 illum
2365 2446 2656 2511 habuisse
2678 2446 2853 2511 dicat
2874 2446 2975 2527 (ad

717 2556 896 2641 epist.
921 2556 1020 2636 10,
1047 2577 1096 2622 c.
1117 2557 1206 2641 4).
1231 2577 1378 2624 nam
1395 2556 1839 2622 Vaticanorum
1858 2557 2033 2624 nulla
2054 2559 2149 2622 est
2170 2558 2333 2640 apud
2352 2557 2704 2641 Rigaltium
2720 2558 2975 2624 mentio.

716 2669 916 2753 magis
973 2669 1164 2734 etiam
1221 2669 1486 2746 fallitur,
1546 2687 1689 2733 cum
1736 2669 1814 2734 ad
1860 2669 2037 2751 epist.
2089 2669 2168 2734 16
2214 2669 2567 2752 Rigaltium
2612 2669 2977 2752 quandoque

716 2781 950 2846 librum
967 2781 1378 2846 Veronensem
1400 2799 1509 2862 pro
1534 2779 1804 2846 editione
1823 2781 2185 2846 Manutiana
2207 2781 2464 2846 laudare
2493 2782 2807 2864 opinetur;
2835 2801 2981 2846 nam

715 2913 790 2958 ex
819 2894 1164 2958 conlatione
1195 2893 1316 2957 sibi
1345 2892 1422 2956 de
1453 2892 1779 2976 scripturis
1810 2894 1941 2958 eius
1974 2911 2115 2957 cum
2139 2893 2505 2957 Manutiana
2537 2893 2979 2958 consentienti-

717 3004 834 3069 bus
877 3005 1154 3068 constare
1183 3005 1317 3088 ipse
1347 3004 1593 3087 saepius
1626 3007 1940 3070 asseuerat
1968 3005 2146 3068 uelut
2176 3005 2241 3069 in
2272 3005 2510 3070 obseru.
2544 3004 2623 3069 ad
2656 3005 2836 3088 epist.
2872 3005 2974 3069 52.

717 3116 862 3179 inde
889 3115 1018 3178 iam
1041 3115 1365 3198 apparebit
1391 3117 1468 3181 ad
1493 3117 1641 3180 libri
1672 3117 1981 3199 deperditi
2011 3117 2351 3198 scripturas
2382 3115 2767 3199 colligendas
2797 3135 2977 3198 prae-

717 3228 814 3292 ter
843 3213 1251 3316 Gottingense
1296 3229 1608 3311 exemplar
1648 3228 1913 3313 Rigaltii
1953 3231 2133 3294 notas
2176 3228 2437 3293 maximi
2484 3245 2614 3291 esse
2656 3228 2981 3304 momenti,

718 3338 1088 3420 praesertim
1131 3357 1276 3402 cum
1304 3339 1370 3403 in
1399 3339 1781 3423 proferendis
1825 3339 2207 3405 testimoniis
2251 3358 2496 3404 summa
2540 3337 2663 3403 fide
2696 3341 2977 3404 uersatus

718 3468 877 3533 quae
917 3450 1124 3515 minus
1167 3453 1333 3516 certe
1377 3451 1496 3515 sibi
1529 3452 1892 3516 uiderentur
1924 3454 2209 3517 accurate
2240 3451 2712 3535 significauerit.
2760 3449 2840 3514 ad
2871 3451 2980 3514 hos

719 3561 920 3626 fontes
962 3561 1202 3626 accedit
1241 3562 1431 3626 editio
1461 3559 1841 3628 Oxoniensis.
1892 3563 2177 3646 episcopo
2218 3563 2385 3627 enim
2418 3560 2750 3626 Oxoniensi
2792 3559 2981 3624 colla-

713 3673 914 3737 tiones
955 3673 1196 3754 aliouot
1242 3673 1520 3737 codicum
1581 3672 2054 3750 Vaticanum,
2124 3673 2497 3737 Veronensis
2540 3673 2759 3736 itidem
2802 3676 2985 3752 atque

719 3785 1164 3851 Beneuentani
1217 3805 1326 3848 uec
1378 3803 1508 3848 uon
1561 3783 1755 3866 Reyis
1808 3783 2087 3862 Galliae,
2147 3783 2353 3847 studio
2412 3783 2791 3847 amicissimi
2848 3781 2984 3846 utri

718 3897 962 3962 domini
1021 3895 1275 3961 Roberti
1335 3895 1543 3979 Riyby
1614 3896 1887 3978 perlatae
1956 3897 2203 3979 praesto
2269 3896 2537 3960 fuerunt.
2622 3893 2981 3959 Veronensis

719 4009 1056 4090 scripturas
1097 4028 1253 4091 quae
1282 4009 1348 4073 in
1387 4008 1504 4074 hoc
1543 4008 1847 4091 apparatu
1868 4011 2219 4074 occurrunt
2262 4026 2511 4073 summa
2552 4006 2835 4070 cautione
2866 4004 2979 4070 ad-

716 4121 917 4200 hibui,
958 4120 1288 4186 nonnullas
1333 4120 1442 4185 ubi
1487 4139 1657 4185 error
1700 4119 1833 4183 erat
1875 4119 2245 4185 manifestus
2289 4119 2490 4196 reieci,
2542 4118 2867 4200 conplures
2910 4119 2980 4181 ut

723 4232 1092 4315 suspiciosas
1123 4232 1337 4298 addito
1367 4236 1494 4296 test.
1535 4230 1733 4295 Oxou.
1768 4231 1979 4295 citaui.

806 4345 899 4410 Ex
927 4345 1026 4410 his
1069 4345 1268 4429 igitur
1317 4343 1595 4410 fontibus
1644 4361 1795 4426 quos
1845 4343 2142 4428 descripsi
2186 4344 2521 4430 diligenter
2570 4343 2843 4408 excussis
2888 4343 2982 4406 tot

721 4457 899 4539 potui
941 4457 1167 4522 codicis
1209 4455 1572 4522 testimonia
1616 4474 1953 4538 proponere
1983 4459 2053 4521 ut
2085 4456 2441 4539 deperditus
2485 4473 2673 4538 paene
2702 4455 2979 4537 repertus
