3217 5150
1364 515 1691 569 Carmina.
2515 521 2646 588 285

771 672 1137 747 Heredesque
1166 673 1296 745 mei,
1328 674 1517 733 uarios
1549 676 1836 748 decerpite
1865 675 2107 749 fructus,

774 776 923 846 Quos
953 793 1183 836 nemora
1211 779 1269 837 et
1297 777 1499 851 pingui
1528 778 1773 838 reddunt
1803 780 1872 838 de
1901 781 2117 855 cespite
2151 781 2356 856 campi.

646 878 732 939 50
859 879 1019 940 Haec
1048 880 1149 939 ubi
1178 880 1469 954 disseruit,
1502 880 1657 941 laeta
1686 883 1984 957 paradisus
2015 882 2076 942 in
2106 884 2239 943 aula

773 983 1089 1043 Instruitur
1117 984 1399 1058 primique
1430 988 1691 1059 aspectat
1720 987 1938 1046 lumina
1965 987 2126 1046 solis.

663 1091 674 1110 ²
777 1085 1047 1160 Gignitur
1074 1089 1219 1147 haec
1246 1087 1400 1148 inter
1426 1089 1613 1163 pomis
1643 1089 1918 1149 letalibus
1949 1090 2135 1163 arbos,

776 1189 1151 1250 Coniunctum
1179 1207 1463 1264 generans
1490 1191 1648 1252 uitae
1675 1193 1985 1268 mortisque
2017 1209 2294 1266 saporem.

772 1292 1029 1356 Aedibus
1059 1293 1121 1353 in
1143 1294 1347 1354 mediis
1376 1311 1517 1369 puro
1547 1295 1678 1356 fluit
1705 1297 1932 1371 agmine
1960 1296 2190 1368 flumen,

646 1395 729 1454 55
776 1397 939 1467 Quod
966 1397 1121 1471 rigat
1150 1397 1409 1472 insignes
1438 1398 1678 1473 liquidis
1708 1399 1778 1459 de
1809 1399 2077 1459 fluctibus
2105 1403 2265 1460 ortus

772 1501 1241 1577 Quadrifldosque
1270 1505 1430 1563 secat
1457 1505 1712 1564 undante
1742 1520 1812 1563 ex
1839 1504 1998 1565 fonte
2028 1507 2266 1566 meatus.

769 1603 945 1664 Fison
974 1605 1238 1665 auriferis
1266 1607 1565 1680 praediues
1594 1607 1838 1668 fluctuat
1862 1607 2032 1667 undis

773 1707 1227 1782 conspicuasque
1256 1711 1396 1769 terit
1422 1727 1593 1770 rauco
1623 1711 1693 1771 de
1721 1711 1950 1786 gurgite
1979 1727 2264 1785 gemmas:

772 1809 1050 1870 Ptasinus
1079 1812 1215 1872 huic
1242 1828 1471 1886 nomen,
1496 1813 1591 1872 illi
1619 1815 1712 1872 est
1741 1813 2116 1873 carbunculus
2144 1814 2371 1888 ardens,

645 1914 728 1974 60
771 1914 1225 1989 Perspicuusque
1254 1916 1417 1976 uadis
1446 1919 1660 1976 terram
1688 1916 2032 1992 praelambit
2061 1897 2275 1978 Euilat.

772 2019 911 2079 Post
939 2021 1091 2080 hunc
1119 2020 1437 2095 Aethiopas
1466 2020 1656 2082 Gaeon
1683 2022 1956 2096 adlapsus
1987 2021 2220 2097 opimat.

774 2122 1003 2183 Tertius
1029 2127 1121 2183 est
1150 2125 1359 2198 Tigris,
1404 2125 1634 2185 Eufrati
1661 2126 1967 2186 adiunctus
1997 2142 2253 2198 amoene,

772 2227 1069 2303 Assyriam
1098 2226 1269 2288 celeri
1300 2229 1596 2289 discretim
1622 2229 1856 2288 flumine
1887 2229 2137 2289 sulcans.

773 2330 887 2391 Hic
915 2332 1138 2405 positus
1168 2333 1359 2393 custos
1389 2332 1647 2392 Adamus
1676 2349 1806 2392 cum
1834 2332 2073 2406 coniuge
2101 2330 2216 2391 fida

652 2433 731 2494 65
774 2435 967 2507 Atque
998 2435 1187 2509 opifex
1216 2434 1325 2495 tali
1352 2435 1632 2495 formatur
1659 2451 1798 2495 uoce
1826 2434 2112 2493 tonantis:

778 2537 837 2596 N
836 2555 869 2597 e
896 2538 1181 2613 trepidate
1212 2537 1385 2599 simul
1412 2537 1604 2598 licitos
1633 2553 2004 2612 praecerpere
2035 2535 2280 2609 fructus,

778 2640 928 2712 Quos
957 2656 1154 2701 nemus
1183 2642 1474 2702 intonsum
1503 2658 1660 2701 ramo
1687 2642 1987 2701 frondente
2018 2639 2255 2713 creauit,

771 2744 1015 2804 Solliciti
1045 2762 1118 2805 ne
1148 2746 1299 2805 forte
1328 2744 1541 2805 malum
1572 2745 1774 2805 noxale
1803 2743 2032 2819 legatis,

778 2848 938 2919 Quod
966 2850 1119 2909 uitet
1147 2866 1215 2909 ex
1245 2850 1471 2923 gemino
1501 2850 1749 2909 discreta
1777 2850 1849 2909 ad
1879 2848 2073 2907 munia
2103 2864 2256 2908 suco.

654 2951 737 3011 70
780 2951 903 3011 Nec
930 2952 1117 3012 minus
1147 2952 1367 3013 interea
1394 2944 1590 3013 caecos
1620 2970 1732 3013 nox
1761 2954 1881 3011 alta
1909 2953 2141 3013 tenebat

777 3056 866 3115 Ac
894 3057 1057 3116 modo
1086 3056 1360 3117 formatos
1390 3057 1571 3135 uestis
1598 3072 1706 3117 nec
1733 3059 1956 3117 texerat
1985 3058 2166 3115 artuS.

866 3160 990 3219 Has
1018 3160 1169 3219 inter
1198 3162 1359 3221 sedes
1388 3162 1447 3220 et
1476 3160 1666 3220 baccis
1694 3159 1930 3219 mitibus
1961 3162 2140 3232 ortus,

778 3263 1055 3338 Spumeus
1084 3266 1276 3323 astuto
1305 3264 1543 3324 uincens
1574 3263 1844 3323 animalia
1873 3280 2066 3337 sensu,

778 3366 1054 3441 Serpebat
1081 3368 1258 3427 tacite
1290 3368 1462 3442 spiris
1490 3368 1836 3441 frigentibus
1867 3367 2091 3441 anguis,

655 3469 737 3528 75
781 3469 989 3531 Liuida
1016 3471 1267 3531 mordaci
1295 3472 1537 3531 uoluens
1565 3472 1866 3532 mendacia
1895 3487 2088 3544 sensu,

776 3572 1041 3633 Femineo
1071 3576 1317 3649 temptat
1339 3575 1445 3635 sub
1474 3576 1704 3649 pectore
1734 3574 1931 3635 mollia
1959 3574 2160 3635 corda:

776 3676 887 3735 Dic
914 3678 1055 3737 mihi
1086 3694 1188 3737 cur
1216 3680 1439 3748 metuas
1468 3678 1660 3738 felicia
1688 3678 1948 3753 germina
1975 3676 2155 3737 mali?

782 3779 1076 3854 Numquid
1096 3798 1265 3855 poma
1294 3782 1449 3849 Deus
1478 3800 1593 3842 non
1621 3782 1812 3841 omnia
1838 3783 1976 3841 nota
1997 3778 2291 3839 sacrauit?

774 3882 824 3942 E
853 3883 983 3957 quis
1014 3884 1067 3943 si
1096 3885 1329 3945 studeas
1359 3885 1611 3945 mellitos
1642 3901 1874 3960 carpere
1904 3884 2114 3955 uictae,

536 4187 609 4243 49
642 4174 801 4244 redd}
834 4185 892 4242 Β
926 4186 1173 4256 (reddent
1210 4188 1325 4243 eius
1359 4190 1692 4259 scripturam
1712 4190 1859 4255 falso
1879 4190 2124 4259 perhibet
2147 4188 2298 4257 Bal.)
2437 4186 2508 4241 55
2529 4186 2652 4240 hor-

398 4274 492 4329 tos
526 4274 659 4342 fort.
865 4275 933 4330 57
970 4274 1125 4345 fyson
1159 4274 1215 4330 Β
1417 4277 1487 4331 59
1519 4263 1766 4345 prasinus
1800 4276 1858 4331 Β
2060 4275 2130 4331 60
2161 4275 2360 4329 euilam
2395 4274 2468 4338 Β,
2504 4272 2654 4326 heui-

400 4358 527 4414 lath
558 4375 595 4416 v
836 4362 904 4417 61
940 4362 1185 4431 ethiopas
1220 4377 1359 4432 geon
1393 4362 1467 4428 Β,
1500 4363 1643 4420 aeth.
1681 4363 1847 4433 gihon
1881 4381 1914 4418 v
2165 4362 2234 4417 62
2269 4359 2518 4429 euphrati
2552 4375 2588 4415 v

400 4446 473 4502 76
503 4448 719 4517 pectora
752 4448 808 4504 Β
