3217 5150
668 547 813 596 1011
1470 525 1766 580 Caecilii
1813 525 2139 596 cypriani

662 685 801 750 eius
828 683 1107 762 interfui,
1138 684 1193 748 si
1218 702 1339 766 qua
1368 684 1443 748 de
1466 681 1921 765 antiquioribus
1945 681 2235 765 comperi,
2269 683 2494 761 dicam,
2525 683 2688 749 hanc
2717 687 2950 750 tamen

668 789 887 870 petens
936 787 1203 865 ueniam,
1258 787 1332 850 ut
1374 785 1670 870 quicquid
1715 785 1923 850 minus
1971 785 2178 850 dixero
2231 786 2464 870 (minus
2509 787 2677 851 enim
2720 789 2949 853 dicam

668 907 915 954 necesse
930 891 1050 972 est)
1068 889 1455 974 ignorantiae
1478 907 1652 954 meae
1675 889 1883 971 potius
1905 905 2093 971 quam
2115 889 2291 953 illius
2315 889 2552 974 gloriae
2575 889 2944 974 derogetur.

666 993 835 1057 inter
860 991 1007 1057 fidei
1038 1009 1185 1058 suae
1215 991 1419 1074 prima
1440 991 1794 1056 rudimenta
1817 990 1976 1055 nihil
1999 991 2174 1056 aliud
2201 990 2470 1056 credidit
2485 991 2616 1056 Deo
2641 993 2942 1090 dignum,

669 1115 857 1179 quam
886 1096 941 1161 si
972 1095 1417 1162 continentiam
1446 1095 1742 1159 tueretur.
1789 1096 1940 1160 tunc
1969 1095 2137 1160 enim
2167 1112 2344 1177 posse
2371 1095 2666 1160 idoneum
2698 1095 2844 1162 fieri
2875 1100 2942 1163 et
2961 1119 2988 1156 s

669 1201 887 1282 pectus
910 1199 977 1263 et
996 1215 1245 1262 sensum
1270 1198 1347 1262 ad
1371 1198 1622 1280 plenam
1651 1197 1786 1262 ueri
1815 1198 2244 1279 capacitatem,
2277 1197 2332 1264 si
2363 1199 2946 1281 concupiscentiam

665 1301 875 1368 carnis
918 1301 1170 1366 robusto
1202 1301 1399 1382 ‘atque
1440 1299 1684 1384 integro
1725 1301 2172 1366 sanctimoniae
2211 1301 2421 1366 tenore
2453 1303 2739 1366 calcaret.
2793 1303 2944 1386 quis

670 1422 973 1486 umquam
1030 1403 1193 1469 tanti
1244 1403 1534 1468 miraculi
1588 1403 1922 1469 meminit?
1981 1404 2254 1470 nondum
2305 1405 2572 1469 secunda
2621 1406 2944 1472 natiuitas

675 1527 908 1574 nouum
948 1507 1261 1572 hominem
1304 1507 1624 1589 splendore
1663 1509 1798 1572 toto
1829 1505 2077 1571 diuinae
2107 1507 2266 1572 lucis
2295 1506 2672 1588 oculauerat,
2706 1509 2772 1573 et
2801 1510 2943 1574 iam

672 1611 911 1676 ueteres
940 1625 1011 1673 ac
1039 1609 1335 1701 pristinas
1364 1609 1652 1674 tenebras
1683 1609 1814 1675 sola
1841 1609 2003 1676 lucis
2031 1611 2325 1692 paratura
2354 1609 2660 1676 uincebat.
2704 1611 2942 1678 deinde
2963 1631 3016 1672 ιο

668 1713 835 1795 quod
880 1715 1083 1779 maius
1130 1715 1242 1797 est,
1290 1731 1433 1778 cum
1464 1713 1539 1778 de
1568 1713 1829 1777 lectione
1875 1713 2090 1778 diuina
2134 1713 2440 1796 quaedam
2483 1714 2614 1779 iam
2661 1733 2784 1779 non
2827 1733 2945 1798 pro

666 1816 1025 1882 condicione
1066 1815 1365 1882 nouitatis
1406 1817 1513 1881 sed
1552 1835 1664 1900 pro
1703 1815 1851 1880 fidei
1891 1815 2289 1882 festinatione
2331 1815 2675 1896 didicisset,
2709 1818 2942 1884 statim

612 1903 619 1916 ’
670 1919 881 2004 rapuit
920 1919 1083 2002 quod
1124 1919 1371 1986 inuenit
1409 1919 1810 2002 promerendo
1841 1918 2109 1985 Domino
2148 1919 2567 2002 profuturum.
2615 1919 2944 1987 distractis

670 2023 859 2090 rebus
912 2022 1041 2088 suis
1088 2023 1166 2088 ad
1214 2021 1634 2105 indigentium
1681 2023 2022 2089 multorum
2069 2041 2285 2106 pacem
2329 2023 2758 2090 sustinendam
2801 2025 2946 2090 tota

673 2142 861 2210 prope
890 2125 1091 2208 pretia
1121 2125 1476 2208 dispensans
1507 2125 1628 2191 duo
1657 2125 1817 2192 bona
1845 2126 2038 2190 simul
2061 2126 2280 2206 iunxit,
2329 2128 2401 2191 ut
2431 2129 2495 2192 et
2524 2127 2942 2194 ambitionem
2960 2153 3010 2192 ιε

678 2227 916 2293 saeculi
974 2229 1287 2312 sperneret
1339 2247 1460 2310 qua
1512 2228 1918 2312 perniciosius
1968 2227 2130 2296 nihil
2181 2231 2275 2294 est
2327 2231 2391 2294 et
2442 2230 2945 2296 misericordiam

672 2351 865 2414 quam
896 2331 1063 2396 Deus
1112 2331 1307 2396 etiam
1354 2331 1672 2398 sacrificiis
1719 2333 1848 2398 suis
1889 2333 2208 2417 praetulit,
2263 2352 2450 2416 quam
2495 2353 2607 2400 nec
2647 2334 2778 2412 ille,
2826 2333 2944 2418 qui

678 2434 839 2520 legis
867 2434 1074 2500 omnia
1104 2435 1401 2500 mandata
1431 2453 1708 2501 seruasse
1738 2455 1802 2500 se
1833 2436 2074 2502 dixerat
2105 2437 2270 2517 fecit,
2303 2436 2615 2522 impleret,
2660 2440 2724 2503 et
2751 2457 2942 2522 prae—

675 2557 935 2624 propera
965 2537 1295 2606 uelocitate
1322 2539 1580 2622 pietatis
1610 2559 1803 2625 paene
1833 2542 1976 2605 ante
2008 2541 2211 2625 coepit
2239 2539 2549 2630 periectus
2581 2560 2713 2608 esse
2739 2561 2938 2625 quam

678 2644 964 2709 disceret.
1012 2642 1151 2724 quis
1192 2660 1295 2707 oro
1338 2640 1413 2706 de
1446 2643 1760 2709 ueteribus
1800 2643 1915 2710 hoc
1957 2644 2149 2710 fecit?
2189 2646 2329 2729 quis
2365 2646 2440 2711 de
2471 2645 3007 2729 antiquissimis„

675 2746 743 2812 in
794 2746 915 2813 fide
966 2745 1235 2825 senibus,
1288 2762 1551 2829 quorum
1604 2749 1843 2813 mentes
1889 2749 1951 2812 et
1996 2767 2175 2814 aures
2227 2767 2336 2830 per
2383 2748 2688 2831 plurimos
2739 2768 2942 2814 annos

674 2848 893 2915 diuina
944 2848 1135 2915 uerba
1186 2849 1605 2932 pulsauerant,
1661 2851 1788 2917 tale
1837 2852 2078 2935 aliquid
2121 2853 2449 2939 impendit,
2503 2853 2688 2936 quale
2729 2852 2940 2919 adhuc

674 2952 847 3019 rudis
917 2950 1059 3018 fidei
1119 2954 1182 3017 et
1241 2952 1342 3018 eui
1401 2953 1676 3019 nondum
1745 2956 2006 3021 forsitan
2073 2956 2426 3023 crederetur
2496 2974 2938 3042 supergressus

783 3210 813 3263 1
840 3208 979 3279 eius]
1006 3222 1105 3279 ego
1130 3230 1168 3280 μ
1308 3212 1432 3281 qua]
1461 3226 1618 3280 quem
1640 3228 1689 3265 w
1827 3192 2242 3281 antiquioribus]
2268 3212 2382 3265 eius
2406 3210 2655 3281 operibus
2679 3211 2808 3289 aad.
2835 3228 2869 3267 v

676 3298 829 3355 dicta
856 3300 907 3355 T
1054 3296 1089 3353 2
1112 3298 1263 3366 petes
1293 3298 1377 3360 Τί,
1400 3312 1536 3352 οων.
1567 3298 1634 3353 in
1654 3299 1780 3381 peto
1811 3298 1862 3353 T
1881 3314 1946 3352 m.
1974 3300 2015 3352 2
2159 3298 2195 3351 4
2219 3296 2549 3351 erudimenta
2576 3298 2628 3351 T
2759 3298 2944 3367 mag-is

676 3385 907 3443 credidit
930 3402 979 3439 w
1164 3384 1199 3437 5
1220 3382 1371 3451 tunc]
1396 3400 1537 3438 nunc
1564 3384 1613 3437 T
1619 3386 1676 3447 ¹t,
1700 3400 1737 3437 n
1763 3383 1836 3437 Γ*
2019 3383 2134 3437 fieri
2159 3382 2408 3438 idoneum
2431 3384 2800 3438 arbitrabatur
2822 3400 2870 3437 w

676 3478 731 3530 et
754 3464 855 3529 dm.
888 3474 967 3529 Tv
1218 3470 1251 3525 6
1274 3467 1364 3539 ad]
1388 3472 1447 3523 et
1468 3486 1517 3525 w
1768 3470 1900 3539 ueri]
1925 3470 2212 3523 ueritatem
2245 3470 2335 3539 Tt,
2361 3486 2497 3525 corr.
2525 3470 2590 3524 in
2612 3470 2860 3524 ueritatis
2895 3470 2954 3525 T

676 3577 743 3617 m.
768 3564 806 3617 2
1010 3556 1385 3627 capacitatem]
1408 3556 1687 3625 peruenire
1711 3555 1838 3611 add.
1866 3574 1898 3612 v
2105 3556 2152 3609 si
2177 3570 2309 3610 corr.
2339 3558 2404 3611 in
2427 3556 2534 3610 nisi
2563 3557 2618 3611 T
2817 3571 2946 3610 con-

676 3644 1005 3715 cupiscentia
1027 3660 1077 3699 w
1241 3644 1273 3697 7
1298 3642 1684 3697 sanctimoniae
1705 3646 1888 3696 tenore
1917 3640 2088 3707 TFL,
2113 3642 2298 3711 uigore
2323 3644 2380 3697 et
2403 3642 2756 3695 sanctimonia
2781 3658 2868 3709 ιομ

677 3731 924 3801 calcaret]
946 3716 1214 3785 tenuisset
1236 3744 1325 3798 ωμ
1538 3728 1574 3782 8
1596 3730 1757 3782 tanta
1779 3728 2040 3782 miracula
2065 3745 2156 3797 ωμ
2362 3728 2400 3783 9
2419 3730 2596 3783 totum
2621 3728 2807 3783 diuina
2829 3748 2868 3798 μ

678 3820 747 3875 10
768 3818 967 3873 ueteris
1002 3819 1074 3873 Τι
1209 3816 1451 3887 paritura
1472 3815 1561 3879 P,
1586 3818 1875 3884 aparatura
1898 3836 1938 3885 μ
1961 3814 2058 3870 sed
2083 3831 2116 3869 a
2133 3830 2172 3871 a.
2196 3816 2227 3869 1.
2251 3832 2320 3871 m.
2339 3820 2377 3871 2
2514 3817 2578 3869 11
2605 3814 2670 3869 de
2691 3816 2944 3887 lectione]

678 3905 963 3961 dilectione
994 3904 1131 3974 Τμω
1386 3903 1455 3958 12
1476 3902 1762 3973 nouitatis]
1787 3902 2023 3957 humana
2045 3920 2135 3971 ωμ
2390 3902 2753 3972 festinatione]
2780 3904 2942 3957 testi·

678 3992 1007 4047 moniatione
1030 4010 1068 4060 μ
1312 3989 1381 4044 13
1404 3974 1531 4046 <iffi
1557 4009 1614 4060 μ,
1639 3988 1766 4043 dum
1789 4004 1856 4054 w,
1882 3988 1978 4043 deo
1999 4007 2034 4045 v
2274 3990 2342 4043 14
2363 3986 2722 4057 indigentiam
2747 4004 2869 4057 ιομυ

676 4062 973 4135 multorum
994 4065 1183 4147 pacem
1214 4077 1275 4140 T,
1298 4092 1589 4147 pauperum
1613 4092 1737 4146 ωμυ
1923 4073 2331 4129 substinendam
2354 4091 2462 4143 wa,
2487 4074 2798 4128 sustendam
2827 4075 2943 4141 T't,

678 4162 1087 4221 sustentandam
1112 4164 1217 4218 T²v
1434 4164 1501 4217 15
1524 4178 1688 4233 prope
1711 4162 1930 4230 scripsi,
1956 4177 2050 4231 pro
2079 4160 2141 4226 Τ,
2167 4176 2265 4215 om.
2292 4176 2418 4229 ωμυ
2636 4159 2811 4229 pretia
2833 4176 2944 4229 ιομ,

674 4251 878 4323 proelia
917 4250 1081 4320 preda
1118 4250 1181 4316 Τ,
1229 4250 1401 4319 pretio
1437 4266 1485 4314 v,
1526 4248 1747 4320 praedia
1786 4248 1958 4317 pretio
2003 4246 2196 4316 Oxou„
2241 4246 2336 4301 sed
2379 4246 2449 4311 cf.
2489 4262 2530 4301 c.
2567 4250 2637 4301 13
2677 4250 2730 4299 et
2773 4244 2944 4314 Cypr.

666 4354 729 4407 p.
755 4341 963 4405 232,14
1156 4336 1223 4390 16
1248 4338 1303 4389 et
1326 4356 1367 4405 μ
1388 4350 1429 4390 s.
1455 4335 1487 4389 l.
1512 4352 1579 4389 m.
1608 4338 1650 4389 2
1855 4334 1920 4388 17
1947 4333 2112 4387 etiam
2137 4348 2235 4387 om.
2260 4348 2312 4385 w
2504 4330 2732 4401 pertulit
2755 4332 2872 4400 wp¹

677 4422 745 4479 18
768 4426 825 4479 et
858 4439 957 4479 om.
992 4422 1191 4489 Twa¹v
1500 4422 1814 4491 praepotera
1843 4422 1954 4486 1²¹2,
1991 4420 2332 4489 praepostera
2363 4416 2450 4483 Γ,
2485 4420 2703 4487 propter
2737 4432 2800 4471 ea
2823 4433 2871 4471 ω

674 4510 739 4565 21
762 4510 995 4579 senibus]
1024 4509 1261 4565 senimus
1282 4509 1345 4571 T,
1368 4507 1611 4577 epatium
1633 4524 1876 4563 uacuum
1898 4507 1962 4561 in
1984 4512 2008 4561 t
2145 4505 2492 4575 plurimorum
2519 4502 2569 4557 Τ
2699 4502 2770 4557 23
2793 4502 2942 4573 fidei]

676 4596 835 4651 homo
859 4594 985 4651 add.
1014 4614 1046 4652 v
