3217 5150
620 523 753 590 310
1556 529 1926 600 Appendix.

994 686 1073 746 Et
1101 687 1313 748 celeres
1344 689 1495 749 uitae
1522 689 1750 750 facilem
1777 689 2002 750 haurite
2031 689 2326 764 liquorem.

868 787 952 848 40
996 789 1055 848 Si
1084 791 1213 865 quis
1243 792 1385 851 uelit
1412 809 1624 866 poenas
1652 795 1914 853 aeternae
1943 793 2180 852 euadere
2211 792 2470 852 flammae

994 893 1345 970 Ignarusque
1376 896 1467 955 die
1498 897 1836 971 uenturique
1868 897 2082 957 inssciu
2111 895 2237 954 aevi

991 995 1071 1055 Et
1098 997 1281 1058 iustae
1310 999 1503 1073 potius
1532 999 1778 1074 adipisci
1807 999 2060 1074 praemia
2087 999 2258 1072 uitae,

992 1100 1159 1160 Hunc
1188 1119 1363 1162 unum
1392 1103 1718 1164 meminisse
1748 1103 1934 1163 Deum
1961 1103 2254 1176 solumque
2281 1101 2642 1175 precandum,

992 1203 1101 1274 Qui
1128 1206 1311 1264 totum
1340 1205 1401 1264 in
1431 1205 1581 1265 libra
1609 1207 1800 1281 posuit
1830 1207 1936 1266 sub
1964 1206 2162 1266 limine
2193 1205 2482 1276 mundum,

864 1305 946 1363 45
990 1305 1411 1397 Aeternumque
1438 1327 1674 1370 manens
1705 1327 2034 1385 semperque
2063 1309 2290 1370 futurus
2317 1307 2380 1366 in
2407 1323 2630 1378 aeuum,

990 1411 1225 1472 Saecula
1250 1417 1454 1490 cuncta
1482 1415 1706 1488 tenens,
1737 1417 1798 1475 et
1827 1417 1959 1474 ante
1989 1413 2216 1474 saecula
2243 1413 2416 1484 solus,

988 1513 1288 1590 Ingenitus
1316 1517 1438 1576 sine
1469 1517 1580 1578 fine
1610 1519 1762 1579 Deus
1791 1519 2168 1592 thronumque
2199 1517 2453 1576 diuinum

990 1617 1154 1678 Solus
1182 1619 1399 1679 habens
1428 1621 1650 1681 caelum
1679 1638 1900 1695 semper
1927 1620 2305 1695 supereminet
2333 1619 2512 1678 altum

988 1721 1357 1796 Omnipotens
1386 1724 1563 1796 solus,
1594 1726 1688 1784 eui
1715 1726 1920 1799 parent
1949 1725 2138 1784 omnia
2166 1740 2376 1795 rerum,

861 1823 947 1882 50
992 1824 1183 1900 [Pater
1210 1825 1363 1885 filius
1394 1828 1632 1901 spiritus
1663 1829 1762 1903 qui
1789 1830 1926 1887 sunt
1953 1844 2174 1901 semper
2201 1827 2262 1886 in
2292 1825 2480 1901 unum]

988 1927 1097 1998 Qui
1123 1929 1237 1988 sibi
1265 1931 1646 2004 conplacitum
1677 1932 1960 1992 hominem
1987 1931 2254 1991 formauit
2285 1929 2345 1988 in
2373 1946 2592 2000 aeuum,

940 2039 951 2052 ‘
984 2033 1279 2094 Pastorem
1308 2037 1603 2107 pecudum,
1636 2033 1920 2094 dominum
1949 2035 2106 2094 dedit
2135 2051 2258 2093 esse
2289 2033 2534 2093 ferarum

987 2135 1196 2210 Iusque
1226 2136 1384 2196 dedit
1412 2139 1704 2198 uolucrum
1733 2141 2078 2212 pontumque
2107 2137 2288 2198 solum
2322 2135 2738 2207 dominandum,
2794 2130 2856 2211 R

984 2239 1093 2310 Qui
1124 2256 1379 2300 sermone
1408 2245 1575 2301 tenus
1606 2243 1795 2316 potuit
1823 2242 2124 2302 extendere
2155 2240 2372 2302 caelum

860 2340 939 2401 55
982 2342 1060 2401 Et
1088 2343 1331 2402 solidam
1358 2345 1530 2404 uerbo
1562 2345 1734 2404 iussit
1777 2345 2118 2418 suspendere
2147 2345 2360 2404 terram

981 2445 1067 2504 Ac
1097 2446 1247 2506 dicto
1278 2447 1449 2507 citius
1480 2449 1772 2522 separauit
1800 2447 2058 2521 aequoris
2087 2449 2316 2519 undam,

980 2551 1145 2611 Hanc
1174 2551 1435 2611 manibus
1465 2569 1656 2612 caram
1685 2551 1886 2611 dilexit
1913 2550 2129 2626 fingere
2157 2551 2394 2611 formam

977 2654 1361 2729 Decoramque
1392 2673 1553 2715 suam
1576 2655 1762 2715 uoluit
1789 2656 1978 2715 inesse
2005 2655 2264 2729 figuram,

980 2757 1197 2831 Spiritu
1224 2758 1507 2818 uiuificam
1538 2760 1772 2819 adflauit
1801 2758 2057 2819 uultibus
2085 2776 2300 2819 auram.

847 2860 929 2919 60
1056 2862 1355 2921 Immemor
1382 2862 1479 2921 ille
1508 2863 1634 2936 Dei,
1664 2864 1874 2924 temere
1905 2862 2236 2922 conmittere
2263 2862 2446 2933 tanta,

976 2964 1099 3025 Nec
1128 2965 1287 3025 ultra
1312 2965 1589 3027 monitum
1619 2967 1920 3041 quicquam
1949 2966 2334 3039 contingeret:
2365 2982 2558 3035 unum,

976 3068 1138 3128 Vnde
1167 3070 1377 3129 malum
1406 3070 1578 3129 sciret
1606 3072 1666 3129 et
1694 3070 1840 3129 unde
1871 3072 2188 3129 dinosceret
2216 3085 2456 3143 aequum

974 3171 1261 3245 Protinus,
1294 3172 1575 3233 inlicitum
1605 3174 1792 3232 uetuit
1821 3172 2144 3247 contingere
2173 3190 2416 3246 pomum.

978 3274 1201 3345 Quanta
1230 3276 1379 3335 Deus
1408 3276 1624 3335 homini
1652 3275 1911 3350 permisit
1941 3292 2172 3336 munera
2201 3274 2397 3333 mundi

849 3378 927 3437 65
971 3378 1049 3438 Et
1076 3380 1377 3453 praedulce
1409 3380 1499 3439 sui
1528 3377 1783 3455 signauit
1813 3382 2022 3455 pignus
2051 3380 2277 3451 amoris,

971 3482 1159 3543 Vtilia
1188 3487 1247 3542 et
1275 3500 1407 3543 cara
1435 3484 1642 3543 tribuit
1669 3486 1938 3544 mandata
1968 3482 2193 3556 salutis,

984 3586 1098 3645 Sub
1128 3586 1349 3647 dicione
1380 3588 1539 3649 dedit
1566 3590 1751 3648 terras
1781 3588 2134 3661 animamque
2163 3587 2470 3658 uiuentem,

729 3856 799 3911 39
834 3858 1049 3929 celeres]
1086 3860 1336 3913 caelestis
1368 3862 1443 3915 W
1582 3860 1655 3915 40
1689 3863 1809 3929 quis
1838 3860 1980 3916 DTv
2115 3860 2273 3915 uellit
2303 3862 2379 3915 W
2512 3860 2726 3915 flamam
2757 3862 2847 3927 W,

592 3942 754 3996 flama
790 3944 841 3997 T
1166 3946 1237 4000 41
1272 3947 1358 4000 die
1392 3947 1514 4011 DT,
1552 3946 1642 4001 dei
1685 3950 1761 4003 W
2087 3948 2156 4001 43
2192 3945 2349 4001 deum
2383 3946 2690 4001 meminisse
2722 3947 2781 4001 D

590 4028 665 4082 44
699 4028 893 4083 libram
934 4032 985 4085 T
1288 4034 1492 4087 lumine
1532 4034 1613 4089 W
1921 4034 1994 4089 45
2029 4038 2376 4101 aeternusque
2419 4034 2499 4089 W
2527 4050 2630 4088 nus
2661 4050 2703 4089 s.
2742 4036 2776 4089 l.

592 4114 662 4169 46
698 4117 753 4169 et
787 4118 913 4169 ante
946 4117 1153 4183 DTW,
1190 4121 1314 4172 ante
1348 4120 1529 4173 omnia
1560 4120 1736 4175 Fabr.
1773 4126 1826 4174 et
1859 4137 1894 4175 v
2115 4121 2242 4173 solis
2285 4121 2363 4177 W
2570 4122 2642 4175 48
2675 4120 2848 4175 caelos

593 4201 666 4265 D,
704 4202 847 4256 caelo
890 4204 971 4257 Tv
1168 4222 1371 4275 semper
1406 4222 1509 4261 om.
1562 4206 1638 4260 W
1837 4208 1950 4262 alto
1984 4206 2206 4262 DTW’v
2409 4208 2480 4262 50
2512 4222 2610 4263 οοη.
2650 4208 2781 4263 ΤΨ

592 4288 818 4357 spiritus
852 4293 1069 4343 sanctus
1107 4291 1166 4345 D
1324 4293 1393 4346 52
1428 4291 1581 4346 dedit
1617 4308 1728 4347 esse
1761 4294 1950 4357 Fabiu,
1983 4293 2191 4347 dedisse
2224 4294 2450 4350 DTWv
2599 4293 2668 4347 56
2701 4292 2846 4347 dicto

476 4404 481 4409 ·
592 4374 755 4429 citius
792 4376 843 4429 T
870 4377 937 4430 in
971 4392 1080 4431 ras.
1266 4378 1332 4432 57
1371 4394 1551 4432 curam
1580 4381 1632 4432 T
1810 4380 1880 4433 62
1914 4396 2102 4448 aequm
2131 4381 2204 4443 D,
2241 4396 2422 4435 aecum
2455 4382 2507 4433 T
2681 4380 2749 4433 66
2784 4381 2848 4433 ut

592 4458 695 4513 illa
730 4460 781 4515 T
982 4466 1038 4516 et
1074 4478 1195 4518 cara
1236 4464 1326 4530 W,
1362 4482 1486 4519 cara
1518 4464 1666 4521 DTv
1873 4466 2072 4520 tribuit
2105 4466 2220 4536 ipse
2262 4466 2340 4521 W
