3217 5150
653 493 776 561 172
1587 490 1957 561 Appendix.

647 650 844 713 sicut
896 667 1066 711 oues
1124 650 1566 724 errauimus,
1634 652 2153 727 unusquisque
2182 652 2257 713 in
2300 653 2495 713 uiam
2538 669 2735 712 suam
2780 652 2894 710 de·

648 754 984 814 clinauit.
1061 754 1129 813 de
1188 753 1393 829 quibus
1459 754 1635 815 etiam
1714 756 1909 815 eadem
1978 755 2259 831 sapientia
2297 756 2551 831 loquitur
2591 772 2695 831 per
2736 754 2901 815 Salo-

645 873 900 918 monem:
973 857 1243 916 multae
1315 858 1478 919 uiae
1549 858 1909 919 uidentur
1980 858 2399 920 hominibus
2472 863 2753 931 rectae,
2828 860 2902 918 et

647 960 1106 1021 nouissimae
1151 977 1389 1022 earum
1434 963 1711 1021 ducunt
1752 962 1839 1023 ad
1881 965 2196 1023 mortem.
2244 978 2388 1037 quae
2439 962 2637 1037 utique
2684 962 2901 1021 multae

643 1063 982 1136 perditionis
1011 1064 1140 1125 uiae
1167 1066 1306 1125 tunc
1333 1065 1695 1139 inceduntur,
1740 1083 1868 1126 cum
1912 1083 2031 1125 una
2058 1066 2270 1141 regalis
2298 1067 2397 1155 uia
2425 1066 2519 1125 lex
2550 1065 2655 1126 Dei
2682 1065 2896 1126 uideli-
2918 1084 2943 1121 6

643 1170 753 1241 cet,
801 1184 943 1242 quae
971 1185 1152 1243 neque
1189 1168 1262 1227 ad
1291 1168 1581 1227 dexteram
1610 1184 1793 1243 neque
1823 1169 1896 1229 ad
1924 1167 2219 1229 sinistram
2250 1168 2521 1241 declinat,
2561 1185 2665 1243 per
2692 1169 2897 1243 negle-

641 1270 897 1345 gentiam
946 1272 1244 1333 deseritur.
1305 1270 1372 1331 de
1421 1289 1536 1348 qua
1587 1271 1813 1333 scilicet
1862 1273 1960 1334 uia
2010 1273 2286 1335 Dominus
2336 1273 2601 1333 Christus
2652 1272 2754 1347 qui
2806 1276 2901 1333 est

643 1374 774 1433 finis
825 1374 972 1449 16316
1012 1375 1085 1435 ad
1125 1374 1408 1435 iustitiam
1446 1376 1602 1436 omni
1632 1378 1888 1437 credenti
1917 1377 2251 1437 denuntiat:
2296 1393 2425 1451 ego
2470 1393 2617 1436 sum
2662 1376 2783 1437 uia
2825 1380 2899 1435 et

641 1478 931 1537 ueritas
975 1480 1048 1538 et
1087 1478 1275 1537 uitat
1322 1494 1520 1540 nemo
1565 1478 1774 1539 uenit
1814 1481 1900 1540 ad
1942 1482 2221 1553 patrem
2275 1479 2422 1539 nisi
2467 1496 2593 1554 per
2636 1495 2757 1539 me.
2824 1480 2901 1537 ad

640 1598 812 1656 quam
862 1582 1014 1641 uiam
1065 1596 1259 1641 omnes
1310 1580 1570 1643 homines
1598 1582 1970 1644 communiter
1998 1583 2213 1643 inuitat
2242 1582 2467 1645 dicens:
2516 1581 2765 1643 uenite
2810 1582 2896 1641 ad
2916 1596 2965 1635 1⁰

641 1702 742 1745 me
805 1702 1045 1749 omnes
1103 1684 1226 1760 qui
1289 1685 1658 1747 laboratis
1712 1691 1785 1747 et
1838 1688 2125 1748 onerati
2189 1689 2401 1763 estis,
2467 1690 2541 1749 et
2596 1705 2727 1763 ogo
2772 1704 2900 1747 uos

641 1789 993 1851 reficiam.
1040 1790 1215 1865 quia
1255 1807 1396 1851 non
1433 1795 1548 1851 est
1576 1808 2048 1866 personarum
2078 1794 2412 1867 acceptio
2444 1793 2631 1867 apud
2660 1794 2896 1852 Deum.

643 1894 742 1953 ubi
772 1911 887 1953 non
917 1896 1008 1954 est
1035 1894 1279 1953 Iudaeus
1309 1896 1367 1953 et
1395 1893 1665 1967 Graecus,
1706 1895 1993 1955 masculus
2024 1897 2085 1955 et
2128 1895 2363 1970 femina,
2406 1912 2607 1957 seruus
2636 1898 2699 1956 et
2727 1895 2897 1967 liber,

643 1997 924 2057 barbarus
977 1999 1037 2056 et
1087 1996 1317 2071 Scytha,
1370 1998 1472 2057 sed
1522 1997 1713 2057 omnia
1758 1996 1821 2057 in
1870 1998 2133 2059 omnibus
2174 1998 2470 2059 Christus:
2515 2013 2716 2059 omnes
2744 1997 2901 2057 enim

643 2116 822 2159 unum
871 2100 1008 2159 sunt
1047 2099 1118 2159 in-
1139 2098 1366 2161 Ohristo
1405 2100 1556 2159 Iesu.
1603 2099 1737 2159 dum
1764 2118 1899 2176 ergo
1930 2100 2194 2161 Christus
2243 2100 2377 2161 finis
2428 2103 2521 2161 est
2570 2099 2741 2175 16316,
2796 2100 2897 2175 qui
2916 2118 2959 2157 1⁵

646 2202 769 2261 sine
817 2200 944 2276 1636
997 2205 1133 2261 sunt
1163 2202 1285 2261 sine
1315 2202 1541 2263 Christo
1591 2202 1754 2263 fiunt.
1801 2202 2005 2279 igitur
2030 2203 2275 2279 populus
2316 2203 2441 2263 sine
2486 2204 2621 2277 1636
2649 2203 2897 2277 populus

645 2303 767 2365 sine
819 2304 1044 2365 Christo
1096 2308 1203 2367 est.
1251 2305 1554 2365 abusiuum
1605 2322 1740 2379 ergo
1772 2306 1832 2365 in
1883 2307 2234 2381 temporibus
2285 2306 2572 2382 euangelii
2622 2306 2899 2381 populum

644 2408 768 2470 fieri
801 2408 926 2468 sine
957 2408 1203 2483 Christo,
1236 2409 1462 2483 quando
1493 2410 1769 2483 apostolis
1798 2409 1860 2468 111
1890 2414 2125 2469 cunctas
2165 2413 2370 2485 gentes
2398 2409 2636 2469 licentia
2664 2407 2896 2483 praedi-

641 2511 884 2573 cationis
933 2512 1070 2571 data
1119 2513 1226 2586 est,
1281 2512 1507 2588 quando
1557 2512 1873 2576 tonitruum
1923 2512 2214 2588 euangelii
2254 2528 2359 2588 per
2400 2514 2635 2572 cunctas
2678 2509 2897 2571 saeculi

641 2617 837 2690 partes
889 2617 1157 2690 intonuit,
1210 2617 1434 2691 quando
1476 2618 1681 2690 gentes
1719 2632 1865 2690 quae
1894 2633 2009 2677 non
2036 2616 2403 2676 sectabantur
2452 2614 2741 2674 iustitiam
2792 2613 2899 2673 ad-
2916 2630 2962 2670 ω

643 2720 1072 2795 prehenderunt
1099 2718 1402 2791 iustitiam,
1450 2719 1675 2794 quando
1706 2718 1807 2794 qui
1834 2718 2005 2792 longe
2033 2718 2264 2779 fuerunt
2292 2717 2435 2780 facti
2464 2721 2601 2778 sunt
2630 2734 2811 2792 prope
2839 2717 2897 2776 in

641 2823 920 2897 sanguine
971 2819 1186 2882 Christi
1201 2865 1217 2894 ,
1261 2821 1360 2896 qui
1413 2816 1721 2896 aliquando
1772 2839 1886 2882 non
1930 2821 2193 2896 populus,
2246 2838 2398 2881 nunc
2427 2823 2617 2882 autem
2648 2821 2898 2896 populus

642 2926 875 2985 sanctus
918 2925 979 2984 in
1011 2924 1258 2994 Christo,
1311 2925 1537 2998 quando
1579 2926 1671 2983 est
1699 2927 1925 2998 tempus
1976 2924 2327 2998 acceptabile
2357 2926 2418 2984 et
2446 2924 2571 2985 dies
2602 2925 2813 2984 salutis
2841 2929 2899 2984 et-

639 3031 899 3102 tempora
946 3025 1232 3101 refrigerii
1278 3027 1341 3085 in
1392 3029 1697 3101 conspectu
1736 3027 2022 3102 altissimi,
2074 3027 2297 3102 quando
2338 3044 2713 3102 unaquaeque
2756 3045 2899 3102 gens

635 3130 813 3191 habet
853 3132 1057 3190 testem
1086 3129 1538 3203 resurrectionis,
1571 3130 1797 3204 quando
1826 3132 2176 3205 protestatur
2203 3130 2507 3190 Dominus:
2554 3146 2587 3189 e
2601 3147 2721 3190 cce
2766 3147 2897 3204 636
2915 3147 2965 3187 25

773 3347 809 3402 3
843 3347 1000 3402 Pron.
1041 3347 1120 3410 14,
1162 3347 1242 3401 12.
1607 3347 1644 3400 8
1678 3347 1755 3402 Io.
1798 3347 1880 3414 14,
1916 3348 1965 3402 6.
2345 3347 2414 3402 10
2446 3345 2647 3403 Matth.
2690 3348 2775 3412 11,
2811 3347 2895 3402 28.

635 3433 706 3490 25
742 3433 865 3491 Gal.
899 3432 948 3496 3,
984 3432 1068 3487 28.

707 3675 716 3684 ·
774 3652 807 3705 1
831 3663 984 3704 suam
1007 3647 1153 3702 uiam
1177 3645 1241 3700 X
1392 3646 1428 3700 2
1451 3646 1558 3702 uiis
1581 3647 1747 3702 etiam
1768 3663 1817 3712 v,
1846 3646 2011 3702 etiam
2035 3644 2142 3700 11116
2171 3645 2308 3701 G’X
2450 3645 2637 3702 eadem
2662 3662 2769 3703 ons.
2792 3666 2829 3703 v

633 3740 672 3792 4
705 3751 890 3792 eorum
933 3736 980 3788 G
1231 3731 1501 3788 deducunt
1532 3750 1566 3790 v
1816 3733 1853 3788 5
1887 3731 2083 3801 legalis
2125 3732 2179 3786 V
2416 3733 2451 3788 6
2484 3732 2731 3786 dextram
2766 3732 2833 3790 X

635 3825 667 3878 ’1
687 3824 848 3881 ’166116
883 3820 1116 3875 christus
1147 3834 1199 3884 v,
1235 3819 1378 3874 iesus
1414 3819 1477 3872 X
1746 3821 1781 3875 8
1816 3819 1907 3877 uia
1938 3819 2015 3888 et]
2050 3821 2143 3873 uia
2176 3819 2269 3874 Xv
2544 3819 2613 3873 10
2644 3819 2895 3874 homines

633 3925 738 3966 om.
783 3907 839 3962 V
1037 3905 1104 3959 11
1139 3907 1217 3960 et.
1238 3945 1251 3958 .
1273 3905 1532 3960 ‚reficiam
1565 3921 1665 3960 61η.
1703 3905 1766 3960 X
1978 3903 2046 3960 12
2079 3903 2315 3962 reficiam
2350 3919 2446 3958 uos
2481 3920 2517 3960 υ
2736 3905 2807 3960 13
2842 3907 2899 3960 et

634 3996 709 4066 g.]
747 4010 842 4050 nec
877 4007 1098 4062 graecus
1132 4008 1167 4047 v
1372 3991 1442 4046 14
1476 3990 1693 4046 shcitha
1730 3990 1781 4044 G
1984 3989 2099 4044 sed.
2120 4029 2133 4044 .
2154 3991 2293 4046 ‚iesu
2326 4007 2429 4048 οηι.
2454 3989 2518 4044 X
2721 3991 2803 4061 in]
2840 3994 2899 4046 et

633 4083 694 4136 in
733 4083 782 4136 G
815 4080 913 4136 sed
945 4081 1001 4132 et
1034 4093 1078 4133 6.
1114 4077 1150 4133 1.
1187 4094 1258 4134 m.
1293 4080 1334 4133 2
1559 4075 1823 4144 omnibus]
1862 4075 2043 4130 omnia
2087 4076 2141 4130 V
2348 4076 2511 4146 6111111]
2546 4091 2679 4145 ergo
2718 4077 2834 4131 GV

635 4168 704 4223 15
735 4165 877 4236 legis
911 4167 996 4220 est
1033 4163 1126 4220 Xv
1365 4162 1434 4216 16
1465 4161 1623 4229 fiunt]
1664 4163 1793 4216 sunt
1824 4161 1885 4214 X
2128 4161 2245 4216 sine
2278 4162 2398 4231 1636
2432 4161 2495 4216 X
2526 4178 2569 4216 s.
2608 4163 2644 4216 l.
2680 4179 2753 4216 m.
2790 4167 2828 4218 2

635 4252 702 4307 17
737 4250 895 4306 abusi
931 4249 1070 4303 G¹V
1307 4248 1373 4302 18
1407 4246 1526 4300 sine
1559 4246 1677 4315 1636
1710 4246 1831 4300 fieri
1863 4262 1898 4301 υ
2135 4242 2202 4300 21
2238 4247 2303 4304 de
2337 4248 2499 4317 161136
2532 4247 2757 4304 fuerant
2791 4267 2828 4306 v

632 4340 703 4394 23
737 4339 972 4408 sanctus]
1009 4337 1097 4392 dei
1129 4353 1164 4392 v
1366 4333 1437 4389 24
1470 4347 1789 4402 unaquaque
1829 4335 1892 4398 G,
1936 4348 2175 4402 quaeque
2208 4335 2271 4389 X
2472 4335 2543 4389 25
2576 4335 2633 4390 11.
2668 4339 2896 4407 testem]

631 4424 1004 4480 testimonium
1037 4421 1205 4504 habet
1248 4420 1303 4474 V
1499 4420 1615 4487 ipse
1648 4419 1897 4474 dominus
1932 4421 2263 4488 protestatur
2294 4419 2477 4475 dicens
2510 4437 2547 4477 v
