3217 5150
717 553 802 619 70
1491 583 1504 596 .
1663 547 2027 618 Appendix.

719 725 888 784 quam
927 707 1072 768 nihil
1115 707 1398 768 habituris
1412 753 1428 782 ,
1471 708 1524 768 si
1563 709 1672 769 hoc
1712 723 1933 782 quoque
1972 705 2164 781 adepti
2192 723 2264 767 ex
2293 707 2520 782 integro
2550 722 2663 766 non
2694 705 2967 778 fiiissent,

722 811 954 886 perinde
999 827 1066 872 ac
1118 813 1169 872 si
1217 829 1520 886 numquam
1569 811 1854 886 baptizati
1908 811 1969 870 in
2018 811 2244 870 nomine
2297 809 2433 870 Iesu
2482 809 2699 869 Christi
2754 809 2967 869 forent.

728 915 964 990 ideoque
991 915 1264 976 nonnulla
1289 929 1462 989 super
1490 915 1600 974 hac
1629 931 1778 974 noua
1808 913 2139 988 quaestione
2168 912 2385 986 scripta
2408 915 2509 972 aut
2531 912 2812 987 rescripta
2840 928 2970 971 esse

721 1019 1098 1091 iactabantur,
1139 1018 1345 1093 quibus
1384 1021 1629 1092 utraque
1658 1033 1795 1097 pars
1824 1017 1901 1076 ad
1930 1015 2277 1075 destruenda
2302 1013 2491 1075 aliena
2518 1031 2735 1074 summo
2764 1013 2961 1075 studio

721 1122 1026 1183 nitebatur.
1081 1122 1143 1180 in
1171 1139 1288 1196 quo
1309 1135 1514 1196 genere
1539 1118 1911 1194 quaestionis,
1963 1121 2029 1178 nt
2068 1119 2212 1178 mihi
2254 1119 2498 1190 uidetur,
2549 1116 2711 1177 nulla
2738 1117 2969 1177 omnino
2986 1137 3013 1174 s

720 1224 1002 1301 potuisset
1029 1224 1414 1284 controuersia
1441 1226 1540 1282 aut
1587 1221 1923 1296 disceptatio
1972 1236 2281 1295 emergere,
2328 1219 2380 1280 si
2424 1219 2817 1294 unusquisque
2858 1237 2967 1279 no-

723 1333 904 1388 strum
933 1331 1232 1388 contentus
1260 1326 1575 1387 uenerabili
1605 1327 1972 1386 ecclesiarum
2014 1324 2261 1386 omnium
2304 1299 2643 1384 auctoritate
2684 1325 2745 1384 et
2770 1339 2971 1384 neces-

724 1431 874 1491 saria
902 1430 1229 1491 humilitate
1257 1430 1404 1490 nihil
1435 1431 1709 1490 innouare
1738 1429 1998 1504 gestiret,
2030 1446 2159 1489 cum
2180 1427 2366 1488 locum
2388 1427 2827 1488 contradictioni
2852 1443 2971 1486 non

723 1533 1033 1608 quemlibet
1063 1533 1555 1593 animaduerteret.
1587 1549 1831 1607 namque
1862 1547 2025 1592 omne
2056 1531 2206 1605 quod
2237 1535 2297 1590 et
2318 1547 2527 1604 anceps
2556 1531 2615 1590 et
2626 1529 2972 1604 ambiguum

723 1639 780 1697 et
809 1636 869 1695 in
899 1636 1144 1696 diuersis
1185 1635 1487 1696 sententiis
1527 1635 1889 1709 prudentium
1922 1652 1989 1694 ac
2018 1633 2271 1694 fidelium
2312 1635 2562 1694 uirorum
2580 1633 2971 1694 constitutum
2992 1651 3047 1689 ro

724 1741 831 1811 est,
881 1739 931 1798 si
972 1742 1170 1798 contra
1208 1739 1453 1812 priscam
1483 1741 1540 1798 et
1569 1737 1987 1798 memorabilem
2018 1741 2345 1796 cunctorum
2389 1737 2753 1796 emeritorum
2794 1753 2967 1796 sanc-

725 1846 911 1901 torum
953 1845 1012 1900 et
1051 1841 1302 1901 fidelium
1355 1841 1825 1901 solemnissimam
1856 1839 2305 1900 obseruationem
2354 1839 2683 1910 iudicatur,-
2708 1839 2971 1898 damnari

725 1944 919 2017 utique
961 1945 1144 2018 debet,
1188 1961 1312 2004 cum
1341 1945 1402 2002 in
1449 1961 1512 2004 re
1541 1943 1677 2004 olim
1723 1943 2037 2017 composita
2064 1946 2124 2001 et
2154 1942 2431 2014 ordinata,
2461 1941 2851 2016 quodcumque
2876 1944 2974 2000 est

723 2045 864 2105 illud
909 2047 1057 2120 quod
1099 2048 1297 2108 contra
1337 2046 1705 2106 ecclesiarum
1750 2046 1999 2121 quietem
2044 2049 2214 2120 atque
2243 2053 2437 2119 pacem
2466 2043 2528 2103 in
2556 2043 2803 2102 medium
2832 2059 2971 2116 pro-

723 2150 960 2209 ducatur
1017 2150 1163 2208 nihil
1220 2153 1445 2224 praeter
1494 2149 1805 2210 discordias
1854 2151 1914 2207 et
1966 2147 2287 2208 simultates
2340 2150 2398 2206 et
2456 2146 2767 2206 schismata
2816 2145 3041 2209 alla-1⁵

722 2255 943 2312 turum:
993 2254 1092 2313 ubi
1142 2254 1336 2313 nullus
1390 2254 1538 2313 alius
1583 2253 1805 2313 fructus
1856 2250 2169 2327 reperiatur
2216 2249 2329 2309 nisi
2370 2250 2464 2309 hic
2510 2248 2683 2322 solus,
2724 2251 2792 2308 ut
2818 2265 2973 2308 unus

723 2355 908 2429 homo,
964 2355 1300 2431 quicumque
1353 2357 1454 2416 ille
1505 2358 1613 2430 est,
1666 2372 1903 2430 magnae
1954 2354 2289 2430 prudentiae
2331 2355 2390 2412 et
2438 2351 2789 2412 constantiae
2838 2368 2973 2412 esse

726 2458 877 2531 apud
928 2459 1199 2533 quosdam
1255 2459 1414 2518 leues
1463 2445 1731 2519 'homines
1790 2457 1949 2518 inani
2004 2455 2190 2531 gloria
2245 2455 2605 2531 praedicetur
2656 2457 2713 2514 et
2760 2455 2967 2514 haere-

723 2563 964 2622 ticorum
1016 2565 1244 2637 stupore
1289 2562 1604 2637 praedituS,
1659 2561 1867 2637 quibus
1908 2561 2016 2621 hoc
2068 2559 2295 2621 unicum
2322 2558 2662 2635 perditionis
2692 2557 2967 2619 solacium

725 2670 815 2726 est
844 2666 891 2725 si
921 2682 1034 2725 non
1066 2665 1171 2726 soli
1213 2682 1446 2740 peccare
1487 2666 1808 2738 uideantur,
1854 2681 2073 2726 errores
2102 2667 2161 2725 et
2189 2664 2335 2723 uitia
2362 2662 2753 2722 uniuersarum
2782 2662 2968 2721 eccle-
2985 2686 3043 2727 ,ο

627 2782 634 2793 ·
727 2768 940 2829 siarum
969 2768 1276 2827 correxisse
1305 2768 1456 2842 apud
1487 2767 1811 2829 simillimos
1840 2768 1930 2828 sui
1960 2771 2018 2827 et
2058 2782 2347 2842 compares
2383 2765 2717 2827 celebretur.
2764 2766 2968 2825 haere·

723 2870 966 2930 ticorum
995 2871 1143 2931 enim
1171 2871 1419 2931 omnium
1447 2872 1556 2932 hoc
1599 2872 1847 2931 studium
1878 2873 2049 2946 atque
2078 2870 2429 2945 propositum
2458 2862 2548 2927 e'st
2576 2866 2967 2929 sanctissimae

724 2973 896 3032 matri
947 2975 1177 3033 nostrae
1227 2973 1501 3034 ecclesiae
1551 2974 1892 3035 eiuscemodi
1934 2977 1994 3033 et
2034 2972 2311 3049 plurimas
2368 2974 2611 3046 quantas
2654 2970 2969 3031 calumnias

723 3077 950 3136 nectere
977 3078 1036 3136 et
1075 3076 1362 3137 inuenisse
1419 3076 1635 3151 aliquid
1682 3077 1831 3151 quod
1860 3076 1913 3137 ei
1954 3076 2177 3137 crimini
2219 3075 2311 3135 uel
2364 3075 2535 3135 etiam
2586 3073 2793 3133 leuiter
2844 3074 2969 3133 dari

723 3181 916 3253 posset
945 3196 1218 3239 summam
1247 3179 1488 3254 gloriam
1520 3180 1743 3238 ducere.
1790 3181 1939 3254 quod
1980 3195 2108 3238 cum
2136 3178 2357 3239 nullum
2388 3194 2559 3237 sanae
2589 3176 2797 3236 mentis
2824 3174 2965 3236 flde-
2985 3198 3041 3237 τε

723 3281 863 3341 lium
914 3284 1106 3341 tenere
1161 3282 1255 3342 uel
1307 3281 1548 3341 maxime
1597 3282 1819 3341 nullum
1870 3283 2102 3342 omnino
2132 3282 2194 3341 in
2234 3296 2585 3356 quocumque
2632 3280 2783 3341 clero
2832 3298 2968 3340 con—

725 3384 991 3444 stitutum
1031 3402 1098 3445 ac
1136 3384 1316 3444 multo
1356 3385 1540 3458 magis
1583 3383 1976 3459 episcoporum
2016 3385 2225 3444 audere
2256 3384 2473 3457 deceat,
2518 3382 2756 3443 monstri
2786 3382 2969 3442 simile

724 3492 832 3549 est·
855 3488 1010 3563 ipsos
1062 3488 1358 3562 episcopos
1406 3488 1548 3547 talia
1600 3488 1871 3549 scandala
1910 3488 2163 3563 cogitare
2204 3490 2262 3547 et
2314 3486 2723 3561 turpitudinem
2764 3482 2971 3547 matris

728 3591 1016 3667 ecclesiae,
1047 3592 1097 3651 si
1128 3607 1297 3666 quam
1325 3595 1532 3665 putant
1561 3591 1619 3650 in
1651 3593 1759 3653 hoc
1786 3592 2013 3665 negotio
2036 3608 2177 3663 esse,
2214 3595 2410 3651 contra
2437 3592 2798 3663 praeceptum
2821 3588 2969 3662 legis

724 3696 784 3753 et
824 3694 1071 3754 omnium
1113 3694 1522 3767 scripturarum
1562 3694 1733 3755 nimis
1776 3696 2167 3755 inreuerenter
2218 3710 2346 3753 cum
2388 3694 2513 3767 ipsa
2550 3692 2801 3766 ipsorum
2842 3694 2966 3751 tur-
2986 3716 3043 3757 ω

724 3797 980 3872 pitudine
1011 3799 1070 3857 et
1108 3796 1359 3871 periculo
1388 3815 1502 3858 non
1540 3798 1727 3857 uereri
1768 3799 2051 3871 detegere,
2095 3814 2437 3872 quamquam
2476 3794 2635 3855 nulla
2664 3794 2743 3855 sit
2773 3795 2834 3853 in
2860 3793 2969 3854 hoc

724 3900 839 3960 nisi
879 3900 941 3959 in
982 3917 1170 3960 errore
1223 3899 1474 3974 ipsorum
1525 3901 1755 3961 illorum
1795 3900 2089 3975 turpitudo
2135 3900 2423 3961 ecclesiae,
2474 3898 2667 3973 itaque
2716 3897 2972 3958 deterius

725 4003 1076 4079 delinquitur
1116 4004 1188 4063 ab
1230 4004 1553 4065 hominibus
1593 4004 1889 4077 eiusmodi,
1946 4004 1997 4065 si
2026 4005 2088 4063 id
2118 4004 2269 4079 quod
2298 4004 2359 4063 in
2390 4001 2787 4063 obseruatione
2814 4000 2971 4059 anti-

724 4106 998 4181 quissima
1037 4106 1168 4167 aliis
1209 4110 1499 4182 tamquam
1539 4125 1657 4170 non
1693 4109 1849 4167 recte
1890 4106 1991 4166 fiat
2036 4106 2485 4183 reprehenditur,
2526 4107 2587 4165 et
2631 4104 2704 4163 ab
2748 4102 2841 4163 his
2870 4104 2971 4177 qui

725 4212 856 4270 ante
895 4227 1000 4270 nos
1041 4210 1291 4284 fuerunt,
1343 4214 1466 4270 tum
1507 4212 1679 4271 etiam
1711 4228 1747 4270 a
1774 4209 1940 4270 nobis
1991 4212 2143 4271 recte
2196 4210 2558 4270 obseruatum
2612 4224 2737 4269 esse
2780 4208 2841 4266 et
2868 4208 2971 4267 ob-
2990 4234 3043 4274 3⁵

861 4388 896 4440 9
921 4387 1088 4453 pria-s
1123 4388 1180 4440 et
1213 4400 1313 4441 om.
1339 4386 1468 4455 Riy.
1608 4385 1677 4439 15
1708 4386 1923 4453 praeter
1958 4400 2056 4439 om.
2082 4385 2199 4441 eod.
2221 4384 2251 4439 ἓ
2387 4384 2457 4441 30
2490 4384 2629 4454 ipsa]
2658 4399 2755 4438 sua
2778 4383 2900 4455 1269.

722 4472 794 4526 34
825 4472 951 4527 aliis
986 4472 1120 4538 cod„
1155 4472 1224 4526 ab
1258 4472 1328 4527 iis
1365 4472 1656 4535 Baluzius,
1693 4470 1761 4524 ab
1798 4470 1910 4524 illis
1945 4470 2077 4536 fort.
