3217 5150
604 517 733 582 θα)
1536 513 1900 583 Appendix.

976 674 1199 734 Institit
1228 673 1557 750 inpulsam:
1605 675 1761 748 quid,
1793 673 1895 746 ait,
1927 674 2252 734 discrimine
2281 675 2342 734 in
2373 676 2486 736 isto

984 777 1209 837 Somnia
1236 793 1373 837 nare
1404 776 1560 837 oanis
1574 781 1603 837 ἰ’
1635 780 1908 853 tantoque
1939 779 2002 837 in
2029 779 2257 839 turbine
2286 783 2514 855 portum

850 883 933 942 60
976 880 1141 940 Solus
1170 881 1390 941 habes?
1436 897 1509 940 en
1538 881 1691 940 unda
1719 879 1924 955 operit,
1971 897 2102 956 spes
2132 882 2299 967 unica
2327 883 2523 944 diuum
2552 889 2662 946 est.

972 986 1057 1044 'l'u
1086 1002 1327 1060 quoque,
1357 985 1596 1060 quisque
1625 983 1738 1044 tibi
1767 984 1919 1044 Deus
1943 989 2052 1059 est,
2077 985 2168 1044 dio
2195 989 2332 1045 uota
2361 1002 2666 1064 precesque

975 1089 1309 1162 Indigetans
1338 1086 1587 1162 patrium
1617 1087 1854 1162 supplex
1883 1087 2158 1148 inflectite
2189 1105 2416 1149 numen.

970 1194 1117 1253 Exin
1148 1193 1277 1268 quis
1308 1193 1509 1266 culpae
1534 1191 1814 1265 proprior,
1847 1189 1975 1265 quis
2005 1209 2177 1251 causa
2206 1191 2488 1266 procellae

971 1297 1205 1356 Discere
1234 1297 1385 1356 sorte
1415 1295 1626 1370 planet,
1655 1312 1759 1354 neo
1787 1311 1911 1354 sors
1939 1294 2216 1354 mentitur
2241 1294 2441 1355 Ionan.

849 1401 929 1460 65
972 1399 1130 1459 'l'une
1150 1399 1431 1472 rogitant:
1462 1397 1592 1473 quis
1616 1399 1675 1457 et
1693 1397 1843 1457 unde
1872 1397 2180 1470 hominum,
2213 1397 2340 1473 quis
2363 1400 2605 1475 (lenique
2625 1417 2834 1474 rerum,

970 1503 1091 1573 Quo
1119 1495 1346 1580 populo,
1379 1517 1494 1575 qua
1522 1501 1658 1560 sede
1685 1501 1832 1560 cluis
1845 1505 1873 1559 ἰ’
1919 1501 2194 1561 famulum
2223 1501 2323 1561 ille
2353 1502 2572 1563 fatetur

972 1605 1489 1678 Praetimidumque
1518 1603 1644 1676 Dei,
1678 1604 1776 1678 qui
1809 1603 2028 1663 caelum
2057 1605 2296 1664 sustulit
2325 1603 2461 1680 alte,

974 1708 1083 1778 Qui
1110 1710 1320 1768 terram
1348 1708 1557 1784 posuit,
1588 1707 1690 1782 qui
1718 1707 1902 1766 totum
1930 1723 2162 1781 corpore
2189 1708 2376 1768 fudit:

972 1810 1165 1886 Ipsius
1194 1813 1253 1871 et
1282 1827 1408 1870 sese
1438 1811 1743 1886 profugum
1773 1827 2082 1885 causasque
2113 1811 2348 1872 reuelat.

848 1914 931 1974 70
974 1914 1285 1988 Deriguere
1314 1917 1485 1974 metu.
1516 1914 1658 1988 quid
1687 1930 1790 1973 noe
1821 1913 2000 1987 igitur
2027 1913 2136 1973 tibi
2165 1915 2408 1989 eulpae?

974 2017 1123 2088 Quid
1151 2019 1270 2076 fore
1298 2015 1491 2077 nuno?
1536 2035 1779 2092 quonam
1811 2016 2164 2091 placabimus
2195 2035 2444 2094 aequora
2471 2021 2637 2093 paeto
2653 2023 2682 2079 *ι’

976 2120 1235 2195 Namque
1266 2120 1450 2194 magis
1480 2119 1769 2194 multoque
1799 2121 1986 2195 magis
2015 2119 2162 2181 freta
2192 2139 2364 2181 saeua
2391 2123 2712 2184 tumebant.

976 2223 1117 2283 Tum
1146 2223 1373 2283 Domini
1402 2225 1563 2283 uates
1593 2223 1822 2297 ingestu
1855 2223 2092 2297 spiritus
2122 2223 2280 2283 infltr

974 2326 1065 2385 En
1094 2343 1198 2402 ego
1228 2329 1556 2401 tempestae,
1588 2344 1694 2401 ego
1723 2329 1848 2387 tota
1879 2326 2104 2386 insania
2131 2327 2348 2400 mundi,

850 2429 930 2488 75
974 2429 1043 2488 In
1074 2447 1181 2504 me,
1214 2430 1417 2504 inquit,
1448 2429 1616 2490 uobis
1644 2429 1841 2490 aether
1861 2430 1982 2489 ruit
2009 2433 2068 2489 et
2096 2445 2250 2490 mare
2281 2430 2488 2504 surgit,

976 2533 1045 2593 In
1072 2551 1161 2593 me
1190 2536 1345 2594 terra
1372 2532 1588 2609 prooul,
1621 2551 1772 2595 mors
1796 2533 2068 2608 proxima,
2099 2533 2260 2594 nulla
2287 2533 2392 2593 Dei
2424 2549 2572 2609 spes.

978 2638 1125 2707 Quin
1154 2638 1285 2697 date
1315 2638 1683 2712 praeeipitem
1713 2654 1960 2709 oausam,
1996 2654 2307 2712 nauemque
2335 2638 2598 2697 leuantes

972 2742 1161 2801 Vnum
1188 2758 1330 2801 onus
1361 2742 1467 2801 hoo
1496 2758 1764 2814 magnum
1795 2740 1998 2815 pelago
2028 2740 2234 2801 iactate
2265 2740 2498 2801 uolenti.

976 2844 1087 2903 Ast
1114 2844 1205 2902 illi
1236 2844 1452 2903 frustra
1482 2843 1746 2903 nituntur
1785 2846 2008 2903 uertere
2039 2860 2265 2903 cursum

848 2946 932 3006 80
974 2946 1043 3005 In
1072 2947 1334 3021 reditum,
1366 2964 1471 3007 neo
1500 2948 1700 3006 clauus
1729 2948 1880 3007 enim
1909 2948 2162 3021 torqueri
2191 2946 2433 3020 sinebat,

974 3048 1131 3107 Dura
1159 3066 1262 3109 neo
1295 3052 1593 3109 antemnae
1622 3050 1832 3109 mutari
1861 3050 2010 3109 libra
2037 3050 2282 3110 uolebat.

974 3154 1267 3215 Postremo
1297 3155 1369 3215 ad
1395 3153 1728 3215 Dominum:
1761 3172 1832 3214 ne
1861 3171 1965 3215 nos
1995 3154 2056 3213 iu
2084 3155 2285 3215 mortis
2313 3154 2534 3215 hiatum

736 3466 805 3521 59
840 3464 1048 3521 somnia
1082 3482 1209 3520 nare
1244 3466 1389 3520 oanis
1426 3467 1549 3531 ΑΔ,
1585 3466 1851 3521 somniare
1885 3465 2031 3535 capit
2067 3466 2185 3521 Iur-
2515 3466 2586 3520 60
2619 3482 2684 3521 en
2718 3468 2846 3531 AA,

598 3568 695 3608 nos
731 3553 855 3609 Iwr.
1058 3553 1183 3607 unio
1218 3553 1273 3606 A
1494 3553 1563 3607 61
1599 3553 1844 3621 quisquis
1880 3552 1999 3608 Iur.
2222 3553 2291 3607 62
2325 3568 2424 3607 om.
2461 3568 2496 3608 v
2700 3551 2842 3607 indi-

597 3643 789 3710 getans
822 3640 1031 3704 oehler,
1066 3640 1337 3711 indigetes
1359 3642 1430 3705 A,
1466 3640 1745 3710 indegetas
1769 3644 1835 3707 A,
1867 3638 2134 3710 indigetes
2159 3640 2373 3695 Midacr-
2509 3658 2701 3697 nomen
2724 3642 2778 3695 A

599 3726 673 3783 63
704 3728 842 3783 exim
876 3728 985 3782 ΔΛ
1200 3727 1403 3797 prorior
1436 3728 1507 3791 A,
1543 3726 1784 3795 propriae
1819 3728 1938 3783 Iur.
2153 3727 2221 3781 66
2257 3726 2392 3781 oluis
2428 3732 2496 3793 A,
2530 3728 2686 3782 oliuis
2721 3728 2777 3782 A

597 3814 667 3869 67
701 3813 1083 3884 praetimidum
1116 3813 1383 3882 fidumque
1420 3813 1506 3867 dei
1541 3812 1637 3881 qui
1671 3812 1896 3867 sustulit
1929 3813 2103 3866 altum
2145 3813 2264 3867 Iar.
2543 3812 2688 3867 altae
2720 3813 2776 3867 A

596 3901 665 3955 68
699 3903 879 3956 totum
908 3908 971 3967 A,
1009 3902 1181 3956 totam
1203 3902 1275 3965 A,
1298 3904 1523 3969 pontum
1545 3900 1676 3965 fort.
1847 3899 1918 3953 69
1951 3900 2008 3952 et
2029 3914 2129 3953 om.
2155 3916 2188 3954 v
2361 3899 2429 3954 70
2451 3898 2720 3969 diriguere
2743 3914 2778 3954 υ

598 4012 781 4081 oolpae
807 4011 860 4065 A
950 4014 1015 4067 71
1038 4012 1151 4067 fore
1184 4030 1251 4068 nc
1284 4028 1373 4081 qm
1409 4011 1740 4082 plaoabimus
1778 4018 1829 4067 A
1961 4012 2138 4083 pacto]
2174 4011 2319 4067 facto
2357 4011 2482 4066 Iur.
2621 4010 2690 4065 ‘12
2725 4026 2840 4065 sae·

598 4113 668 4152 ua
704 4098 1000 4169 tumebant]
1040 4101 1286 4154 senatum
1321 4102 1505 4169 optent
1539 4102 1593 4155 A
1851 4100 1918 4155 73
1951 4116 2053 4155 om.
2089 4118 2122 4155 υ
2371 4100 2590 4169 ingestu
2622 4100 2839 4169 scripsi,

600 4184 814 4254 ingesta
849 4190 915 4249 A,
954 4186 1195 4254 ingestus
1232 4187 1287 4240 A
1424 4188 1492 4241 75
1526 4188 1583 4240 in
1621 4188 1724 4257 me]
1763 4203 1792 4241 e
1825 4192 1876 4241 A
2012 4186 2165 4241 ather
2201 4192 2252 4241 A
2387 4186 2452 4239 77
2489 4172 2685 4255 {uitem
2723 4190 2775 4238 A

598 4270 668 4325 78
704 4272 970 4327 uolentem
1004 4288 1037 4325 v
1286 4270 1351 4328 79
1387 4272 1493 4342 illi]
1528 4272 1627 4325 isti
1665 4288 1698 4327 v
1940 4272 2142 4328 80—81
2179 4274 2418 4342 torqueri
2453 4271 2671 4326 ualebat
2705 4270 2838 4325 dura

464 4404 473 4409 .
597 4372 691 4411 nec
737 4360 1015 4413 antemnae
1062 4360 1272 4428 (anteue
1307 4360 1378 4428 A)
1426 4360 1623 4413 mutari
1656 4358 1797 4414 libra
1833 4358 2043 4414 sinebat
2078 4360 2212 4426 AA;
2257 4376 2354 4414 em.
2393 4358 2514 4413 Iar.
2551 4358 2667 4413 nisi
2697 4356 2844 4428 quod

596 4446 841 4513 torquere
876 4444 995 4499 exli.
1203 4446 1381 4502 clauos
1415 4461 1509 4500 neo
1544 4444 1686 4499 enim
1723 4448 1972 4515 torquere
2007 4444 2260 4501 ualebant
2294 4450 2394 4501 etc.
2425 4444 2642 4501 Malle?
