3217 5150
591 515 720 581 456
1641 505 1851 561 Index

659 684 766 735 per
800 665 1202 719 abundantiam
1226 663 1480 717 additum
1501 664 1592 717 uel
1615 662 1727 715 eius
1781 666 1961 717 tenere
2020 665 2109 731 (=
2144 660 2434 725 continere)
2495 659 2612 718 202,
2660 659 2753 717 28;
2812 660 2909 726 (=

666 752 842 787 eorum
870 740 1240 800 exspectares:
1267 734 1468 785 sufficit
1487 731 1553 784 ad
1573 695 1757 788 testi-J
1848 732 2114 796 accusare)
2152 732 2269 793 551,
2308 730 2366 789 3;
2404 728 2521 792 644,
2557 728 2653 793 23,
2714 727 2769 781 in
2805 727 2915 779 hoc

665 805 900 856 monium
963 803 1210 869 martyrii
1273 802 1356 854 sui
1416 801 1573 853 testis
1634 800 1755 852 ille¹
1849 804 1962 869 ipso
2017 818 2049 853 a
2100 799 2253 852 nobis
2304 800 2555 850 tenentur
2610 800 2673 850 ut
2726 798 2907 849 osten-

663 872 782 931 660,
817 872 876 936 4,
935 872 1053 934 390,
1090 874 1147 935 3,
1206 871 1324 927 468,
1361 871 1454 933 22,
1508 870 1627 931 512,
1664 870 1753 938 6;ς
1846 870 2034 923 damus
2072 868 2188 933 759,
2225 868 2287 927 83
2340 869 2524 919 tentus
2560 881 2652 933 pro
2688 865 2909 919 nomine

668 942 786 999 522,
823 944 883 996 5,
919 942 1035 1002 552,
1072 944 1117 992 2.
1157 942 1222 999 3,
1267 940 1382 1000 556,
1423 940 1480 1002 7,
1517 940 1635 995 592,
1672 938 1753 996 3.ε
1845 940 1963 1002 529,
2003 940 2069 991 12

663 1011 724 1069 4,
759 1010 876 1071 629,
915 1010 1005 1073 13,
1045 1008 1161 1073 630,
1200 1010 1292 1069 13,
1328 1008 1444 1071 643,
1473 1009 1564 1067 15,
1602 1006 1721 1068 674,
1748 999 1751 1056 l
1776 1010 1927 1061 tenor
1976 1006 2310 1068 tolerantiae,
2371 1002 2702 1071 disciplinae,
2762 1001 2907 1065 fidei,

667 1081 758 1138 11;
819 1078 936 1141 693,
991 1077 1083 1137 10,
1143 1078 1260 1141 696,
1317 1078 1409 1137 15,
1470 1077 1586 1137 724,
1628 1077 1691 1128 15
1710 1092 1722 1134 ;
1844 1077 2048 1143 uigoris
2105 1076 2224 1137 401,
2261 1074 2321 1133 9,
2375 1074 2491 1130 545,
2542 1072 2633 1133 18,
2688 1072 2803 1136 552,
2838 1072 2905 1131 8,

665 1148 782 1206 765,
833 1148 931 1205 20;
991 1162 1051 1199 ex
1089 1163 1182 1199 suo
1235 1146 1468 1199 conferre
1508 1145 1622 1205 701,
1661 1148 1693 1194 4
1708 1139 1749 1203 ,ἕ
1842 1146 1961 1209 579,
2000 1146 2058 1209 1,
2094 1145 2213 1202 621,
2251 1143 2345 1201 17,
2404 1142 2521 1205 638,
2561 1141 2651 1202 15,
2691 1140 2805 1206 725,
2842 1140 2909 1201 9,

661 1232 814 1268 suum
852 1215 1024 1267 facere
1058 1215 1121 1267 de
1157 1214 1456 1282 spectaculo
1493 1217 1540 1266 A
1576 1214 1625 1276 9,
1656 1214 1719 1265 18
1842 1216 1960 1277 806,
2001 1215 2093 1273 15;
2130 1212 2252 1273 828,
2292 1210 2355 1264 17

595 1300 866 1353 synagoga
901 1284 1288 1337 baereticorum
1325 1283 1443 1345 819,
1479 1283 1548 1336 24
1771 1286 2031 1406 genu-atur
2067 1283 2195 1401 luni?
2230 1280 2565 1401 35311338,ἱ
2620 1348 2681 1401 2.

1742 1385 1745 1408 ι
1803 1370 1857 1405 er
1898 1370 1917 1405 1
1953 1367 2149 1419 possun
2212 1364 2369 1417 pecca
2398 1364 2430 1399 a
2570 1387 2583 1410 ,
2654 1364 2688 1401 o

1774 1370 2078 1480 terrgninum,
2114 1420 2133 1471 i
2170 1420 2215 1471 A
2255 1419 2337 1480 28,
2376 1418 2441 1469 17

1772 1496 2009 1543 terrenae
2033 1488 2355 1556 cupiditates
2380 1485 2500 1549 245,
2532 1485 2629 1547 113
2668 1484 2910 1537 terrenis

1836 1560 1989 1613 uitiis
2042 1558 2262 1610 inmersi
2300 1557 2425 1607 sunt
2460 1558 2514 1606 et
2548 1554 2734 1621 uigore
2770 1568 2887 1607 cae-

588 1614 758 1681 Tabes
796 1629 1181 1697 cogitationum
1215 1626 1334 1689 423,
1373 1627 1438 1679 17
1834 1629 1957 1681 lesti
2010 1629 2216 1679 terreno
2278 1624 2526 1691 contagio
2564 1622 2893 1675 recesserunt

585 1698 861 1750 tabescens
898 1697 1106 1751 animus
1148 1696 1264 1755 593,
1301 1695 1334 1747 9
1736 1719 1741 1750 ;
1832 1698 1917 1760 23,
1956 1696 2048 1752 12,
2082 1696 2200 1756 465,
2241 1696 2330 1757 17,
2368 1694 2483 1753 724,
2523 1692 2587 1745 12
2601 1714 2615 1755 ,
2653 1690 2769 1753 793,
2806 1690 2839 1743 1

585 1766 758 1818 tabidi
797 1772 852 1817 et
887 1765 1088 1819 flebiles
1125 1763 1378 1817 haeretici
1412 1763 1530 1825 445,
1567 1762 1602 1815 8
1736 1755 2108 1840 jterrestribus
2146 1764 2417 1815 inhaerere
2453 1761 2569 1822 244,
2606 1760 2673 1812 22

583 1835 764 1887 taenia
801 1838 890 1901 (ετ-
929 1836 1142 1899 ταινία)
1181 1836 1226 1885 A
1264 1834 1381 1895 315,
1421 1832 1517 1885 181
1734 1834 2091 1899 §thensaurus
2131 1833 2246 1892 195,
2276 1831 2367 1891 10;
2403 1830 2523 1885 232.
2548 1830 2647 1889 13,
2684 1827 2803 1889 244,
2838 1827 2911 1879 25

586 1907 698 1956 tam
735 1904 1076 1957 beatissimus
1101 1904 1302 1968 martyr
1327 1900 1373 1953 V
1399 1918 1440 1953 c.
1471 1902 1562 1961 15;
1597 1902 1711 1951 tam
1834 1904 1935 1965 29,
1970 1903 2088 1963 282,
2128 1902 2222 1956 10;
2258 1899 2377 1959 314,
2415 1900 2477 1959 6,
2512 1899 2631 1962 378,
2658 1898 2756 1961 26,
2800 1896 2908 1949 431

653 1979 782 2025 ame
820 1988 976 2039 quam
1015 1972 1266 2024 omissum
1302 1971 1420 2028 573,
1457 1970 1490 2021 5
1832 1972 1867 2024 4
1902 1978 1953 2023 et
1996 1972 2214 2037 saepius
2266 1969 2483 2035 optimis
2536 1968 2689 2021 libris
2740 1966 2892 2019 exhi-

585 2042 794 2093 tamen:
833 2041 880 2092 si
915 2044 1092 2093 tamen
1130 2040 1247 2101 574,
1284 2040 1374 2102 26,
1412 2039 1457 2089 si
1496 2036 1590 2105 qui
1628 2038 1741 2088 ta-·
1835 2041 1988 2093 betur

653 2126 772 2161 men
793 2108 909 2169 510,
937 2110 1002 2162 15
1040 2108 1134 2174 (cf.
1167 2108 1249 2159 his
1271 2110 1448 2159 tamen
1477 2106 1569 2173 qui
1592 2105 1711 2163 504,
1774 2108 2097 2162 thlibomeni
2137 2108 2226 2174 qui
2268 2121 2323 2159 se
2359 2104 2605 2159 exhibere
2638 2119 2745 2157 non
2782 2119 2903 2171 pos-

653 2178 736 2244 3);
776 2178 898 2229 dum
936 2180 1114 2229 tamen
1151 2178 1268 2237 636,
1309 2175 1373 2227 18
1402 2204 1416 2219 ·
1844 2182 1969 2231 sunt
2002 2177 2122 2239 487,
2156 2177 2222 2230 21

585 2248 740 2299 tanto
795 2246 1141 2299 desideratur
1184 2250 1310 2311 post
1357 2244 1557 2311 quanto
1597 2242 1743 2305 189,.
1778 2248 1939 2299 timor
1976 2248 2063 2311 (z..-
2100 2246 2191 2313 pia
2226 2260 2366 2302 cura,
2418 2241 2670 2310 religiosa
2704 2240 2903 2293 solliei-

657 2316 749 2375 173
784 2318 998 2367 tantum
1037 2344 1096 2353 —
1137 2316 1198 2365 ut
1235 2312 1351 2372 533.
1389 2314 1453 2373 55
1501 2310 1558 2363 in
1593 2313 1715 2363 tan·
1848 2315 2029 2381 tudo):
2084 2314 2493 2367 fundamentum
2530 2316 2685 2363 'omne
2718 2309 2901 2377 religi-

655 2386 784 2446 tum,
829 2383 944 2435 uid.
983 2382 1038 2435 in
1740 2391 1745 2436 ἰ
1844 2385 1961 2437 onis
2022 2400 2081 2435 ac
2139 2382 2263 2435 fidoi
2323 2381 2386 2433 de
2439 2378 2805 2432 obseruatione
2840 2394 2905 2431 ao

583 2450 870 2504 tarditates
908 2455 962 2503 et
999 2451 1249 2519 ambages
1303 2449 1559 2502 sermonis
1595 2448 1713 2511 318,
1845 2454 2035 2506 timore
2070 2451 2424 2519 proficiscitur
2450 2450 2565 2504 188,
2591 2450 2649 2512 8,
2686 2446 2903 2499 diuinus

656 2520 724 2573 25
1843 2523 2005 2576 timor
2040 2520 2157 2582 624,
2195 2520 2261 2572 22
2316 2516 2455 2586 (uid.
2494 2516 2758 2582 diuinus);
2820 2514 2903 2569 ui·

1842 2591 2000 2644 uendi
2025 2591 2187 2643 timor
2214 2589 2329 2646 189,
2367 2588 2426 2648 1,
2464 2587 2577 2648 198,
2600 2585 2665 2646 4,
2698 2585 2815 2648 631,
2838 2587 2907 2645 5,

657 2659 910 2726 aminare)
949 2660 996 2711 A
1033 2659 1149 2721 201,
1193 2658 1259 2711 14
1842 2661 1961 2720 682,
1996 2661 2053 2722 6,
2093 2660 2208 2721 716,
2234 2659 2327 2720 25,
2364 2656 2481 2720 741,
2511 2655 2579 2706 23
2616 2655 2709 2719 (cf.
2745 2653 2903 2708 deum

589 2728 804 2794 tegmen
839 2743 1104 2779 ramorum
1143 2728 1190 2779 A
1227 2726 1345 2787 306,
1380 2726 1450 2778 26
1842 2731 2033 2781 timere
2066 2728 2184 2789 473,
2223 2728 2289 2779 18
2326 2731 2375 2778 et
2398 2725 2639 2792 saepius)

589 2799 1064 2862 temperamentum
1101 2798 1280 2846 tenere
1317 2795 1434 2855 623,
1467 2793 1559 2854 12,
1596 2809 1713 2846 eum
1740 2840 1745 2853 ,
1775 2797 1966 2850 tinctio
2004 2799 2092 2863 (Ξ
2118 2795 2410 2863 baptisma)
2451 2793 2565 2858 772,
2589 2793 2649 2852 8,
2685 2791 2801 2857 815,
2830 2791 2903 2844 20

657 2867 1072 2931 temperamento
1109 2863 1224 2916 fieri
1260 2863 1380 2918 479.
1421 2863 1483 2916 13
1740 2858 1745 2925 i
1775 2867 1925 2920 tinea
1961 2865 2131 2918 animi
2164 2865 2284 2928 423,
2323 2863 2385 2916 17

585 2933 970 3000 temperantius
1007 2936 1062 2984 et
1097 2931 1420 2984 moderatius
1457 2931 1575 2994 542,
1617 2930 1645 2983 1
1774 2936 2018 3002 tinguere
2076 2936 2163 2999 (=
2202 2933 2497 3000 baptizare)
2557 2930 2673 2992 543,
2732 2928 2797 2983 12
2847 2934 2903 2982 et

581 3001 867 3068 temperies
905 3017 1066 3052 uerna
1103 3000 1220 3061 577,
1251 2999 1345 3060 15;
1381 3017 1474 3052 neo
1499 3000 1574 3052 sie
1597 3015 1714 3052 uer·
1842 3004 2063 3070 saepius

651 3085 722 3122 na
757 3068 821 3120 de
857 3071 1107 3136 temperie
1135 3083 1230 3121 sua
1267 3069 1410 3122 laeta
1445 3071 1571 3120 sunt
1595 3069 1713 3132 353,
1772 3074 2021 3125 titulare:
2064 3070 2242 3123 uernis
2277 3084 2453 3122 roseas
2496 3066 2722 3120 titulaui
2757 3065 2901 3120 flori-

587 2591 768 2642 taxare
807 2593 894 2656 (-—:
933 2552 1200 2656 indicare).
1229 2588 1342 2651 705,
1384 2589 1474 2650 19,
1513 2591 1602 2654 (=
1632 2603 1715 2639 ex-

653 3139 712 3202 1,
771 3136 1007 3190 admixta
1067 3137 1334 3204 utrimque
1391 3137 1476 3204 (de
1516 3134 1744 3190 seueri-:¹
1842 3142 1939 3194 bus
1975 3155 2133 3194 auras
2168 3140 2215 3192 A
2252 3139 2370 3202 308,
2409 3137 2483 3198 2,·
2514 3140 2577 3189 nt
2612 3152 2730 3189 eum
2764 3135 2899 3188 cele-

650 3208 766 3258 tate
803 3208 858 3257 et
894 3206 1170 3272 comitato)
1207 3207 1489 3273 temperies
1525 3205 1572 3257 V
1610 3223 1650 3258 o.
1680 3207 1743 3259 6.
1838 3210 1995 3263 brata
2050 3208 2339 3277 gentilium
2386 3207 2531 3258 fama
2564 3205 2816 3258 titularet
2850 3203 2899 3256 V

581 3276 874 3342 tempestas
911 3291 1187 3342 pressurae
1223 3277 1339 3335 237,
1379 3277 1437 3334 5,
1477 3305 1534 3313 -
1568 3275 1740 3341 uale—‚
1838 3296 1879 3332 c.
1921 3280 1949 3330 7

647 3343 853 3396 tudinis
891 3343 1009 3403 563,
1045 3343 1102 3405 7,
1141 3375 1194 3384 -
1231 3345 1566 3410 negotiorum
1591 3344 1710 3407 549,
1735 3350 1739 3417 ξ
1767 3348 1921 3400 tituli
1968 3347 2279 3399 meritorum
2334 3343 2614 3412 ampliores
2648 3341 2765 3404 828,
2805 3341 2899 3402 11,

646 3412 740 3472 21;
777 3428 896 3464 eum
932 3414 1251 3480 tempestate
1290 3429 1384 3466 sua
1423 3414 1480 3478 (i.
1519 3429 1560 3465 e.
1600 3413 1739 3477 fac-2
1835 3416 2140 3484 geminatus
2194 3411 2525 3483 promerendi
2560 3411 2646 3465 dei
2698 3409 2897 3462 titulus

643 3481 820 3546 tiosis)
843 3482 1065 3534 Romam
1085 3482 1348 3549 nauigans
1376 3481 1492 3545 618,
1521 3482 1585 3534 13
1614 3481 1707 3547 (cf.
1734 3492 1739 3587 Ι
1832 3487 1950 3547 546,
2012 3485 2069 3549 1,
2139 3487 2312 3536 terror
2368 3482 2529 3536 minis
2603 3479 2897 3532 frendentis

645 3549 764 3610 618,
805 3550 863 3616 2)
1832 3553 2069 3606 inuidiae
2106 3552 2261 3606 addit
2296 3550 2364 3604 ad
2400 3549 2628 3603 titulum
2664 3547 2711 3600 A
2745 3548 2829 3610 29,
2858 3547 2897 3601 3

573 3617 834 3686 templum
871 3633 993 3686 9en.
1032 3635 1192 3672 masc·
1227 3618 1278 3670 A
1312 3617 1431 3679 260,
1468 3619 1499 3671 1
1734 3603 2051 3729 Αῒοὶοταῃῒίε,
2087 3621 2352 3690 passionis
2395 3620 2513 3681 303,
2549 3618 2607 3681 3,
2643 3617 2759 3680 307,
2799 3617 2894 3682 20,

573 3694 876 3754 temporum
960 3688 1266 3742 consecutio
1345 3687 1706 3754 irrequlan's:
1834 3693 1951 3752 319,
1986 3692 2048 3751 2,
2086 3719 2147 3730 --
2186 3689 2377 3742 mortis
2411 3688 2530 3752 237,
2577 3687 2669 3751 19,
2705 3715 2775 3726 ·—-
2810 3685 2915 3738 fu·’

642 3757 759 3819 391,
797 3758 860 3815 8,
899 3757 1014 3820 197,
1053 3757 1144 3822 21,
1180 3755 1299 3815 244,
1336 3757 1398 3816 5,
1431 3756 1553 3819 469,
1591 3757 1657 3808 11
1834 3768 2073 3812 turorum
2108 3759 2225 3818 297,
2261 3757 2332 3810 20

573 3825 882 3892 temporalis
907 3826 1027 3887 283,
1055 3825 1146 3886 12,
1182 3825 1299 3886 310,
1324 3823 1420 3891 24,
1457 3831 1506 3878 A
1534 3825 1649 3888 137,
1674 3824 1708 3878 3
1762 3829 1951 3882 tollere
2004 3827 2323 3896 martyrium
2369 3824 2486 3890 653,
2525 3825 2591 3879 12
2628 3823 2769 3892 (uid.
2808 3823 2891 3876 fa-

573 3895 682 3944 tem
721 3895 924 3946 orarius
949 3895 1066 3954 320,
1093 3895 1192 3955 23,
1226 3893 1346 3956 388,
1369 3892 1432 3960 4,
1468 3893 1586 3960 389,
1614 3894 1709 3954 28;
1832 3900 1967 3965 cere)

641 3961 676 4012 4
710 3962 758 4023 8,
797 3962 856 4022 73
893 3963 941 4014 V
979 3979 1022 4015 0·
1059 3963 1092 4014 3
1762 3967 2006 4019 tonitrua
2039 3963 2438 4019 insustinibiles
2474 3963 2521 4015 A
2557 3961 2677 4024 112,
2714 3963 2779 4016 15

573 4032 782 4097 tempus
819 4034 901 4109 est
937 4034 999 4082 ut
1035 4031 1152 4110 575,
1187 4033 1249 4093 9,
1310 4031 1576 4098 epistulae
1614 4047 1706 4100 pro
1731 4062 1735 4139 1
1761 4037 2031 4088 tormenta
2068 4034 2343 4087 uerborum
2382 4033 2501 4096 361,
2541 4031 2605 4085 19

639 4100 968 4165 temporibus
1005 4115 1226 4154 emissae
1261 4099 1381 4160 527,
1424 4101 1487 4153 16
1762 4107 1927 4157 torret
1984 4121 2071 4158 eos
2124 4103 2353 4156 feminae
2406 4101 2650 4168 aspectus
2684 4099 2730 4150 A
2768 4097 2889 4158 209,

571 4167 894 4220 temulentus
931 4171 986 4220 et
1021 4169 1306 4224 lasciuiens
1342 4169 1461 4230 507,
1500 4169 1529 4220 1
1730 4198 1734 4207 -
1828 4173 1896 4224 26

571 4236 836 4314 tenacitas
873 4253 934 4310 ae
969 4236 1196 4292 firmitas
1231 4238 1463 4292 unitatis
1487 4236 1608 4302 407,
1634 4237 1703 4290 26
1759 4243 1932 4294 tortor
1968 4241 2016 4294 A
2040 4241 2125 4304 37,
2153 4240 2244 4305 17,
2281 4235 2701 4306 cogitationibus
2732 4233 2887 4288 adhi-

568 4306 830 4356 tenaeiter
863 4305 984 4368 408,
1021 4307 1054 4358 9
1824 4309 1949 4362 bere
1983 4311 2216 4363 tortores
2252 4308 2372 4370 423,
2408 4307 2476 4361 23

565 4371 742 4424 tendit
802 4373 954 4426 limes
1015 4373 1084 4428 ad
1143 4375 1366 4443 gloriam
1433 4375 1553 4440 202,
1609 4375 1701 4439 10,
1726 4416 1731 4429 .
1755 4379 1859 4430 tori
1896 4378 2115 4432 aruinae
2150 4378 2198 4442 8,
2235 4377 2305 4430 25

631 4440 923 4495 tendebant
959 4441 1024 4496 ad
1065 4444 1294 4512 gloriam
1329 4443 1446 4507 648,
1487 4443 1552 4498 14
1725 4434 1872 4500 'toto
1908 4446 2126 4501 hortatu
2181 4446 2323 4500 uires
2370 4443 2597 4499 excitare
2634 4443 2751 4507 625,
2788 4441 2889 4505 20;
