3217 5150
775 552 868 606 De
905 550 1417 619 singularitate
1452 550 1858 604 clericorum
1905 565 1947 603 c.
1985 548 2205 603 13-15.
2492 552 2613 619 189

361 715 563 775 tantur
589 729 869 772 armorum
891 714 992 772 aut
1015 712 1210 784 crepat
1239 708 1442 769 litibus
1465 710 1651 769 forum
1672 710 1772 768 aut
1800 712 2068 768 resonant
2087 707 2303 767 litteris
2333 707 2615 768 auditoria

365 821 467 879 aut
496 816 883 891 negotiatores
913 813 1263 875 commerciis
1291 813 1577 873 instanter
1606 811 1941 873 incumbunt
1970 813 2073 871 aut
2100 812 2349 873 artifices
2378 812 2441 869 in
2468 811 2611 871 arti-

365 920 498 981 ficia
527 920 655 994 ipsa
681 918 948 993 propensi
976 919 1137 977 sunt:
1170 917 1380 991 quanto
1409 914 1598 990 magis
1628 915 1727 975 ubi
1756 931 1867 974 non
1891 914 2121 974 carnale
2150 930 2291 987 opus
2320 913 2611 973 hominum

361 1023 464 1084 sed
495 1022 756 1096 spiritale
788 1022 1010 1095 geritur
1038 1018 1370 1093 angelorum
1386 1022 1415 1078 ⁴?
1443 1017 1594 1077 nihil
1624 1018 1747 1077 illic
1775 1016 2215 1092 inpugnationes
2244 1019 2483 1089 possunt
2512 1016 2613 1076 ubi

313 1148 340 1187 s
363 1130 420 1188 et
449 1126 562 1200 ipsi
593 1126 889 1186 daemones
935 1124 1144 1184 cedunt
1158 1168 1173 1195 ‚
1220 1125 1280 1183 et
1307 1121 1467 1182 nulla
1496 1137 1668 1181 sexus
1697 1119 1938 1180 31133133
1968 1120 2318 1194 permittitur
2348 1120 2613 1181 conside-

353 1230 476 1290 rari
505 1227 783 1289 distantia
801 1273 816 1299 ,
873 1227 974 1287 ubi
1008 1244 1112 1286 nec
1141 1228 1302 1287 aetas
1331 1242 1434 1284 nec
1464 1224 1717 1299 dignitas
1744 1224 1847 1283 sed
1875 1222 1999 1283 sola
2026 1222 2342 1296 aequalitas
2373 1226 2608 1297 regnat:

353 1336 526 1408 atque
555 1334 622 1391 ut
649 1331 874 1405 plenius
905 1329 1086 1388 dicam
1101 1374 1116 1401 ,
1177 1344 1372 1388 omnes
1402 1327 1526 1387 illic
1553 1326 1705 1387 tales
1734 1344 1939 1387 3311333
1968 1326 2255 1401 accipiunt
2283 1328 2349 1385 ut
2392 1328 2451 1385 et
2480 1326 2607 1401 ipsa

352 1434 734 1510 coniugalitas
765 1433 1058 1508 ignoretur
1071 1476 1088 1505 ,
1141 1432 1242 1492 ubi
1287 1431 1549 1491 Christus
1599 1430 1855 1504 loquitur
1903 1429 2131 1489 auditur
2185 1429 2515 1489 adtenditur
2546 1434 2607 1491 et

349 1556 456 1614 per
483 1536 672 1599 omnia
700 1539 759 1596 et
787 1536 848 1595 in
876 1536 1135 1597 omnibus
1179 1534 1334 1595 solus
1372 1536 1462 1594 est
1485 1536 1670 1594 totum
1691 1535 1943 1593 testante
1972 1532 2231 1607 apostolo
2260 1536 2319 1593 et
2349 1532 2605 1593 dicente:

277 1642 480 1701 1311111
523 1657 662 1701 11011
707 1642 848 1712 est„
895 1639 1113 1713 inquit,
1158 1638 1472 1697 Iudaeus
1515 1640 1588 1697 et
1633 1636 1977 1709 Graecae,
2025 1636 2494 1697 circumcisio
2538 1640 2609 1697 et

349 1744 837 1822 praeputium,
896 1742 1262 1802 barbarus
1321 1743 1392 1801 et
1435 1741 1735 1815 Scytha,
1781 1741 2148 1800 masculus
2192 1743 2263 1801 et
2306 1740 2604 1813 femina,

352 1866 615 1910 seruus
660 1850 730 1907 et
773 1847 966 1907 liber
1011 1847 1138 1905 sed
1183 1846 1420 1905 omnia
1448 1847 1518 1905 et
1548 1845 1622 1903 in
1666 1844 1999 1905 omnibus
2044 1844 2407 1904 Christus.
2454 1844 2605 1904 hunc

350 1952 524 2028 plane
555 1953 896 2011 conuentum
924 1948 1112 2023 gloria
1140 1951 1232 2009 331
1263 1949 1552 2009 celebrare
1583 1964 1712 2008 cum
1740 1946 1967 2007 feminis
1983 1991 2000 2020 ,
2055 1948 2115 2006 in
2147 1965 2256 2023 quo
2285 1946 2447 2008 nulla
2476 1942 2601 2010 dis-

355 2054 532 2115 cretio
585 2055 676 2113 est
729 2052 1024 2127 qualitatis
1041 2096 1058 2125 ,
1110 2053 1202 2112 cui
1231 2054 1456 2111 tantum
1505 2050 1650 2111 licet
1697 2068 1891 2111 01111133
1948 2066 2191 2125 aequare
2244 2050 2369 2111 sine
2410 2050 2605 2124 aliqua

279 2176 332 2216 1⁵
357 2156 677 2217 differentia
693 2201 710 2229 ,
761 2158 828 2215 ut
858 2172 960 2216 nec
1010 2154 1070 2213 in
1098 2156 1224 2228 11130
1252 2154 1602 2229 baptismate
1630 2153 1967 2229 cuiusquam
2018 2154 2253 2214 nuditas
2282 2154 2599 2225 erubescat,

349 2260 452 2321 ubi
479 2260 640 2319 Adae
669 2262 727 2321 et
769 2258 925 2318 Euae
968 2259 1277 2319 renouatur
1307 2257 1554 2317 infantia
1569 2304 1584 2331 ,
1644 2273 1751 2318 nec
1780 2259 2011 2333 exponit
2040 2260 2143 2318 sed
2168 2259 2361 2333 1131133
2390 2257 2601 2332 accipit

350 2363 623 2423 tunicam.

439 2466 600 2537 Quod
629 2465 680 2524 si
711 2467 772 2525 31
799 2464 925 2523 illic
955 2463 1035 2523 sit
1064 2464 1274 2538 aliquis
1305 2464 1528 2525 diabolo
1572 2465 1732 2539 peior
1771 2464 1871 2539 qui
1898 2464 2237 2525 feminarum
2278 2463 2601 2537 aspectibus
2625 2464 2705 2547 111

344 2568 610 2642 feriatur,
643 2569 712 2629 de
740 2568 900 2628 nullo
922 2570 1114 2628 tamen
1136 2568 1499 2643 congregatio
1524 2570 1719 2628 nostra
1741 2568 2004 2642 culpatur
2033 2585 2177 2643 quae
2206 2568 2440 2642 propter
2471 2583 2599 2627 cae-

275 2673 527 2735 solestia
543 2717 558 2744 ,
612 2687 726 2732 non
755 2673 992 2746 propter
1018 2673 1246 2731 terrena
1290 2671 1600 2746 colligitur.
1664 2670 1875 2731 uiderit
1922 2671 1973 2730 si
2002 2671 2129 2745 quis
2158 2670 2281 2730 illic
2310 2670 2597 2745 improbus

353 2775 662 2836 luxuriosis
692 2775 989 2849 optutibus
1017 2773 1194 2833 fuerit
1209 2819 1224 2846 ,
1269 2774 1426 2834 nullo
1455 2775 1620 2833 modo
1650 2775 1893 2834 alterum
1914 2775 2095 2834 laedit
2122 2774 2221 2850 qui
2248 2792 2361 2834 non
2390 2775 2464 2834 ad
2492 2774 2598 2834 ho-

349 2879 560 2940 minem
587 2878 688 2938 sed
717 2879 790 2938 ad
820 2877 1110 2936 Christum
1137 2893 1240 2951 pro
1285 2877 1474 2937 331313
1501 2878 1799 2952 processit.
1844 2877 1983 2952 quin
2010 2878 2183 2938 etiam
2212 2879 2281 2938 113
2310 2877 2431 2938 3313
2460 2895 2600 2938 con-

355 2981 794 3042 tradictionibus
825 2981 1270 3042 contradictores
1299 2980 1608 3054 excludam,
1654 2987 1719 3041 ut
1746 2999 1861 3042 non
1887 2981 2031 3042 meis
2062 2983 2163 3041 sed
2192 2981 2313 3042 suis
2340 2981 2599 3056 proposi·

349 3085 608 3144 tionibus
637 3086 859 3143 cedant.
915 3083 968 3142 si
995 3083 1148 3142 inter
1175 3083 1324 3143 festa
1352 3101 1514 3144 sacra
1542 3087 1733 3158 potest
1762 3086 2072 3144 communis
2102 3085 2401 3145 conuentio
2430 3101 2599 3144 scan-

275 3214 330 3254 35
353 3186 593 3248 dalizari
643 3186 741 3246 ubi
787 3188 1098 3261 temptator
1127 3187 1185 3245 et
1212 3186 1339 3261 ipse
1370 3186 1631 3248 diabolus
1662 3187 1875 3262 tremit,
1929 3188 2057 3263 quis
2086 3187 2209 3247 illic
2238 3189 2503 3248 stabilem
2534 3204 2596 3247 se

342 3307 472 3352 esse
501 3288 790 3363 promittit
818 3289 919 3348 ubi
945 3291 1255 3363 temptator
1277 3291 1552 3352 audenter
1581 3291 1826 3350 occurrit
1839 3294 1868 3351 ’ἓ
1898 3293 1957 3352 31
1988 3292 2040 3351 31
2061 3291 2183 3351 11110
2203 3291 2595 3366 periclitamur

345 3393 447 3454 ubi
476 3391 584 3452 Dei
603 3394 906 3467 praecepta
933 3409 1038 3451 nos
1067 3395 1415 3467 congregant
1430 3439 1445 3466 ,
1499 3393 1639 3467 quid
1666 3394 1889 3468 agimus
1918 3394 2017 3453 ubi
2045 3395 2152 3453 Dei
2179 3393 2338 3453 iussa
2368 3410 2473 3455 nos
2501 3410 2596 3453 33-

339 3497 595 3570 parant?
625 3497 686 3554 et
713 3495 765 3554 si
793 3496 1092 3555 turbamur
1118 3493 1241 3554 illic
1267 3495 1366 3555 ubi
1388 3495 1494 3556 Dei
1517 3495 1817 3556 uoluntate
1839 3496 2145 3570 munimur,
2178 3499 2389 3571 quanto
2411 3495 2601 3572 magis

342 3597 444 3658 ubi
471 3614 584 3657 non
615 3597 801 3658 solum
825 3597 1112 3657 diabolum
1144 3599 1244 3658 sed
1273 3598 1444 3658 etiam
1476 3598 1780 3659 Dominum
1805 3600 2077 3660 habemus
2100 3601 2402 3659 aduersum
2416 3603 2444 3658 ¹?
2469 3615 2598 3659 cum

485 3865 553 3921 10
584 3863 701 3921 σοι.
738 3865 790 3936 3,
829 3865 915 3921 11.

456 4089 548 4176 ‘11
585 4123 724 4177 scita
758 4123 806 4179 o
1010 4125 1079 4178 14
1112 4125 1195 4178 est
1230 4123 1482 4180 diseretio
1515 4141 1550 4181 v
1756 4125 1843 4179 cui
1878 4125 1937 4193 0,
1972 4124 2069 4179 ubi
2101 4140 2136 4180 v
2341 4125 2410 4179 16
2444 4139 2595 4180 reno-

336 4212 501 4266 uatur
536 4225 608 4264 ex
639 4211 886 4265 ren-atur
928 4211 976 4267 0
1005 4227 1075 4266 m·
1113 4213 1155 4265 2
1442 4212 1625 4282 potius
1660 4211 1753 4266 sed
1798 4211 1845 4268 0
2114 4211 2181 4266 18
2215 4210 2422 4282 aliquid
2457 4211 2504 4267 G
2510 4218 2526 4249 ¹

335 4299 408 4352 19
443 4295 526 4368 de]
564 4296 660 4352 sed
690 4295 756 4350 de
791 4295 839 4352 G
871 4295 966 4351 sed
1003 4311 1126 4366 exp.
1161 4314 1231 4352 m.
1267 4301 1306 4352 2
1509 4300 1697 4352 nostra
1730 4297 1787 4363 0,
1826 4299 2009 4353 uestra
2041 4314 2078 4354 v
2292 4297 2363 4352 20
2396 4295 2597 4351 uiderit

349 4383 408 4448 G,
445 4397 632 4437 uerum
667 4383 852 4436 tamen
887 4383 978 4438 uel
1012 4382 1152 4453 quod
1184 4400 1221 4440 v
1492 4383 1767 4453 improbus
1802 4401 1904 4440 om.
1939 4402 1974 4441 v
2235 4385 2305 4440 24
2338 4399 2489 4440 sacra
2533 4383 2593 4451 0,

339 4471 529 4524 sancta
561 4486 595 4525 υ
796 4467 866 4524 25
899 4470 956 4523 31
991 4469 1104 4539 11133
1139 4469 1200 4536 G,
1233 4469 1350 4540 ipse
1382 4488 1416 4526 υ
1624 4472 1927 4528 stabilem*-
1966 4471 2013 4528 0
2192 4471 2262 4526 26
2294 4469 2440 4526 nubi
2484 4469 2532 4527 G
