3217 5150
2316 569 2444 624 Lm

182 711 440 788 peccato
473 705 739 774 alterius
766 705 1113 789 inquinari
1140 705 1430 771 atterum.
1462 744 1546 754 —
1574 703 1727 769 inde
1753 723 1864 788 pro
1894 724 1970 769 ex
1996 703 2114 770 hac
2143 725 2212 770 re
2238 705 2344 771 uel
2369 723 2446 770 ex

190 817 314 884 hac
342 837 538 884 causa
578 819 743 903 quod
783 819 1073 902 quamuis
1112 803 1251 882 raro
1293 817 1483 883 etiam
1528 818 1770 882 ueteres
1804 817 2092 882 dixerunt
2121 816 2225 900 (cf.
2257 816 2446 884 Hand

201 929 388 995 Ture.
432 929 501 994 H
530 929 685 1015 364)
729 929 895 1014 apud
936 921 1310 1013 Oy'prianum
1356 946 1477 994 non
1520 928 1891 994 inusitatum
1935 930 2028 993 est
2073 928 2450 1012 optimisque

192 1040 515 1108 codicibus
542 1040 811 1108 traditur
844 1040 993 1121 468,
1000 1042 1110 1107 18.
1154 1044 1422 1107 ceterum
1448 1043 1761 1122 quantum
1787 1039 1931 1105 uult
1958 1060 1986 1103 i
1971 1039 2146 1106 nde
2188 1037 2256 1126 (i.
2293 1059 2344 1106 e.
2375 1059 2451 1104 ex

201 1171 325 1218 sua
354 1155 515 1236 arte)
544 1157 829 1234 quaerat,
879 1153 1093 1234 qualis
1112 1156 1413 1236 ,quaestus
1440 1155 1527 1217 est
1554 1151 1669 1234 qui
1695 1150 1772 1215 de
1797 1152 2092 1216 conuiuio
2119 1150 2452 1217 Abraham

200 1268 261 1330 et
284 1265 477 1342 Isaac
519 1269 577 1330 et
606 1265 793 1330 Iacob
838 1264 1117 1330 homines
1162 1250 1359 1346 rapit,
1406 1263 1516 1330 ubi
1546 1261 1594 1328 C
1639 1264 1704 1329 et
1731 1262 1788 1327 Β
1830 1264 2137 1330 scribunt:
2189 1268 2452 1330 ceterum

200 1387 512 1459 quantum
540 1376 697 1442 uelit
724 1376 1049 1458 adquirat,
1078 1375 1293 1458 qualis
1322 1379 1620 1462 quaestus
1647 1379 1736 1440 est
1765 1374 2178 1462 (indicatiuus
2209 1393 2356 1442 uero
2386 1375 2454 1441 in

200 1488 667 1570 coniunctiuum
696 1506 735 1553 a
764 1487 811 1554 O
840 1489 905 1553 et
934 1488 991 1552 Β
1028 1488 1309 1554 mutatus
1352 1487 1550 1553 simili
1589 1488 1725 1552 loco
1767 1505 1828 1568 p.
1861 1486 2096 1565 829‚23
2135 1485 2452 1554 firmatur:

198 1603 515 1680 quantum
541 1599 685 1663 uult
712 1599 813 1664 hic
841 1599 943 1664 uel
972 1598 1209 1663 inuida
1237 1598 1583 1666 crudelitas
1620 1649 1633 1663 .
1663 1649 1676 1662 .
1705 1645 1722 1661 .
1757 1597 2040 1663 uinculis
2067 1601 2293 1676 teneat,
2333 1598 2455 1663 cito

206 1731 251 1776 a
272 1710 463 1775 terris
484 1715 541 1776 et
553 1711 777 1792 poenis
804 1711 949 1775 ist-is
975 1710 1063 1775 ad
1092 1711 1407 1777 caelorum
1433 1721 1634 1794 reqna
1661 1708 1996 1794 uenietis);
2029 1711 2242 1776 eadem
2273 1727 2456 1776 causa

210 1821 280 1886 in
310 1821 517 1888 uerbis
548 1822 813 1902 66730:
856 1842 987 1887 non
1023 1827 1236 1888 tamen
1276 1823 1510 1889 idcirco
1538 1822 1876 1888 cedendum
1903 1826 1991 1887 est
2019 1823 2172 1904 quia
2199 1822 2456 1888 minan-

210 1937 339 2012 tur,
391 1938 505 1998 aaa
548 1934 735 2000 inde
779 1934 1193 2000 aduersarius
1228 1937 1295 2000 'et-
1316 1934 1620 2000 inimicus
1659 1934 1868 2000 maior
1895 1939 1982 2000 est
2010 1932 2262 2000 Christo
2303 1935 2459 2017 quia

206 2048 464 2110 tantum
504 2043 629 2110 sibi
677 2045 971 2111 uindicat
1013 2050 1069 2114 et
1111 2044 1395 2119 adsumit
1438 2046 1511 2111 in
1555 2046 1816 2127 saecuto,
1863 2045 1910 2112 C
1953 2049 2016 2113 et
2055 2046 2113 2111 Β
2156 2065 2266 2130 pro
2309 2046 2460 2113 inde

213 2156 574 2223 maluerunt
622 2157 777 2222 ideo,
832 2157 938 2222 sed
990 2157 1182 2222 etiam
1221 2157 1333 2223 ubi
1379 2157 1528 2222 inde
1570 2158 1732 2223 nihil
1776 2158 2128 2224 offensionis
2170 2159 2460 2241 praebere

216 2267 488 2347 uidetur,
520 2268 927 2352 exstirpatum
960 2270 1053 2334 est
1080 2269 1147 2334 in
1176 2269 1383 2335 uerbis
1413 2268 1680 2349 602‚10:
1712 2269 2128 2334 necessarium
2160 2269 2462 2335 duximus

210 2381 287 2443 ut
328 2378 733 2444 scribentium
772 2380 951 2444 nobis
988 2379 1139 2445 inde
1166 2379 1544 2469 collegarum
1571 2385 1926 2446 nostrorum
1951 2381 2144 2463 firma
2171 2385 2227 2446 et
2256 2379 2464 2445 solida

210 2477 562 2556 auctoritas
598 2495 970 2572 pararetur,
1022 2509 1178 2574 quae
1223 2491 1317 2556 ita
1360 2494 1779 2558 correxerunt:
1829 2497 1902 2557 ut
1943 2493 2346 2558 scribentium
2389 2491 2464 2557 de

211 2604 393 2669 nobis
430 2604 809 2687 cotteyarum
836 2608 1189 2671 nostrorum
1215 2604 1409 2687 firma
1438 2608 1495 2668 et
1526 2602 1736 2669 solida
1763 2606 2130 2671 auctoritate
2146 2624 2466 2687 pararen-

206 2720 340 2793 tur,
383 2714 507 2780 nisi
550 2714 711 2780 forte
758 2715 907 2779 inde
951 2716 1095 2781 ante
1137 2716 1313 2781 nobi-s·
1351 2717 1628 2801 positum
1672 2717 2072 2801 praecedente
2115 2737 2182 2781 m
2227 2716 2470 2802 syllaba

214 2826 427 2911 priore
484 2827 841 2892 truncatum
894 2828 1008 2893 est.
1058 2864 1147 2875 —
1194 2828 1453 2909 offocari
1510 2826 1673 2911 quod
1730 2827 1968 2894 duobus
2017 2829 2268 2894 tantum
2318 2828 2470 2895 locis

212 2941 459 3004 exstare
516 2938 929 3022 lexicographi
988 2926 1229 3019 docent,
1288 2940 1614 3022 quinquies
1655 2938 1902 3005 Rousch
1955 2940 2160 3023 (Itala
2207 2960 2268 3024 p.
2316 2942 2468 3029 195)

220 3048 469 3116 inuenit
509 3052 791 3134 quodque
832 3049 1065 3129 632‚18
1109 3050 1363 3133 optimis
1410 3050 1589 3116 libris
1632 3051 2046 3131 confirmatur,
2091 3050 2158 3117 in
2183 3052 2474 3140 soffooari

221 3159 294 3247 (i.
328 3179 379 3227 e.
422 3161 751 3247 suffocari)
806 3164 1147 3229 mutarunt.
1190 3198 1274 3211 -
1304 3162 1697 3243 supersedere
1746 3162 1915 3228 idem
1965 3164 2152 3245 atque
2197 3154 2474 3229 ‘manere
2508 3237 2513 3246 ¹

206 3292 619 3354 perseuerare
658 3274 843 3355 quasi
884 3274 957 3338 i'n
985 3272 1311 3339 uoluntate
1338 3278 1395 3338 et
1425 3272 1688 3339 consilio
1727 3264 1958 3339 sistere'
1999 3274 2206 3341 ualere
2233 3274 2472 3340 Nonius

220 3384 561 3451 Marcellus
608 3385 696 3472 (p.
726 3386 817 3451 40
856 3387 953 3451 ed.
986 3385 1201 3468 Mero.)
1248 3384 1448 3451 tradit
1472 3378 1601 3452 'nec
1647 3386 1945 3469 exemplis
1989 3386 2093 3451 hic
2137 3404 2286 3451 usus
2329 3402 2472 3469 pro-

220 3496 413 3563 batur
453 3497 637 3580 (quae
682 3498 1128 3582 grammaticus
1172 3496 1376 3563 adfert
1413 3497 1630 3580 inepta
1659 3496 1830 3583 sunt)
1871 3497 1997 3563 nisi
2027 3516 2149 3563 uno
2180 3496 2474 3581 Cypriani

222 3608 415 3687 603‚1
457 3608 866 3674 obsti-natione
900 3628 1017 3673 sua
1048 3607 1148 3674 uel
1175 3609 1392 3691 furore
1418 3608 1900 3691 supersederunt
1928 3613 1985 3673 et
2013 3608 2101 3673 ad
2128 3628 2240 3674 nos
2269 3608 2476 3673 redire

222 3719 586 3798 notuerunt,
628 3721 737 3785 ubi
768 3721 823 3787 si
853 3724 1125 3787 erratum
1168 3721 1281 3800 est,
1324 3719 1648 3789 lenissima
1690 3721 2041 3787 coniectura
2084 3720 2476 3801 supersedere

224 3850 326 3898 res
366 3832 705 3900 conficitur.
751 3833 937 3916 paulo
966 3834 1213 3918 longius
1242 3852 1280 3899 a
1310 3835 1516 3901 uerbis
1544 3833 1799 3899 traditis
1829 3832 2220 3899 deflectentes
2251 3831 2298 3898 O
2327 3833 2390 3897 et
2419 3832 2477 3897 Β

231 3944 655 4010 coniecerunt:
699 3945 1109 4011 obstinatione
1150 3946 1251 4029 (in
1278 3945 1692 4011 obstinatione
1722 3944 1796 4029 O)
1829 3945 1931 4010 uel
1958 3945 2174 4028 furore
2201 3963 2312 4009 suo
2335 3964 2478 4027 per-

226 4061 682 4121 seuerauerunt
738 4060 795 4121 et
844 4056 931 4121 ad
976 4038 1103 4123 'nos
1157 4058 1365 4125 redire
1420 4056 1777 4123 noluerunt.
1840 4056 2198 4123 correctoris
2256 4074 2479 4131 manus

231 4168 571 4235 manifesta
601 4170 697 4234 est
723 4188 837 4234 nec
866 4170 1193 4252 explicatio
1223 4169 1609 4235 desideratur
1638 4168 1705 4234 in
1733 4168 1864 4235 his:

702 4304 863 4360 lectio
898 4321 1038 4360 uera.
1699 4303 1858 4358 lectio
1894 4303 2130 4358 codicum
2166 4303 2272 4361 CR.

336 4429 385 4484 p.
413 4419 601 4481 coma
636 4424 889 4487 acceptor
912 4418 1213 4474 columbam
1600 4416 1902 4471 columbam
1925 4417 2188 4487 accipite?

337 4526 385 4578 p.
417 4513 603 4575 706,ιὸ
630 4518 865 4580 poturos
1596 4516 1888 4581 mmm
