3217 5150
679 529 762 592 64
1618 525 1983 594 Appendix.

585 683 664 741 14
769 681 816 740 O
857 683 916 741 te
955 682 1192 756 impium
1237 683 1655 758 scelestumque
1671 729 1686 755 ,
1739 684 2023 746 haeretice
2066 686 2417 761 Nouatiane,
2469 690 2567 762 qui
2594 693 2729 764 post
2754 691 2847 749 tot
2874 693 2937 750 et

681 787 846 844 tanta
887 786 949 845 in
991 786 1232 847 ecclesia
1269 803 1308 846 a
1346 787 1683 860 quibusdam
1734 792 1887 848 retro
1938 790 2267 850 uoluntario
2320 793 2621 852 commissa
2672 793 2933 865 crimina,

683 905 824 962 quae
869 892 928 950 et
967 893 1032 949 tu
1072 890 1197 965 ipse
1239 889 1299 948 in
1343 891 1503 950 domo
1536 891 1645 950 Dei
1672 891 2004 966 prinsquam
2054 897 2319 966 apostata
2360 912 2517 954 esses
2558 912 2947 970 cognominis,-

685 995 744 1052 et
785 994 926 1054 haec
965 1011 1132 1068 posse
1175 995 1390 1054 aboleri
1431 996 1501 1054 de
1541 995 1815 1055 memoria
1854 999 2191 1058 succedente
2234 999 2379 1058 bono
2408 1000 2603 1073 utique
2632 999 2931 1072 docueras,

681 1099 986 1156 secundum
1027 1096 1192 1156 fidem
1235 1097 1550 1171 scripturae
1581 1099 1855 1158 dicentis:
1910 1100 2079 1173 quia
2128 1101 2193 1160 si
2242 1118 2643 1161 conuersus
2696 1101 2979 1160 fuerits

681 1199 1146 1260 facinorosus
1201 1201 1286 1260 ab
1357 1201 1689 1262 omnibus
1760 1202 2219 1264 facinoribus
2290 1205 2453 1264 suis
2512 1221 2691 1278 quae
2752 1220 2930 1264 com-

681 1305 888 1364 misit
934 1307 1006 1363 et
1055 1305 1438 1364 iustitiam
1489 1305 1727 1364 fuerit
1776 1311 2105 1378 secutus,
2156 1306 2315 1367 uita
2364 1310 2673 1366 aeterna
2721 1308 2933 1367 uiuet

681 1410 751 1466 et
799 1425 936 1468 non
987 1408 1340 1468 morietur
1391 1407 1462 1466 in
1514 1407 1845 1469 facinore
1896 1427 2020 1470 suo
2052 1443 2135 1456 -—
2166 1410 2375 1470 delicta
2416 1409 2567 1469 euim
2596 1427 2741 1484 quae
2772 1427 2931 1471 com-

677 1510 854 1583 misit,
907 1511 1290 1572 abolebuntur
1339 1511 1410 1570 de
1461 1512 1731 1572 memoria
1782 1513 2214 1573 succedentibus
2266 1513 2431 1572 bonis
2484 1513 2657 1573 factis
2703 1534 2808 1570 -ε
2864 1515 2935 1572 tu

680 1613 845 1674 hodie
897 1616 1176 1674 retractas
1217 1631 1293 1673 an
1333 1613 1578 1674 debeant
1626 1614 1915 1688 lapsorum
1966 1615 2153 1676 curari
2204 1617 2461 1688 uulnera,
2515 1616 2614 1691 qui
2654 1617 2857 1676 nudati
2898 1635 2937 1675 a
2959 1635 3007 1674 ιο

679 1718 903 1778 diabolo
945 1717 1288 1790 ceciderunt,
1349 1717 1717 1778 uiolentia
1766 1735 1997 1793 aquae
2048 1735 2250 1792 quam
2292 1736 2419 1778 suo
2462 1737 2579 1778 ore
2624 1735 2936 1793 serpens

679 1820 930 1881 emisit
1000 1822 1171 1893 post
1239 1820 1637 1882 mulierem.
1714 1824 1815 1882 sed
1874 1823 2049 1897 quid
2108 1823 2387 1883 dicam?
2458 1823 2544 1881 ait
2601 1823 2932 1896 apostolus:

678 1925 897 1984 laudo
949 1927 1118 1982 uos?
1172 1923 1242 1984 in
1293 1925 1424 1984 hoc
1475 1942 1615 1985 non
1666 1925 1915 1986 laudo:
1969 1927 2141 1998 quia
2180 1943 2317 1986 non
2359 1926 2433 1986 in
2472 1925 2758 1998 melius,
2802 1925 2935 1984 sed

681 2031 755 2087 in
795 2026 1007 2102 peius
1053 2027 1396 2087 uenistis.
1449 2027 1552 2087 ubi
1591 2029 1743 2087 enim
1774 2031 1909 2089 sunt
1950 2029 2490 2089 aemulationes
2530 2032 2603 2088 et
2644 2029 2935 2087 dissen-

682 2133 931 2194 siones
973 2131 1044 2191 in
1085 2131 1332 2204 uobis,
1375 2149 1608 2192 nonne
1651 2132 1993 2193 carnales
2033 2135 2222 2192 estis
2264 2137 2336 2193 et
2376 2134 2769 2193 secundum
2810 2131 2931 2190 ho·
2956 2152 3003 2188 ιι

680 2236 936 2297 minem
988 2235 1440 2295 ambulatis?
1495 2251 1598 2294 nec
1654 2251 1759 2294 nos
1817 2237 2045 2310 quidem
2102 2237 2299 2296 mirari
2357 2239 2599 2310 oportet,
2660 2253 2761 2294 cur
2818 2237 2935 2294 iste

679 2339 1038 2402 Nouatianus
1079 2341 1199 2397 tam
1242 2337 1490 2398 nefanda
1527 2341 1649 2397 tam
1690 2339 1891 2412 grauia
1918 2341 1979 2398 in
2009 2355 2309 2412 porsonam
2349 2340 2641 2414 lapsorum
2670 2355 2935 2398 exercere

681 2461 831 2503 nunc
857 2443 1065 2502 audeat
1079 2487 1094 2514 ‚
1138 2441 1591 2516 quandoquidem
1634 2441 1911 2502 habemus
1938 2443 2195 2516 exempla
2222 2441 2728 2516 praeuaricationis
2758 2442 2935 2502 huius

678 2545 1093 2622 praecedentia.
1147 2545 1282 2605 Saul
1324 2544 1422 2605 ille
1465 2545 1647 2605 bonus
1688 2549 1916 2621 praeter
1958 2547 2149 2607 cetera
2187 2549 2388 2622 postea
2428 2546 2608 2606 liuore
2649 2545 2936 2605 enei-titur

680 2654 738 2711 et
779 2655 978 2711 contra
1019 2650 1206 2709 Dauid
1247 2649 1436 2710 omnia
1475 2650 1717 2709 aduersa
1756 2653 1817 2709 et
1855 2650 2083 2710 inimica
2112 2666 2281 2724 agere
2318 2650 2569 2709 molitur.
2623 2650 2797 2709 Iudas
2826 2650 2933 2708 ille
2954 2670 3007 2711 20

681 2756 832 2814 inter
871 2752 1160 2828 apostolos
1201 2754 1416 2812 electus
1459 2754 1557 2827 qui
1597 2770 1821 2827 semper
1860 2754 1923 2811 in
1964 2754 2128 2813 domo
2171 2753 2274 2812 Dei
2316 2753 2603 2812 unanimis
2642 2754 2701 2811 et
2740 2752 2933 2812 fidelis

683 2858 804 2931 ipse
856 2858 1214 2932 postmodum
1267 2857 1449 2916 Deum
1505 2858 1777 2931 prodidit.
1836 2858 2197 2930 praedixerat
2248 2856 2477 2930 quidem
2540 2860 2599 2915 et
2656 2856 2933 2917 Dominus

682 2960 889 3019 multos
920 2976 1046 3019 esse
1075 2962 1348 3020 uenturos
1380 2961 1487 3019 sub
1515 2960 1767 3034 pellibus
1796 2961 1986 3020 ouium
2016 2976 2251 3035 rapaces
2282 2961 2464 3034 lupos.
2522 2960 2621 3033 qui
2664 2962 2799 3019 sunt
2830 2957 2931 3017 isti

683 3079 914 3135 rapaces
942 3063 1084 3138 lupi,
1131 3063 1247 3121 nisi
1279 3080 1448 3123 sensu
1490 3064 1727 3123 subdolo
1756 3063 2148 3137 conspirantes
2178 3064 2251 3122 ad
2281 3063 2665 3123 infestandum
2694 3078 2930 3136 gregem

685 3166 942 3225 Christi?
975 3166 1124 3226 sicut
1154 3166 1398 3241 legimus
1428 3168 1578 3241 apud
1609 3166 1939 3226 Zachariam
1965 3167 2243 3240 positum:
2286 3184 2453 3226 ecce
2482 3182 2611 3241 ego
2638 3164 2929 3225 suscito
2955 3186 3005 3224 π

681 3274 1048 3345 pastorem
1109 3271 1182 3329 in
1237 3274 1471 3343 terra,
1542 3272 1665 3345 qui
1724 3272 1908 3345 qnod
1978 3288 2313 3330 auersum
2383 3272 2495 3330 est
2554 3286 2691 3330 non
2748 3266 2937 3327 nisi-

681 3373 880 3433 tabit
938 3376 1011 3434 et
1068 3391 1328 3435 carnes
1387 3374 1789 3434 electorum
1846 3373 2320 3434 manducabit
2377 3376 2448 3431 et
2504 3371 2703 3432 talos
2762 3370 2935 3430 illo-

680 3494 830 3536 rum
885 3478 1290 3553 torquebit.
1352 3477 1621 3537 similiter
1663 3480 1722 3536 et
1764 3494 1863 3551 per
1903 3478 2263 3536 Ezechielem
2305 3476 2560 3549 increpat
2598 3472 2929 3534 huiusmodi

823 3698 858 3750 5
891 3697 981 3751 ΕΖ.
1017 3696 1100 3761 18,
1135 3695 1220 3749 21.
1509 3698 1573 3750 11
1609 3696 1771 3763 Apoc.
1811 3696 1892 3757 12,
1930 3695 2011 3749 15.
2289 3692 2356 3746 12
2390 3693 2420 3746 I
2456 3691 2575 3747 Cor.
2612 3693 2695 3756 11,
2728 3690 2812 3745 22.
2852 3690 2940 3745 17.

687 3784 754 3839 14
788 3783 818 3838 Ι
853 3784 970 3839 Gor.
1008 3784 1056 3848 3,
1095 3782 1142 3835 3.
1352 3782 1422 3836 23
1457 3782 1524 3837 cf.
1559 3783 1758 3837 Matth.
1796 3783 1844 3847 7,
1882 3782 1963 3835 15.
2180 3780 2249 3835 25
2284 3779 2440 3835 Zach.
2477 3779 2528 3843 9,
2565 3780 2646 3833 16.

824 4025 854 4078 1
893 4024 1278 4092 scelestumque
1313 4022 1380 4076 K
1407 4021 1501 4077 sed
1545 4036 1649 4090 que
1683 4038 1753 4075 ex
1799 4019 1938 4089 quod
1969 4036 2039 4073 m.
2072 4024 2111 4075 2
2448 4020 2671 4074 heretici
2716 4019 2782 4073 K
2786 4023 2803 4051 ²

687 4110 722 4163 2
758 4109 1013 4163 commiss
1047 4108 1114 4162 K
1335 4108 1372 4161 4
1406 4124 1512 4162 suc.
1549 4107 1711 4176 bono]
1749 4105 2108 4159 succedentem
2143 4106 2456 4161 Memoriam
2492 4107 2557 4161 Κ
2788 4106 2825 4159 5
2858 4104 2945 4159 di·

691 4196 823 4250 cetis
859 4194 944 4248 K·
1263 4194 1294 4248 ‘2
1333 4194 1500 4248 fuerit
1536 4197 1749 4248 secutus
1785 4190 1859 4255 K,
1897 4190 2086 4244 fecerit
2118 4208 2152 4247 v
2485 4191 2554 4246 10
2586 4193 2707 4261 qui.
2742 4191 2806 4244 K

691 4283 756 4337 11
792 4282 898 4352 ore]
936 4297 1089 4353 opere
1122 4281 1189 4335 K
1361 4282 1428 4336 13
1460 4282 1520 4334 in
1554 4281 1656 4334 hoc
1690 4294 1791 4333 om.
1829 4277 1895 4331 K
2065 4277 2131 4332 17
2168 4292 2392 4346 persona
2424 4278 2489 4331 K
2660 4277 2729 4330 18
2762 4292 2947 4345 praeu.

690 4368 868 4438 huius]
903 4368 1290 4438 preuaricantis
1323 4369 1447 4422 istis
1484 4367 1551 4422 K
1800 4364 1871 4421 21
1906 4362 1993 4417 dei
2028 4380 2131 4419 om.
2170 4364 2235 4417 K
2486 4363 2779 4418 unianimis
2812 4362 2881 4416 K

697 4454 766 4509 22
801 4454 1030 4509 tradidit
1063 4472 1098 4509 v
1235 4454 1304 4509 24
1329 4470 1484 4508 sensu
1512 4470 1554 4505 s.
1580 4449 1959 4520 conspirantes]
1987 4466 2171 4503 sensus
2194 4449 2537 4505 subdolorum
2562 4450 2787 4519 spiritus
2810 4448 2880 4503 K
