3217 5150
618 542 747 607 288
1568 541 1928 610 Appendix.

996 699 1318 760 Dissimiles
1349 700 1573 760 fructus
1604 717 1776 760 sensu
1805 699 2078 760 suadente
2109 699 2334 760 dedere.

1000 805 1149 864 Nam
1178 802 1334 877 prior
1360 802 1632 863 uberibus
1663 803 1892 862 fuerant
1921 817 2067 877 quae
2095 804 2330 877 prosata
2359 804 2546 878 glebis

996 905 1249 979 Optulit:
1298 907 1392 966 ast
1420 905 1571 965 alius
1615 906 1742 964 miti
1771 923 1832 966 se
1862 907 2104 966 deuouet
2131 895 2299 980 agno,

828 1008 947 1066 145
991 1008 1141 1067 Exta
1169 1025 1375 1082 gerens
1406 1009 1629 1068 sincera
1657 1026 1830 1068 manu
1859 1007 2195 1083 adipemque
2226 1009 2491 1069 niualem.

995 1101 1419 1185 Confestimque
1447 1112 1636 1186 placet
1666 1111 1906 1171 Domino
1936 1111 2033 1187 pia
2061 1114 2197 1171 uota
2224 1113 2430 1172 tuenti.

994 1214 1154 1285 Quod
1181 1217 1416 1289 propter
1445 1214 1805 1288 gelida-Cain
1828 1214 2126 1274 incanduit
2151 1215 2261 1276 ira.

996 1317 1174 1388 Quem
1201 1316 1356 1376 Deus
1387 1317 1651 1391 adloquio
1680 1317 1954 1398 dignatus
1984 1317 2198 1377 talibus
2227 1318 2384 1378 infit:

989 1421 1099 1481 Dic
1126 1418 1291 1493 mihi,
1322 1421 1373 1480 si
1402 1423 1623 1480 rectum
1651 1421 1816 1481 uiuas
1839 1423 1900 1481 et
1927 1420 2099 1480 noxia
2129 1439 2350 1493 cernae,

826 1525 950 1584 150
992 1524 1214 1598 Degere
1241 1541 1357 1583 non
1382 1524 1573 1598 possis
1604 1527 1892 1584 contracto
1923 1543 1959 1584 a
1987 1525 2224 1584 crimine
2253 1528 2476 1599 purus?

996 1627 1208 1688 Desine
1238 1627 1489 1687 mordaci
1518 1629 1758 1688 fratrem
1787 1628 2116 1702 disperdere
2150 1645 2340 1701 sensu,

998 1731 1108 1802 Qui
1137 1730 1247 1791 tibi
1278 1747 1379 1792 ceu
1407 1730 1648 1791 Domino
1677 1731 1970 1792 subiectus
1999 1731 2152 1791 colla
2180 1731 2499 1806 praebebit.

994 1834 1117 1894 Nec
1140 1838 1333 1894 tamen
1361 1833 1455 1894 his
1478 1834 1698 1895 fractus
1725 1827 1964 1894 fratrem
1993 1835 2224 1895 deducit
2265 1837 2356 1894 ad'
2384 1852 2523 1894 arua

995 1938 1187 2011 Atque
1216 1937 1318 1997 ubi
1348 1939 1696 2012 deprensum
1725 1940 1952 1998 deserto
1982 1937 2044 1997 in
2067 1937 2324 2014 gramine
2353 1937 2522 2010 uidit,

830 2041 953 2101 155
995 2040 1177 2101 Elidit
1207 2042 1451 2116 geminis
1474 2041 1750 2102 fraudans
1781 2041 1878 2116 pia
1905 2043 2143 2116 guttura
2185 2042 2414 2114 palmis.

1002 2144 1164 2214 Quod
1191 2144 1407 2204 factum
1439 2145 1713 2204 Dominus
1743 2145 1899 2205 caelo
1929 2143 2257 2218 speculatus
2287 2145 2362 2204 ab
2390 2145 2509 2204 alto

991 2247 1276 2321 Disquirit
1304 2265 1551 2322 quonam
1578 2250 1862 2308 terrarum
1891 2249 2065 2322 degat
2087 2249 2303 2308 Abelus
2317 2253 2347 2309 ⁴?

998 2350 1106 2410 Ille
1136 2353 1311 2425 negat
1338 2351 1587 2426 positum
1618 2352 1911 2428 custodem
1943 2369 2004 2411 se
2033 2352 2154 2412 fore
2183 2351 2407 2412 fratris,

996 2454 1099 2514 Oui
1129 2455 1285 2514 Deus
1315 2455 1549 2514 effatur:
1595 2471 1783 2515 nonne
1815 2472 1925 2515 uox
1955 2455 2254 2528 sanguinis
2283 2454 2406 2514 eius

830 2559 955 2620 160
996 2559 1090 2620 Ad
1118 2576 1207 2619 me
1236 2557 1416 2619 missa
1444 2560 1614 2620 sonat
1635 2559 1957 2634 celsumque
1987 2558 2243 2618 ascendit
2265 2559 2339 2617 ad
2361 2561 2563 2619 axem?

990 2662 1176 2723 Nosce
1205 2663 1387 2735 igitur
1415 2679 1685 2722 mansura
1713 2662 1822 2722 tibi
1850 2679 1954 2737 pro
1983 2662 2222 2722 crimine
2251 2663 2448 2721 tanto:

995 2766 1151 2825 Nam
1180 2768 1344 2826 modo
1374 2782 1520 2839 quae
1548 2766 1771 2825 maduit
1801 2766 2056 2840 germani
2085 2766 2362 2839 sanguine
2391 2768 2568 2837 terra,

1000 2870 1194 2930 Inuiso
1223 2867 1531 2929 maledicta
1558 2869 1671 2929 tibi
1695 2869 1996 2930 commissa
2024 2869 2260 2944 negabit

999 2972 1223 3032 Semina
1250 2976 1312 3031 et
1340 2972 1622 3031 absumtis
1653 2973 1900 3033 fructum
1927 2990 2041 3032 non
2069 2972 2322 3047 proferet
2349 2970 2564 3045 herbiS,

832 3075 952 3136 165
1000 3075 1280 3150 Turpidus
1310 3077 1377 3133 ut
1404 3077 1584 3136 multo
1615 3074 1892 3137 collidens
1921 3076 2174 3136 membra
2203 3080 2448 3136 tremore

1010 3176 2509 3241 ******,*******

763 3480 866 3536 142
902 3480 1081 3536 fructu
1117 3481 1171 3536 R
1406 3482 1506 3537 145
1540 3498 1708 3537 manu
1743 3484 1948 3537 sincera
1978 3498 2167 3551 gerens
2199 3497 2234 3535 v
2461 3480 2565 3535 152
2597 3479 2889 3551 praebebit

623 3565 696 3631 R,
730 3564 955 3620 daturus
990 3565 1266 3621 Herelius
1300 3572 1354 3622 et
1385 3581 1421 3621 v
1650 3566 1752 3621 154
1785 3566 1867 3621 ibi
1899 3566 1956 3622 R
2198 3566 2300 3621 155
2335 3564 2590 3621 fraudans
2627 3564 2698 3629 R,
2733 3564 2882 3619 fran-

622 3667 755 3721 gens
788 3653 925 3707 coni.
952 3651 1236 3707 Pameliue
1440 3652 1543 3708 156
1576 3652 1750 3722 caelo]
1787 3653 1926 3707 celso
1954 3652 2252 3707 iwrio-ius
2458 3652 2560 3706 159
2595 3666 2770 3705 nonne
2805 3650 2882 3715 R,

623 3753 878 3793 numnam
912 3736 1209 3793 Fabricius
1244 3744 1293 3794 et
1327 3755 1362 3794 v
1569 3738 1673 3793 164
1707 3738 1966 3793 assumtis
1999 3757 2049 3795 v.
2086 3770 2152 3779 -—-

1564 4006 1960 4018 Ἦ
