3217 5150
600 2463 665 2528 Η

435 3968 594 4015 codex
608 3967 750 4011 Pstis.

540 4038 655 4081 16⁶5.

492 4316 711 4383 coms

765 527 885 574 LVI

764 660 1079 746 bergensis
1104 657 1213 747 (B)
1234 660 1363 726 476
1392 678 1548 726 saec.
1576 660 1690 738 XI,
1721 679 1842 743 quo
1871 659 2264 726 continentur
2291 659 2551 747 hoec*):
2591 661 2809 728 libelli
2835 661 2897 726 I.
2927 661 3042 726 IV.

765 772 875 838 VI.
906 771 981 837 V.
1017 770 1193 836 VIII.
1224 771 1302 836 X.
1334 771 1511 836 XIII.
1542 771 1655 838 XI.
1687 771 1823 838 ΧΠ.
1855 772 2000 838 VII.
2033 771 2142 838 IX.
2175 773 2296 850 111,
2337 772 2640 856 epistulae
2681 774 2797 840 63.
2831 773 2950 839 30.
2985 775 3046 840 6.

764 883 869 950 28.
893 885 996 962 37,
1030 883 1191 949 Item
1220 883 1307 948 ad
1334 883 1568 948 eosdem
1596 883 1672 950 de
1700 882 1890 950 laude
1917 883 2237 966 martyrii,
2271 884 2370 950 10.
2399 887 2498 949 11.
2521 884 2626 951 58.
2651 885 2763 950 46.
2795 885 2912 950 12.
2941 885 3046 963 76,

769 997 867 1063 79.
918 997 1017 1063 78.
1064 997 1163 1062 77.
1206 996 1307 1066 32.
1352 997 1457 1062 20.
1500 996 1603 1063 59.
1651 997 1754 1064 52.
1795 997 1900 1061 47.
1943 995 2049 1062 45.
2091 995 2196 1062 44.
2229 995 2331 1062 51.
2361 997 2466 1062 60.
2497 995 2601 1062 57.
2634 997 2746 1062 55.
2781 997 2902 1062 38.
2933 998 3042 1064 39.

766 1109 871 1174 40.
904 1108 1006 1174 67.
1038 1108 1140 1174 43.
1174 1109 1275 1174 65.
1311 1109 1411 1174 73.
1446 1109 1545 1174 71.
1581 1109 1683 1188 70,
1717 1107 2078 1176 Sententiae
2105 1109 2312 1190 episc„
2342 1108 2444 1174 72.
2477 1108 2578 1173 74.
2607 1108 2712 1174 69.
2743 1108 2860 1174 64.
2887 1109 2956 1174 2.
2983 1113 3043 1176 1.

764 1222 869 1287 61.
900 1221 1003 1288 54.
1036 1221 1137 1286 66.
1166 1222 1231 1300 4,
1274 1219 1375 1286 De
1400 1240 1468 1285 eo
1495 1220 1660 1302 quod
1697 1221 1872 1286 idota
1900 1221 1998 1286 dii
2027 1240 2159 1286 non
2185 1221 2336 1299 sint,
2367 1219 2698 1286 Aduersus
2727 1219 3044 1298 Iudaeos,

764 1333 867 1400 56.
898 1333 959 1411 3,
994 1330 1211 1398 Caena
1242 1331 1581 1414 Cypriani,
1615 1331 1852 1398 Oratio.
1887 1334 2258 1417 scriptorum
2285 1332 2628 1398 maximam
2656 1335 2928 1414 partem
2959 1333 3040 1400 ab

766 1445 1027 1510 alterius
1069 1443 1348 1510 familiae
1388 1444 1593 1508 codice
1635 1443 1900 1527 pendere
1940 1443 2060 1508 loci
2099 1444 2402 1526 permulti
2441 1448 2704 1528 possunt
2737 1445 3038 1527 probare,

765 1554 875 1622 ubi
898 1557 1000 1620 uel
1020 1556 1087 1622 in
1109 1555 1446 1622 leuioribus
1474 1549 1718 1622 mendis
1747 1555 1838 1622 ita
1857 1575 2006 1630 ,cum
2031 1556 2156 1638 MQ
2183 1555 2290 1622 uel
2315 1575 2462 1622 cum
2483 1555 2536 1620 Τ
2562 1557 2662 1621 nel
2689 1557 2854 1622 adeo
2888 1577 3042 1624 cum

764 1667 940 1749 MQT
971 1667 1411 1754 conspirat**)‚
1454 1669 1527 1734 ut
1558 1687 1630 1733 ea
1657 1687 1730 1734 ex
1757 1670 2071 1734 communi
2099 1669 2338 1752 origine
2365 1669 2614 1734 seruata.
2641 1685 2780 1733 esse
2811 1671 3040 1736 credn-

764 1800 905 1848 mus
936 1798 1181 1846 necesse
1210 1780 1313 1846 sit.
1346 1781 1425 1846 ad
1454 1779 1579 1846 alia
1609 1779 1984 1862 exemplaria
2011 1779 2260 1864 singula
2290 1781 2523 1863 scripta
2551 1797 2672 1846 non
2701 1782 2850 1864 pari
2883 1801 3042 1848 cura

764 1911 875 1958 nec
902 1893 983 1958 ad
1010 1893 1223 1960 eadem
1254 1909 1465 1958 omnes
1494 1891 1823 1958 emendata
1853 1895 2018 1958 sunt.
2049 1891 2140 1958 sic
2167 1892 2234 1958 in
2261 1891 2476 1957 libello
2511 1891 2692 1973 Quod
2719 1891 2916 1958 idola
2939 1893 3042 1958 dii

766 2022 897 2068 mm
940 2005 1073 2068 sint
1106 2023 1179 2070 ex
1208 2004 1545 2070 Veronensi
1591 2004 1828 2070 multae
1871 2003 2214 2088 scripturae
2255 2003 2488 2087 petitae
2533 2004 2702 2082 sunt,
2760 2007 2942 2088 quod
2973 2007 3040 2072 in

766 2114 1021 2198 reliquis
1072 2115 1319 2200 parcius
1369 2114 1607 2180 factum
1657 2115 1769 2192 est,
1820 2115 1932 2181 ubi
1985 2115 2222 2197 primae
2271 2114 2550 2182 familiae
2599 2115 2850 2182 codices
2909 2137 3038 2184 non

766 2227 925 2292 nihil
956 2227 1448 2310 suppeditarunt.
1484 2227 1758 2294 codicem
1781 2226 2035 2292 Halmio
2056 2227 2321 2313 benigne
2341 2227 2764 2294 intercedente
2783 2227 3038 2296 Vindo-

766 2340 1016 2405 bonam
1048 2341 1483 2406 transmissum
1528 2343 1668 2424 post
1713 2341 2174 2426 Krabingerum
2217 2341 2417 2408 denuo
2463 2340 2719 2406 contuli.
2781 2341 3036 2408 similes

770 2453 915 2518 sunt
944 2451 1180 2518 codices
1202 2452 1571 2519 Parisiensis
1606 2453 1813 2519 15282
1837 2453 1952 2536 (Η)
1977 2454 2128 2518 olim
2153 2453 2517 2519 sorbonicus
2539 2453 2666 2517 207
2681 2451 2828 2538 ***)
2865 2473 3034 2521 saec.

838 2658 889 2729 ¹⁸¹)
916 2658 1152 2729 Imagini
1178 2657 1432 2729 Cypriani
1466 2659 1668 2729 pagina
1697 2659 1871 2728 prima
1893 2657 2130 2729 depictae
2155 2656 2383 2712 subiecti
2406 2660 2534 2713 sunt
2566 2656 2776 2713 Versus
2799 2660 3044 2716 secundi

769 2746 1083 2800 Alexandri
1106 2762 1286 2815 papae
1310 2746 1378 2799 ab
1403 2746 1522 2813 ipso
1547 2744 1684 2798 editi

1176 2832 1449 2900 Martyris
1474 2836 1527 2885 et
1548 2832 1694 2884 saevi
1717 2830 1984 2901 Cypriani
1999 2830 2280 2899 praesulis
2303 2830 2460 2884 archi

1174 2916 1495 2973 Alexander
1519 2932 1611 2986 eyo
1639 2914 1921 2971 Βονηαηαε
1935 2931 2094 2983 papa
2115 2931 2370 2983 supremo

1174 3003 1308 3059 Non
1322 3002 1571 3072 propriis
1591 3002 1802 3055 meritis
1824 3000 2069 3055 residem
2091 3002 2154 3055 in
2180 3000 2414 3055 ovamine
2435 3000 2583 3057 sedis

1174 3090 1335 3144 Haec
1357 3104 1521 3143 sacra
1544 3086 1774 3141 describi
1796 3087 1908 3153 feei
1932 3086 2236 3141 dictamina
2259 3086 2385 3141 libri

1174 3174 1402 3230 Hilario
1424 3179 1614 3228 sancto
1635 3188 1789 3242 quem
1814 3189 1966 3227 nunc
1984 3188 2090 3241 pro
2115 3188 2340 3227 mamere
2360 3173 2559 3228 mando
2567 3214 2585 3241 ,

1182 3262 1317 3333 Quas
1338 3261 1455 3327 fuit
1480 3268 1533 3316 et
1554 3268 1796 3330 quantae
1817 3260 2080 3317 clarescat
2103 3268 2166 3316 ut
2187 3263 2276 3317 hic
2301 3262 2630 3331 Cyprianus.

1174 3348 1383 3404 Doctor
1406 3353 1527 3403 erat
1548 3354 1774 3402 sanctus
1797 3348 1916 3401 uita
1937 3348 2248 3417 meritisque
2265 3348 2536 3417 probatus
2546 3389 2565 3416 ‚

1182 3435 1421 3490 Virtutis
1442 3450 1704 3505 maynae,
1723 3434 1951 3502 praesul
1975 3434 2308 3503 Kartaginis
2329 3432 2507 3500 altae,

1182 3522 1373 3578 Totius
1398 3521 1632 3591 Lybiae,
1660 3536 1801 3588 quae
1825 3535 1959 3587 pars
1984 3526 2064 3573 est
2089 3520 2254 3573 tertia
2279 3526 2491 3588 terrae,

1180 3608 1483 3677 Theoloyus
1504 3612 1712 3674 rector,
1743 3606 2078 3661 clarissimus
2099 3607 2286 3675 utique
2310 3608 2506 3661 rhetor.

770 3696 861 3751 his
883 3696 1209 3767 adiungitur
1230 3694 1413 3748 breuis
1435 3693 1722 3761 descriptio
1746 3692 1892 3747 uitae
1915 3692 2368 3762 epistularumque
2389 3692 2730 3762 capitulatio.

838 3782 921 3849 ⁸³)
946 3782 1051 3837 Cf.:
1098 3786 1279 3846 469,·1;
1331 3784 1499 3845 4⁷o‚2.
1527 3784 1585 3842 9;
1634 3784 1846 3845 471‚14;
1893 3783 2071 3843 565,4;
2123 3782 2275 3843 586,5
2289 3798 2304 3842 ;
2351 3784 2530 3843 594‚3;
2582 3783 2806 3843 615,21;
2845 3784 3036 3847 62263

772 3874 952 3933 622,8;
989 3871 1207 3932 eee,20;
1244 3871 1459 3931 eei,2e;
1499 3868 1678 3930 726,8;
1714 3869 1892 3930 72⁷,8;
1933 3868 2114 3929 729,21
2142 3866 2244 3919 eto.

840 3956 950 4023 Ι·“““*)
976 3954 1054 4009 Ex
1088 3954 1188 4008 hoc
1223 3953 1399 4007 codice
1430 3952 1745 4021 deprompta
1777 3954 1904 4005 sunt
1939 3966 2072 4019 quae
2105 3950 2452 4005 inueniuntur
2485 3950 2543 4003 in
2565 3948 2866 4005 Perisiensi
2893 3958 3034 4007 1655

772 4057 905 4096 8800.
940 4038 1285 4095 XII-XIII:
1333 4038 1597 4109 epistulae
1645 4042 1726 4091 63.
1767 4043 1849 4091 55.
1889 4042 1936 4091 G.
1974 4040 2057 4089 28.
2095 4041 2176 4091 3⁷.
2217 4041 2298 4091 10.
2338 4042 2420 4092 11.
2457 4040 2543 4092 38.
2577 4040 2658 4090 39.
2696 4040 2784 4093 68.
2825 4042 2916 4092 ⁷6.
2957 4045 3036 4095 ⁷3.
3171 4068 3173 4103 Ι

775 4132 853 4183 71.
883 4132 961 4192 70,
1002 4126 1319 4181 Sententiae
1355 4125 1534 4194 cpiam,
1575 4129 1654 4178 74.
1691 4128 1774 4177 69.
1811 4127 1893 4175 67.
1919 4127 2002 4177 64.
2025 4126 2074 4179 2.
2099 4126 2182 4176 60.
2208 4127 2291 4177 57.
2315 4128 2399 4177 69.
2426 4127 2506 4175 47.
2533 4127 2616 4177 45.
2639 4127 2728 4180 44.
2756 4128 2846 4177 43.
2873 4129 2966 4179 65.
2997 4131 3042 4179 1.
3171 4146 3173 4149 ⁴

772 4220 855 4271 61.
880 4219 964 4268 46.
990 4218 1041 4277 4,
1081 4212 1237 4283 Quod
1272 4212 1425 4266 idola
1458 4210 1539 4265 dii
1560 4227 1674 4265 non
1695 4210 1829 4278 sint,
1865 4213 1945 4262 56.
1975 4212 2022 4273 3,
2050 4208 2202 4263 Cena
2225 4207 2338 4277 (fol.
2365 4210 2504 4277 47²³);
2530 4208 2732 4277 partim
2755 4224 2822 4263 ex
2847 4210 3040 4265 eodem

772 4301 970 4371 partim
1008 4316 1068 4353 ex
1092 4296 1497 4367 compendiensi
1522 4296 1611 4362 (E)
1635 4296 1720 4350 uel
1761 4296 1929 4349 simili
1963 4310 2096 4364 quae
2135 4296 2348 4349 exstant
2371 4296 2430 4348 in
2455 4294 2748 4348 Parisiensi
2789 4300 2932 4350 1650
2960 4302 3040 4367 (g)

770 4387 899 4439 olim
926 4384 1219 4439 Baluziano
1260 4398 1391 4437 saec.
1435 4381 1593 4436 XIV:
1633 4380 1810 4436 libelli
1850 4381 1891 4435 I.
1928 4380 2019 4435 IV.
2058 4380 2150 4435 VI.
2179 4379 2240 4434 V.
2267 4381 2388 4435 VII.
2417 4380 2570 4435 VIII.
2596 4380 2691 4435 XI.
2718 4380 2849 4435 XII.
2875 4381 3038 4439 xm.

771 4470 835 4526 X.
863 4472 919 4525 11
943 4473 1241 4539 (tractatus
1276 4469 1343 4525 de
1366 4468 1483 4525 uno
1514 4483 1648 4523 uero
1683 4467 1782 4522 deo
1806 4470 1856 4522 e't
1881 4467 1949 4523 de
1972 4467 2133 4523 idolis
2163 4467 2440 4539 gentium).
2485 4466 2592 4521 III.
2619 4466 2718 4531 IX,
2741 4466 2834 4521 De
2869 4470 3044 4525 laude
3171 4538 3173 4559 Ι
