3217 5150
637 490 804 549 13(i·‘
1569 484 1933 551 Appendix.

627 646 804 702 testes
849 642 1075 701 Domini
1119 642 1576 717 inpugnauerunt
1630 644 1729 701 sed
1774 646 1833 700 et
1871 620 2059 717 ipsum
2092 643 2389 702 Dominum
2442 642 2641 715 perfidi
2670 642 2881 711 coloni,

627 744 1022 806 contumeliam
1057 746 1314 805 fecerunt
1349 746 1501 820 patri
1544 746 1604 805 in
1636 746 1773 805 filio.
1819 747 1955 820 quid
1986 746 2164 820 igitur
2197 747 2359 819 dig-ni
2389 746 2617 805 fuerunt
2650 747 2771 819 pati
2804 747 2875 803 ob

627 850 734 908 hoc
774 849 1080 908 admissum
1101 852 1128 907 ⁴?
1181 848 1400 909 scilicet
1445 848 1633 923 fugari
1676 848 1743 907 de
1775 865 1967 923 regno,
2022 848 2275 909 abdicari
2306 849 2657 908 hereditate:
2705 854 2765 907 et
2796 851 2881 907 ita

628 951 842 1011 factum
873 955 962 1011 est
993 955 1052 1010 et
1083 952 1164 1011 ita
1193 952 1402 1024 euenit,
1448 952 1853 1025 digna-dignis
1895 952 2239 1026 optigerunt.
2288 955 2451 1025 pater
2480 952 2631 1010 enim
2663 956 2864 1011 contu·

627 1054 828 1114 melias
858 1072 1058 1128 passus
1088 1055 1147 1113 in
1177 1054 1316 1126 filie,
1373 1054 1526 1113 fflius
1556 1070 1859 1129 perpessus
1888 1055 1949 1113 in
1979 1055 2271 1129 prophetis
2301 1057 2553 1127 tempore
2598 1072 2709 1129 quo
2740 1073 2863 1113 mo·
2892 1074 2917 1111 5

625 1159 909 1217 riebatur:
956 1158 1016 1215 in
1067 1175 1169 1217 suo
1211 1162 1460 1231 tempore
1501 1159 1732 1217 coactus
1783 1161 1873 1217 est
1922 1157 2311 1233 indignatione
2362 1157 2607 1218 scribere
2654 1175 2865 1220 nouum

627 1264 1031 1321 testamentum
1081 1260 1358 1319 adhibitis
1407 1260 1657 1319 testibus
1708 1259 1866 1320 caelo
1918 1263 1976 1320 et
2026 1264 2181 1320 terra
2232 1264 2290 1319 et
2318 1260 2520 1335 angelo
2552 1262 2621 1319 de
2654 1261 2867 1333 templo

625 1362 1038 1423 adsistentibus
1067 1364 1260 1438 Moyse
1290 1366 1348 1422 et
1379 1363 1566 1422 Helia.
1597 1364 1705 1423 hos
1734 1363 1883 1422 enim
1904 1366 2085 1423 testes
2108 1364 2389 1439 adhibuit,
2422 1380 2547 1423 cum
2570 1366 2867 1437 pateretur

625 1467 686 1525 in
738 1468 948 1527 Israel:
995 1468 1136 1528 haec
1187 1468 1272 1526 ita
1322 1466 1478 1526 facta
1517 1467 1801 1539 praedixit
1844 1484 1948 1542 per
1976 1467 2283 1541 prophetas
2314 1468 2407 1527 his
2434 1468 2657 1527 uerbis:
2703 1468 2878 1527 audi

627 1571 898 1631 caelum
972 1573 1044 1629 et
1114 1570 1380 1644 praebe
1463 1586 1701 1629 aurem
1774 1572 2014 1643 terra,
2101 1571 2439 1645 quoniam
2512 1570 2869 1630 Dominus
2898 1592 2949 1631 ιο

627 1672 918 1733 locutus
972 1676 1116 1732 est:
1177 1672 1392 1732 filios
1445 1674 1665 1747 genui
1724 1675 1797 1733 et
1854 1674 2215 1746 exaltaui,
2272 1673 2417 1748 ipsi
2474 1676 2709 1733 autem
2768 1691 2871 1732 me

629 1776 1232 1850 repudiauerunt.
1926 1786 1933 1793 ·

563 1875 604 1930 4
709 1880 830 1938 Has
861 1896 1026 1939 uoces
1057 1878 1256 1939 effudit
1287 1879 1560 1939 Dominus
1601 1880 1661 1937 in
1690 1880 1871 1939 Israel
1902 1880 2221 1939 uociferans
2252 1880 2484 1939 dicens:
2530 1869 2657 1939 ‘uos
2688 1879 2873 1940 nolui-

621 1982 747 2054 stis,
779 1982 882 2041 alii
911 2000 1000 2043 me
1028 1983 1304 2056 recipient
1334 1984 1432 2057 qui
1463 1984 1713 2044 nondum
1743 2000 1849 2043 nec
1878 1983 2221 2043 mentionem
2250 1983 2366 2043 mei
2398 1983 2719 2043 audierunt.
2770 2000 2871 2043 uos

625 2086 856 2159 nuptias
905 2103 1062 2145 meas
1115 2085 1435 2159 spreuistis,
1489 2086 1591 2145 alii
1643 2086 1807 2145 ibunt
1849 2086 1949 2160 qui
1990 2103 2102 2145 non
2132 2092 2269 2146 sunt
2297 2086 2503 2145 uocati.
2549 2104 2650 2145 uos
2681 2102 2867 2145 meum
2892 2105 2943 2143 15

624 2206 721 2248 rus
771 2192 832 2247 et
885 2189 1113 2249 niueam
1159 2190 1342 2249 colere
1381 2190 1711 2261 recusastis,
1766 2189 1917 2251 unde
1958 2190 2177 2250 fructus
2209 2188 2463 2249 iustitiae
2495 2188 2867 2263 proueniunt:

625 2292 724 2351 alii
775 2293 962 2353 colent
990 2295 1050 2353 et
1088 2292 1308 2352 fructus
1339 2292 1560 2365 capient
1589 2292 1649 2351 in
1678 2282 1834 2351 Deo'.
1878 2309 2023 2367 quae
2054 2294 2145 2352 est
2171 2292 2288 2351 ista
2316 2295 2434 2353 tam
2462 2292 2587 2351 dira
2617 2308 2777 2351 meus
2811 2296 2873 2349 et

625 2395 940 2456 execranda
989 2395 1260 2469 cogitatio
1275 2399 1303 2454 ἲ
1350 2394 1666 2454 interficere
1719 2412 1851 2470 ergo
1902 2394 2170 2469 potuistis
2219 2411 2411 2471 regem
2460 2397 2521 2453 et
2552 2412 2820 2468 sponsum
2836 2399 2864 2452 ‘2

629 2502 860 2576 propter
903 2502 1010 2561 hoc
1039 2499 1204 2561 testis
1231 2503 1322 2559 est
1364 2498 1582 2559 caelum
1614 2501 1673 2558 et
1701 2502 1856 2559 terra
1884 2502 1943 2559 et
1971 2516 2117 2574 quae
2146 2498 2206 2558 in
2236 2498 2357 2559 illis
2388 2496 2524 2559 sunt
2552 2498 2864 2559 elementa:

629 2604 860 2678 insuper
909 2607 968 2664 et
1019 2606 1198 2665 omnis
1251 2607 1510 2666 creatura
1557 2604 1729 2666 testis
1770 2606 1859 2664 est
1903 2604 1965 2662 in
2012 2607 2248 2664 mortem
2302 2603 2533 2662 Christi.
2584 2621 2616 2662 ο
2662 2620 2865 2662 nouam
2893 2619 2945 2657 πο

619 2706 1035 2768 crudelitatem.
1107 2711 1384 2769 commota
1451 2711 1540 2768 est
1598 2707 1781 2770 omnis
1840 2706 2115 2766 natiuitas
2174 2707 2235 2765 in
2292 2705 2517 2765 Domini
2577 2704 2862 2778 passione,

531 2842 535 2850 ·
621 2810 864 2884 populus
893 2811 1105 2870 mansit
1145 2811 1434 2871 inmobilis
1481 2811 1603 2871 sine
1635 2811 2045 2885 trepidatione:
2092 2809 2328 2884 angelus
2360 2808 2415 2867 in
2448 2809 2859 2882 paenitentiam

621 2913 904 2973 conscisso
926 2913 1206 2973 uelamine
1235 2915 1468 2990 refugit,
1499 2915 1662 2989 plebs
1692 2914 1813 2973 sine
1843 2931 2050 2987 pauore
2074 2914 2299 2987 integra
2322 2916 2479 2972 ueste
2510 2913 2860 2985 permansit:

765 3148 800 3202 9
836 3147 922 3200 Es.
962 3150 1010 3211 1,
1045 3149 1094 3201 2.

761 3378 792 3431 1
827 3379 934 3447 ipsi
968 3378 1185 3433 domino
1221 3397 1271 3444 v,
1308 3379 1481 3447 ipsum
1519 3363 1625 3433 d‘ffi‘
1646 3381 1701 3434 Β
1873 3379 1917 3434 Ο
1954 3378 2139 3447 perfidi
2176 3379 2231 3434 Β
2401 3379 2434 3431 2
2471 3377 2716 3430 fecerunt
2752 3391 2805 3444 p.
2840 3376 2876 3424 i.

623 3465 680 3534 ᾗ]
717 3466 861 3534 patri
895 3464 952 3517 in
987 3464 1100 3518 filio
1137 3465 1422 3519 inferentes
1459 3465 1514 3520 Β
1754 3466 1886 3534 quid
1919 3465 2109 3534 igitur]
2150 3464 2243 3532 qui
2277 3463 2476 3517 dicitur
2514 3463 2564 3516 T
2788 3461 2875 3530 ob]

619 3551 688 3604 ab
728 3549 854 3620 911’
1077 3550 1112 3604 3
1147 3567 1266 3604 cum
1303 3551 1509 3606 scilicet
1545 3551 1600 3606 Β
1694 3615 1699 3621 Δ
1834 3551 2186 3606 hereditatem
2224 3550 2381 3620 BTQ
2398 3549 2481 3603 ’Μ
2488 3553 2501 3578 ¹
2728 3551 2764 3604 4
2800 3553 2881 3603 est

620 3653 719 3691 om.
758 3637 812 3692 Β
1056 3641 1372 3708 optegerunt
1411 3639 1516 3710 ΩΤ
1767 3639 2145 3694 contumeliam
2183 3655 2215 3692 v
2464 3639 2499 3692 5
2534 3638 2649 3692 filio
2686 3637 2725 3693 f.
2764 3653 2879 3704 per-

621 3739 802 3793 pessus
839 3739 938 3778 om.
977 3725 1032 3778 Β
1254 3725 1622 3780 moriebantur
1657 3743 1691 3779 υ
1919 3725 1949 3777 7
1988 3725 2069 3794 de]
2106 3727 2161 3778 et
2198 3725 2300 3795 BQ
2504 3724 2539 3778 8
2573 3739 2793 3792 moysen
2828 3726 2882 3776 et

619 3810 800 3864 helian
839 3809 950 3879 ΩΤ,
987 3825 1202 3878 moysen
1237 3812 1292 3864 et
1323 3811 1518 3880 angelo
1559 3812 1615 3865 Β
1946 3811 1980 3864 9
2016 3811 2301 3879 prophetas
2336 3811 2419 3864 ita
2454 3809 2721 3881 praedixit
2756 3809 2811 3862 B

626 3896 693 3949 10
726 3898 925 3950 terram
962 3897 1016 3950 B
1175 3897 1240 3950 12
1273 3896 1707 3967 repudiauerunt]
1744 3899 2060 3965 spreuerunt
2096 3897 2183 3952 Bv
2340 3897 2407 3950 13
2440 3895 2671 3950 effundit
2706 3895 2811 3966 BQ

625 3981 888 4036 uociferas
926 3982 977 4036 T
1221 3986 1278 4036 et
1311 3983 1492 4037 dicens
1529 3983 1715 4038 BM²v
1963 3983 2217 4037 noluistis
2252 3983 2385 4047 BT,
2420 3998 2504 4036 me
2539 3982 2794 4036 noluistis
2828 3998 2877 4044 v,

623 4067 872 4122 noluistis
907 4085 992 4122 me
1027 4069 1254 4138 recipere
1292 4069 1339 4140 Q
1571 4069 1639 4122 14
1674 4084 1769 4122 nec
1804 4085 1931 4136 exp.
1970 4068 2046 4122 M
2270 4069 2337 4122 15
2372 4068 2725 4137 expraeuistis
2764 4068 2811 4138 Q

622 4153 798 4222 ibunt]
837 4156 964 4207 sunt
1000 4154 1050 4208 Τ
1267 4154 1448 4209 uocati
1485 4155 1604 4226 ΜΟ
1638 4154 1703 4208 in
1736 4159 1966 4222 utroque
1999 4171 2033 4207 a
2068 4169 2208 4208 corr.
2430 4153 2496 4207 16
2532 4169 2615 4208 ros
2652 4153 2817 4224 BQT

627 4241 840 4294 uineam
876 4257 1050 4294 meam
1085 4259 1118 4297 v
1324 4241 1389 4295 17
1426 4241 1663 4295 fructum
1702 4241 1750 4310 Q
1955 4244 2037 4294 est
2074 4257 2172 4295 om.
2211 4257 2242 4295 υ
2450 4240 2515 4294 19
2552 4242 2717 4294 testes
2752 4242 2883 4292 sunt

628 4343 672 4388 v,
709 4327 868 4380 testis
903 4329 958 4380 et
1001 4329 1050 4381 Τ
1266 4331 1410 4380 terra
1445 4329 1518 4396 et]
1555 4330 1753 4378 terram
1790 4326 1844 4379 B
2060 4327 2131 4380 20
2166 4327 2381 4396 insuper
2416 4327 2489 4396 et]
2528 4327 2746 4394 insuper
2784 4341 2814 4377 v

625 4412 691 4464 21
726 4412 1022 4480 passionem
1061 4413 1109 4465 T
1333 4411 1403 4466 23
1439 4411 1647 4465 conciso
1684 4411 1770 4464 Bv
1975 4413 2124 4480 pleps
2168 4413 2227 4474 T,
2265 4411 2417 4482 plebs
2454 4415 2633 4466 autem
2674 4409 2813 4480 BQv
