3217 5150
669 536 792 604 204
1607 534 1751 603 App
1767 534 1981 589 endix.

665 712 796 755 nem
822 696 1210 755 tantummodo
1241 693 1558 766 memorari,
1603 695 1753 768 quod
1784 693 1972 753 Dauid
1992 694 2184 754 docuit
2213 694 2439 754 dicens:
2472 694 2647 753 mihi
2678 696 2920 754 autem

665 798 1140 859 uehementer
1217 796 1709 857 honorificati
1788 800 1959 857 sunt
2034 796 2247 857 amici
2302 798 2444 868 tui,
2505 797 2727 856 Deus.
2788 798 2923 856 eant

663 916 814 961 nunc
841 902 1152 976 praedones
1181 900 1414 975 pudoris
1444 904 1504 961 et
1523 900 1799 975 plagiarii
1820 898 2109 960 castitatis
2128 898 2479 959 mulierculis
2500 900 2621 959 suis
2644 914 2921 975 exponere

667 1009 965 1069 molestias
995 1006 1371 1081 querelarum.
1431 1009 1583 1082 apud
1636 1010 1865 1067 sanctos
1893 1010 2119 1067 nostros
2148 1024 2262 1067 non
2292 1008 2507 1067 habent
2536 1008 2765 1068 omnino
2794 1008 2919 1068 suf-

665 1111 908 1187 fugium,
956 1110 1164 1187 quibus
1191 1112 1418 1171 misceri
1448 1110 1691 1171 ecclesia
1719 1109 2061 1170 auctoritate
2090 1108 2260 1169 Pauli
2288 1110 2535 1185 apostoli
2562 1110 2916 1184 prohibetur.
2936 1126 2961 1167 s

663 1215 742 1275 et
799 1214 965 1286 hos,
1025 1212 1244 1289 inquit,
1305 1213 1580 1273 donitas
1663 1229 1746 1272 ex
1803 1212 1925 1273 his
1986 1213 2181 1272 enim
2240 1216 2416 1273 sunt
2479 1214 2601 1289 qui
2658 1215 2923 1289 repunt

665 1320 744 1379 in
806 1320 1048 1379 domos
1105 1320 1176 1378 et
1233 1317 1582 1393 captiuas
1662 1318 1939 1377 ducunt
2016 1317 2499 1378 mulierculas
2574 1321 2921 1380 oneratas

662 1422 998 1497 peccatis
1061 1438 1244 1496 quae
1304 1421 1683 1480 ducuntur
1736 1420 1975 1480 uariis
2035 1420 2464 1481 desideriis.

557 1527 638 1588 28
746 1526 886 1586 Post
915 1527 1022 1586 hoc
1052 1524 1298 1585 edictum
1329 1523 1553 1584 utinam
1587 1524 1876 1583 confidant
1918 1523 2031 1584 sibi
2062 1525 2393 1599 angelorum
2424 1525 2683 1599 exempla
2704 1525 2917 1585 condu-

661 1646 809 1693 cere.
870 1647 973 1690 uos
1001 1630 1119 1689 iam
1146 1645 1260 1689 non
1291 1628 1490 1688 ualent
1517 1628 1749 1689 flectere
1768 1674 1782 1701 ,
1814 1630 1913 1704 qui
1941 1630 2206 1689 nouimus
2236 1632 2296 1689 et
2324 1630 2561 1705 angelos
2592 1647 2721 1689 cum
2750 1629 2917 1690 femi·
2934 1645 2983 1685 1ο

663 1734 758 1793 nis
786 1733 1076 1794 cecidisse.
1133 1732 1206 1793 ab
1239 1730 1384 1806 ipsis
1419 1731 1689 1805 equidem
1730 1733 1875 1793 bene
1906 1732 2227 1807 patrocinia
2254 1735 2591 1793 mutuantur
2605 1778 2620 1806 ,
2683 1735 2786 1793 sed
2816 1750 2916 1793 uos

659 1836 882 1895 nullum
918 1836 1187 1909 angelum
1218 1834 1481 1895 audimus
1511 1837 1711 1895 contra
1739 1834 1984 1895 Paulum
2012 1836 2349 1910 apostolum.
2396 1837 2521 1896 sed
2548 1838 2623 1896 et
2664 1836 2731 1895 si
2772 1854 2915 1909 nos,

659 1939 878 2015 inquit,
956 1940 1080 1999 aut
1149 1938 1456 2014 angelus
1513 1938 1595 1997 de
1656 1939 1856 1999 caelo
1936 1938 2609 2014 euangelizauerit
2688 1940 2915 2012 uobis,

658 2044 1166 2117 praeterquam
1214 2044 1398 2117 quod
1456 2042 2151 2117 euangelizauimus
2213 2043 2455 2116 uobis,
2526 2044 2917 2103 anathema

658 2164 688 2207 s
709 2148 792 2208 it.
853 2146 1148 2207 insaniunt
1190 2162 1423 2220 prorsus
1469 2148 1527 2206 et
1570 2146 1763 2207 calent
1792 2145 2054 2206 incendio
2085 2147 2442 2218 feminarum,
2474 2148 2753 2221 quotquot
2783 2145 2912 2205 huic
2932 2166 2973 2203 ιε

659 2249 1050 2310 interdictioni
1080 2266 1195 2309 non
1225 2250 1463 2322 cedunt,
1517 2253 1575 2309 et
1627 2248 2110 2309 obscoenitatibus
2162 2249 2451 2310 inhiantes
2502 2250 2724 2308 malunt
2752 2250 2912 2321 mori,

658 2369 830 2427 quam
873 2352 1126 2413 contenti
1155 2352 1274 2412 siut
1324 2368 1360 2411 a
1408 2352 1686 2411 lateribus
1715 2352 2017 2412 mulierum
2060 2352 2257 2427 aliqua
2285 2352 2661 2412 disiunctione
2688 2351 2909 2425 diuelli,

655 2458 722 2516 ut
752 2457 827 2516 ad
857 2456 1194 2531 explendam
1237 2472 1372 2515 suae
1417 2454 1718 2515 auiditatis
1767 2454 2041 2516 inluuiem
2091 2455 2265 2515 etiam
2310 2456 2371 2513 in
2398 2457 2607 2531 puncto
2636 2454 2909 2529 temporis

654 2578 767 2622 non
797 2560 918 2620 sint
945 2559 1068 2621 sine
1098 2558 1344 2621 feminae
1373 2558 1690 2633 uoluptate,
1752 2559 1813 2619 et
1840 2560 1990 2620 hunc
2020 2559 2235 2620 habent
2265 2560 2325 2620 111
2369 2558 2705 2621 mulieribus
2748 2559 2904 2620 fruc-

651 2666 796 2738 tum,
822 2665 887 2723 ut
916 2663 976 2722 in
1000 2663 1132 2723 illas
1162 2681 1386 2737 semper
1409 2663 1591 2722 defixa
1619 2661 1935 2722 intentione
1968 2663 2247 2724 desideria
2269 2663 2483 2724 satient
2504 2663 2809 2738 oculorum,
2836 2680 2905 2724 ne
2920 2676 2967 2718 m

651 2768 748 2827 uel
779 2769 1126 2827 momentum
1156 2766 1386 2842 aliquod
1414 2768 1694 2837 transeat,
1749 2767 1972 2839 quando
2000 2765 2369 2840 indiguerunt
2414 2767 2565 2841 quod
2592 2766 2902 2826 adfectant.

653 2871 738 2930 sic
769 2871 922 2930 inter
951 2887 1048 2930 eos
1069 2869 1377 2944 integritas
1400 2869 1692 2941 emoritur,
1724 2869 1823 2928 ubi
1845 2869 2029 2928 omnis
2047 2871 2410 2930 commoratio
2434 2887 2535 2930 seu
2558 2870 2904 2931 conuiuendo

653 2989 754 3033 seu
805 2973 1206 3032 commanendo
1259 2971 1543 3046 corruptis
1596 2971 2014 3032 adfectionibus
2066 2973 2416 3048 inquinatur.
2476 2990 2619 3047 quos
2674 2977 2904 3033 sanctus

649 3077 858 3136 Petrus
903 3074 1308 3150 designauerat
1337 3075 1566 3136 dicens:
1628 3073 1701 3133 in
1761 3076 2139 3136 conuiuiis
2170 3077 2327 3137 uuis
2382 3077 2903 3150 luxuriantes,

649 3177 907 3239 oculos
973 3176 1333 3245 habentes
1413 3178 1669 3252 plenos
1729 3179 2382 3240 moechationibus
2442 3183 2519 3240 et
2576 3181 2963 3241 incessu-rs

647 3283 936 3344 bilibus
985 3281 1326 3354 delictis,
1387 3282 1775 3358 capientes
1828 3284 2115 3345 animas
2161 3285 2533 3345 infirmas.
2592 3287 2699 3346 hos
2730 3285 2903 3346 etiam

782 3527 815 3581 1
850 3525 937 3579 ΡΒ.
977 3525 1095 3591 138,
1133 3526 1214 3580 17.
1616 3527 1651 3580 6
1685 3525 1741 3580 11
1777 3527 1914 3583 Tim.
1953 3528 2001 3592 3,
2039 3529 2087 3582 5.
2502 3529 2569 3584 12
2604 3527 2723 3584 Gal.
2768 3531 2816 3595 1,
2852 3531 2901 3585 8.

643 3615 714 3669 24
745 3611 804 3668 II
839 3611 984 3666 Petr-
1019 3612 1070 3678 2,
1109 3611 1327 3666 13-14.

779 3856 811 3908 1
848 3869 1138 3909 memorare
1180 3854 1250 3910 0¹
1523 3870 1657 3923 quos
1692 3854 1740 3910 0
2044 3855 2078 3909 5
2114 3854 2363 3919 ecclesiae
2398 3872 2433 3910 υ
2711 3855 2741 3909 7
2780 3871 2901 3925 cap-

641 3940 786 3995 tiuas
822 3938 1044 4010 ducunt]
1082 3941 1361 4011 captiuant
1397 3955 1467 3996 ex
1501 3941 1745 4010 captiuas
1788 3940 1836 3996 0
1866 3957 1937 3994 m.
1972 3944 2009 3994 2
2306 3941 2373 3994 12
2408 3939 2718 3995 audiuimus
2763 3941 2835 3997 0¹

641 4025 734 4081 sed
770 4028 826 4079 et
851 4025 911 4089 0,
946 4027 1003 4078 et
1035 4043 1070 4081 v
1273 4043 1370 4081 nos
1404 4029 1584 4096 inquit
1628 4027 1695 4092 Ο,
1730 4027 1913 4096 inquit
1946 4043 2045 4097 ego
2080 4045 2113 4083 v
2320 4029 2387 4082 13
2424 4028 2487 4082 de
2522 4027 2671 4082 caelo
2716 4029 2777 4093 0,
2812 4027 2899 4084 dei

641 4111 803 4166 aliter
835 4128 870 4167 v
1055 4112 1121 4166 15
1156 4115 1212 4168 et
1247 4115 1426 4167 calent
1459 4112 1706 4167 incendio
1750 4113 1807 4178 Ο,
1846 4112 2035 4168 ardent
2068 4112 2329 4167 desiderio
2363 4130 2399 4169 v
2605 4113 2674 4167 18
2708 4114 2895 4184 inglu-

638 4197 784 4253 uiem
819 4213 852 4252 v
1069 4197 1128 4252 in
1161 4215 1262 4252 om.
1297 4215 1332 4254 v
1546 4197 1618 4252 20
1651 4198 1765 4252 illis
1799 4213 1833 4253 v
2046 4198 2114 4252 21
2153 4197 2359 4268 aliquid
2402 4200 2472 4255 0¹
2690 4199 2904 4268 quando

637 4301 743 4339 non
798 4283 846 4341 G
887 4283 984 4338 sed
1024 4300 1134 4338 non
1181 4301 1302 4352 exp.
1351 4301 1419 4338 m.
1458 4288 1494 4340 2
1880 4275 2194 4354 indig²erunt
2248 4284 2336 4352 0¹,
2390 4283 2673 4354 indigeant
2726 4285 2833 4341 0²22

636 4373 706 4427 22
741 4385 952 4424 seu-seu
987 4369 1046 4435 C,
1081 4371 1337 4424 siue-siue
1371 4387 1405 4426 v
1603 4370 1675 4424 24
1709 4373 1893 4438 petrus
1928 4370 2205 4440 apostolus
2240 4384 2272 4424 v
2456 4370 2767 4440 designauit
2802 4387 2835 4426 v

637 4458 706 4512 26
731 4456 852 4518 hos]
876 4471 986 4510 non
1009 4456 1136 4511 hinc
1157 4471 1254 4510 nos
1280 4456 1327 4511 Ο
1357 4455 1452 4512 sed
1474 4471 1579 4511 non
1603 4473 1727 4526 exp.
1764 4463 1817 4511 et
1842 4456 1967 4511 hinc
1992 4472 2034 4512 s.
2062 4457 2095 4510 Ζ.
2120 4473 2189 4510 m.
2217 4461 2254 4511 2
2401 4457 2569 4510 etiarn
2592 4455 2674 4510 ita
2696 4475 2731 4511 v
