3217 5150
2362 555 2543 604 XLIII

285 691 452 756 liaue
492 691 740 773 reoepta
782 689 1181 766 inueniantur
1223 688 1536 755 similibus
1565 689 1740 768 loeis,
1783 707 1855 755 ea
1881 707 2006 755 non
2049 691 2186 756 tam
2229 695 2400 756 oasui
2441 691 2544 757 uel

280 802 583 870 subitario
613 801 959 888 legentium
981 801 1187 868 studio
1210 819 1399 884 quam
1422 801 1662 868 homini
1685 803 1850 867 oerto
1873 801 2132 868 oonsilio
2155 803 2362 868 totum
2385 821 2540 888 opus

282 915 695 999 pertractanti
724 914 937 981 deberi
966 913 1341 981 eredendum
1364 915 1477 980 est.
1511 914 1601 980 sie
1621 916 1874 997 propter
1903 914 2242 998 asyndeton
2272 915 2544 982 sdicitur

278 1031 335 1092 et
374 1027 643 1108 430‚15;
697 1022 920 1106 620‚6;
972 1025 1241 1105 222‚24;
1292 1025 1531 1110 225,14
1582 1025 1903 1109 similique
1956 1026 2212 1093 oonsilio
2264 1031 2335 1090 ut
2373 1027 2440 1092 in
2484 1031 2544 1094 et

280 1141 567 1206 mutatur
624 1137 879 1218 578‚23‚
936 1138 1295 1204 inseruntur
1350 1137 1566 1220 inquit
1617 1137 1885 1218 210‚14;
1947 1139 2212 1218 221‚13;
2271 1139 2540 1219 225‚19;

276 1250 499 1330 227‚8;
550 1249 785 1334 228,17
802 1276 819 1329 ;
864 1251 1131 1330 23033;
1178 1251 1433 1335 232,19,
1488 1249 1644 1316 dicit
1687 1250 1955 1329 22531;
2002 1251 2256 1336 32337,
2307 1270 2544 1332 quoque

271 1362 481 1442 2143.
520 1361 633 1440 15;
664 1361 931 1442 2233ος
963 1361 1223 1442 227‚15‚
1265 1361 1439 1426 enim
1466 1361 1692 1442 221‚3;
1724 1363 1992 1442 223‚19;
2033 1363 2287 1443 66136,
2329 1367 2542 1429 autem

272 1474 539 1554 220‚20;
584 1474 839 1554 23236,
884 1473 1131 1540 domini
1170 1474 1437 1554 476‚16;
1479 1473 1746 1555 623314;
1777 1475 2044 1558 658,29;
2079 1474 2265 1555 704‚7
2283 1500 2298 1554 3
2331 1474 2538 1559 709,6‚

272 1585 501 1650 mundi
544 1586 811 1668 321‚11;
860 1586 1074 1667 482‚1‚
1126 1604 1280 1652 sinis
1320 1587 1589 1667 214‚13;
1635 1585 1903 1671 482,11;
1955 1587 2220 1667 527‚18;
2273 1586 2540 1666 597‚17;

274 1698 529 1778 64034,
582 1700 658 1764 in
699 1698 965 1778 476,12;
1015 1698 1286 1782 49934;
1336 1698 1561 1778 580,8;
1615 1697 1839 1778 594,3;
1894 1697 2127 1778 707,16
2157 1699 2222 1764 et
2249 1700 2560 1780 sexcenta..

272 1810 418 1875 alia.
457 1829 612 1876 num
647 1828 761 1893 pro
787 1814 845 1876 et
877 1848 957 1858 —
986 1813 1045 1876 et
1072 1803 1339 1895 simplex
1365 1814 1423 1876 et
1452 1810 1734 1876 oonsulto
1773 1808 2080 1894 seriptum
2126 1810 2212 1876 sit
2241 1809 2537 1896 (210343

270 1921 540 2001 21631;
593 1922 861 2012 223,1’ζ;
912 1921 1179 2003 483,19;
1230 1922 1458 2003 527,5;
1511 1921 1778 2004 624‚17;
1833 1921 2054 2001 657‚5;
2108 1921 2370 2008 743‚18)
2414 1941 2538 1989 non

270 2033 517 2113 definio,
548 2033 839 2118 quamuis
861 2034 929 2100 in
951 2034 1187 2100 eisdem
1210 2033 1499 2101 formulis
1528 2035 1816 2118 frequens
1845 2051 2175 2101 consensus
2206 2035 2534 2101 eorrectio-

270 2147 366 2211 nis
398 2146 813 2230 suspicionem
845 2148 1124 2226 moueat3
1171 2149 1388 2214 eontra
1428 2147 1748 2232 geminata
1776 2164 1894 2212 uox
1924 2150 1982 2212 et
2013 2146 2264 2233 (547‚7;
2309 2146 2534 2226 605‚6;

273 2258 532 2342 707‚17)
574 2258 837 2324 fortuita
873 2258 1143 2325 uidetur.
1186 2258 1295 2324 sed
1335 2257 1636 2324 modestis
1664 2257 1764 2324 his
1793 2258 2368 2342 interpretamentis
2409 2277 2532 2324 non

269 2370 593 2435 contentus
621 2369 804 2454 longe
832 2369 1068 2436 maiora
1098 2369 1379 2436 admisit.
1430 2368 1626 2436 uerba
1655 2369 1822 2435 enim
1851 2368 2057 2435 libelli
2087 2369 2164 2434 de
2188 2369 2531 2436 catholicae
2547 2399 2842 2450 nummio

268 2480 553 2547 ecelesiae
595 2481 847 2546 unitate
887 2500 947 2564 p.
1000 2481 1189 2561 212,ss
1234 2499 1357 2564 sq.:
1413 2481 1696 2562 loquitur
1735 2479 2056 2547 Dominus
2104 2481 2193 2546 ad
2232 2480 2528 2547 Petrum:
2571 2467 2832 2591 ‘¹2:53²‘

268 2614 399 2677 eqo
452 2593 605 2657 tibi
656 2593 859 2672 dieo,
914 2593 1147 2674 inquit,
1203 2594 1392 2675 quia
1436 2598 1516 2659 tu
1558 2612 1634 2659 es
1679 2592 1966 2660 Petrus
2010 2630 2092 2641 --
2136 2614 2534 2676 quaecum-

271 2725 410 2786 que
452 2704 796 2770 solueris
836 2724 1073 2786 super
1114 2710 1411 2771 terram
1454 2709 1686 2771 erunt
1728 2704 1994 2771 soluta
2035 2710 2104 2771 et
2143 2706 2228 2773 in
2270 2706 2534 2773 caelis.

267 2838 457 2899 super
502 2838 705 2884 unum
747 2817 1042 2901 aedificat
1079 2816 1419 2897 eeclesiam,
1474 2822 1531 2883 et
1570 2819 1868 2900 quamuis
1911 2817 2537 2900 apostolisomnibus

262 2936 401 3013 post
460 2932 971 2997 resurreetionem
1023 2949 1207 2996 suam
1245 2950 1477 3012 parem
1522 2934 1884 3012 potestatem
1932 2929 2172 2995 tribuat
2221 2934 2278 2996 et
2328 2929 2533 2995 dicat.-

268 3044 475 3109 sieut
540 3044 758 3110 misit
824 3063 931 3109 me
983 3046 1220 3125 pater
1260 3080 1349 3090 —
1390 3042 1461 3107 si
1516 3042 1744 3107 euius
1807 3042 2270 3121 tenueritiS,
2333 3046 2536 3108 tene-

268 3157 590 3241 buntur,
649 3161 863 3223 tamen
918 3160 990 3222 ut
1041 3156 1353 3222 unitatem
1408 3156 1870 3238 manifestaret,
1926 3156 2200 3221 unitatis
2253 3156 2532 3222 eiusdem

267 3269 573 3352 oniyinem
592 3268 671 3334 ab
698 3288 829 3335 uno
854 3269 1263 3350 incipientem
1292 3286 1414 3333 sua
1440 3268 1811 3335 auctoritate
1839 3266 2168 3349 disposuit.
2202 3266 2312 3333 hoe
2340 3270 2530 3333 erant

269 3382 483 3461 utique
510 3385 565 3445 et
594 3382 779 3447 ceteri
806 3381 1074 3462 apostoli
1101 3380 1264 3463 quod
1289 3381 1420 3464 fuit
1448 3378 1698 3463 Petrus,
1732 3380 1895 3463 pari
1923 3381 2224 3447 consortio
2241 3378 2532 3461 praediti

265 3497 322 3557 et
352 3492 603 3557 honoris
631 3496 688 3558 et
704 3492 1053 3573 potestatiS,
1094 3491 1201 3557 sed
1230 3491 1557 3557 exordium
1586 3492 1668 3557 ab
1695 3493 1940 3557 unitate
1969 3490 2417 3575 proficiscitur,
2458 3494 2532 3555 ut

266 3606 522 3673 eeclesia
551 3604 794 3672 Christi
832 3626 969 3672 una
1000 3610 1397 3671 monstretur.
1441 3624 1636 3687 quam
1661 3624 1864 3670 unam
1891 3603 2208 3671 ecelesiam
2235 3602 2427 3668 etiam
2453 3604 2532 3668 in

266 3718 509 3784 cantico
548 3718 937 3783 cantieorum
976 3717 1246 3800 spiritus
1273 3722 1530 3784 sanetus
1558 3736 1648 3785 ex.
1653 3736 1937 3799 persona
1963 3715 2208 3781 domini
2237 3714 2532 3799 desiqnat

268 3835 323 3895 et
362 3830 552 3896 dicit.-
596 3849 757 3895 una
801 3836 910 3895 est
952 3829 1303 3897 columba
1346 3849 1539 3909 mea,
1573 3828 1935 3911 perfecta
1979 3846 2173 3908 mea,
2216 3846 2379 3893 una
2420 3830 2533 3891 est

267 3943 510 4007 matri
566 3960 781 4022 suae,
840 3942 1089 4009 electa
1137 3941 1529 4027 yenetriei
1583 3960 1786 4007 suae.
1843 3939 2010 4005 hane
2052 3938 2337 4005 eeclesiae
2379 3936 2530 4004 uni-

268 4058 463 4121 tatem
487 4056 599 4136 qui
628 4074 757 4120 non
788 4058 947 4119 tenet
975 4058 1179 4120 tenere
1201 4073 1265 4121 se
1282 4054 1473 4137 fidem
1500 4052 1744 4119 credit?
1767 4051 1886 4133 qui
1914 4050 2200 4117 ecelesiae
2222 4049 2527 4118 renititur

268 4170 325 4232 et
366 4166 601 4231 resistit
638 4167 713 4231 in
754 4165 1010 4233 ecclesia
1044 4184 1107 4231 se
1134 4184 1258 4231 esse
1297 4164 1556 4249 confidit
1569 4164 1607 4229 ?
1653 4184 1810 4249 quae
1850 4163 1942 4229 sic
1969 4181 2007 4229 a
2036 4160 2338 4247 Cypriano
2380 4180 2548 4231 eon·.

275 4280 507 4363 scripta
555 4296 687 4345 esse
727 4278 1105 4362 optimorum
1158 4277 1846 4359 uetustissimorumque
1897 4275 2178 4342 codicum
2231 4292 2526 4341 consensu

269 4393 528 4469 constat,
573 4391 901 4477 theologus
940 4392 1093 4473 puto
1136 4388 1453 4455 Romanus
1484 4390 1774 4473 praeuius
1803 4386 1916 4454 ille
1944 4387 2256 4472 primatus
2283 4384 2526 4452 infalli-

265 4500 655 4583 bilitatisque
706 4502 773 4567 in
821 4503 986 4569 hune
1037 4502 1293 4569 modum
1347 4498 1704 4566 foedissime
1756 4498 2190 4582 interpolauit:
2247 4496 2530 4581 loquitur
