<?xml version="1.0" encoding="UTF-8"?>
<!DOCTYPE html PUBLIC "-//W3C//DTD XHTML 1.0 Transitional//EN"
    "http://www.w3.org/TR/xhtml1/DTD/xhtml1-transitional.dtd">
<html xmlns="http://www.w3.org/1999/xhtml" xml:lang="en" lang="en">
 <head>
  <title>
</title>
<meta http-equiv="Content-Type" content="text/html;charset=utf-8" />
  <meta name='ocr-system' content='tesseract 3.04.00' />
  <meta name='ocr-capabilities' content='ocr_page ocr_carea ocr_par ocr_line ocrx_word'/>
</head>
<body>
  <div class='ocr_page' id='page_1' title='image "./corpusscriptoru29wissgoog_0208.png"; bbox 0 0 3217 5150; ppageno 0'>
   <div class='ocr_carea' id='block_1_1' title="bbox 629 513 1941 583">
    <p class='ocr_par' dir='ltr' id='par_1_1' title="bbox 629 513 1941 583">
     <span class='ocr_line' id='line_1_1' title="bbox 629 513 1941 583; baseline -0.012 -1"><span class='ocrx_word' id='word_1_1' title='bbox 629 520 756 581; x_wconf 84' lang='lat'><strong>202</strong></span> <span class='ocrx_word' id='word_1_2' title='bbox 1577 513 1941 583; x_wconf 78' lang='lat' dir='ltr'><strong>Appendix.</strong></span> 
     </span>
    </p>
   </div>
   <div class='ocr_carea' id='block_1_2' title="bbox 525 672 2967 3644">
    <p class='ocr_par' dir='ltr' id='par_1_2' title="bbox 625 672 2963 1769">
     <span class='ocr_line' id='line_1_2' title="bbox 631 672 2889 747; baseline 0.001 -15"><span class='ocrx_word' id='word_1_3' title='bbox 631 673 768 733; x_wconf 89' lang='lat' dir='ltr'><strong>mis</strong></span> <span class='ocrx_word' id='word_1_4' title='bbox 781 674 802 733; x_wconf 87' lang='lat' dir='ltr'><strong>i</strong></span> <span class='ocrx_word' id='word_1_5' title='bbox 815 675 859 733; x_wconf 90' lang='lat' dir='ltr'><strong>t.</strong></span> <span class='ocrx_word' id='word_1_6' title='bbox 893 672 980 732; x_wconf 89' lang='lat' dir='ltr'><strong>sic</strong></span> <span class='ocrx_word' id='word_1_7' title='bbox 999 672 1287 745; x_wconf 81' lang='lat' dir='ltr'><strong>apostolos</strong></span> <span class='ocrx_word' id='word_1_8' title='bbox 1315 673 1625 733; x_wconf 85' lang='lat' dir='ltr'><strong>comitatus</strong></span> <span class='ocrx_word' id='word_1_9' title='bbox 1647 673 1951 733; x_wconf 89' lang='lat' dir='ltr'><strong>mulierum</strong></span> <span class='ocrx_word' id='word_1_10' title='bbox 1980 673 2299 733; x_wconf 69' lang='lat' dir='ltr'><strong>deducebat</strong></span> <span class='ocrx_word' id='word_1_11' title='bbox 2326 690 2441 733; x_wconf 89' lang='lat' dir='ltr'><strong>non</strong></span> <span class='ocrx_word' id='word_1_12' title='bbox 2468 676 2535 733; x_wconf 90' lang='lat' dir='ltr'><strong>ut</strong></span> <span class='ocrx_word' id='word_1_13' title='bbox 2563 674 2889 747; x_wconf 87' lang='lat' dir='ltr'><strong>perderent,</strong></span> 
     </span>
     <span class='ocr_line' id='line_1_3' title="bbox 629 776 2891 852; baseline 0.002 -17"><span class='ocrx_word' id='word_1_14' title='bbox 629 776 732 835; x_wconf 87' lang='lat' dir='ltr'><strong>sed</strong></span> <span class='ocrx_word' id='word_1_15' title='bbox 751 779 818 836; x_wconf 90' lang='lat' dir='ltr'><strong>ut</strong></span> <span class='ocrx_word' id='word_1_16' title='bbox 841 776 1127 837; x_wconf 77' lang='lat' dir='ltr'>discerent</span> <span class='ocrx_word' id='word_1_17' title='bbox 1141 777 1540 852; x_wconf 88' lang='lat' dir='ltr'><strong>reuerentiam,</strong></span> <span class='ocrx_word' id='word_1_18' title='bbox 1565 779 1627 838; x_wconf 89' lang='lat' dir='ltr'><strong>et</strong></span> <span class='ocrx_word' id='word_1_19' title='bbox 1646 780 1879 852; x_wconf 80' lang='lat' dir='ltr'><strong>propter</strong></span> <span class='ocrx_word' id='word_1_20' title='bbox 1900 776 2277 837; x_wconf 87' lang='lat' dir='ltr'><strong>humanitatis</strong></span> <span class='ocrx_word' id='word_1_21' title='bbox 2305 777 2687 838; x_wconf 86' lang='lat' dir='ltr'><strong>exhibendum</strong></span> <span class='ocrx_word' id='word_1_22' title='bbox 2712 778 2891 839; x_wconf 88' lang='lat' dir='ltr'><strong>mini-</strong></span> 
     </span>
     <span class='ocr_line' id='line_1_4' title="bbox 630 880 2889 957; baseline 0.001 -18"><span class='ocrx_word' id='word_1_23' title='bbox 630 880 870 940; x_wconf 87' lang='lat' dir='ltr'><strong>sterium</strong></span> <span class='ocrx_word' id='word_1_24' title='bbox 901 882 1302 954; x_wconf 70' lang='lat' dir='ltr'><strong>sequebantur,</strong></span> <span class='ocrx_word' id='word_1_25' title='bbox 1335 882 1486 941; x_wconf 85' lang='lat' dir='ltr'><strong>sicut</strong></span> <span class='ocrx_word' id='word_1_26' title='bbox 1515 882 1577 940; x_wconf 93' lang='lat' dir='ltr'><strong>in</strong></span> <span class='ocrx_word' id='word_1_27' title='bbox 1605 881 1903 955; x_wconf 83' lang='lat' dir='ltr'><strong>euangelio</strong></span> <span class='ocrx_word' id='word_1_28' title='bbox 1934 882 2005 940; x_wconf 90' lang='lat' dir='ltr'><strong>de</strong></span> <span class='ocrx_word' id='word_1_29' title='bbox 2034 880 2275 941; x_wconf 89' lang='lat' dir='ltr'><strong>Domino</strong></span> <span class='ocrx_word' id='word_1_30' title='bbox 2304 884 2365 941; x_wconf 91' lang='lat' dir='ltr'><strong>et</strong></span> <span class='ocrx_word' id='word_1_31' title='bbox 2394 882 2465 939; x_wconf 90' lang='lat' dir='ltr'><strong>de</strong></span> <span class='ocrx_word' id='word_1_32' title='bbox 2494 882 2639 955; x_wconf 87' lang='lat' dir='ltr'><strong>ipsis</strong></span> <span class='ocrx_word' id='word_1_33' title='bbox 2666 883 2889 957; x_wconf 89' lang='lat' dir='ltr'><strong>pariter</strong></span> 
     </span>
     <span class='ocr_line' id='line_1_5' title="bbox 628 983 2889 1059; baseline 0.001 -17"><span class='ocrx_word' id='word_1_34' title='bbox 628 984 1003 1043; x_wconf 86' lang='lat' dir='ltr'><strong>memoratur:</strong></span> <span class='ocrx_word' id='word_1_35' title='bbox 1057 986 1128 1043; x_wconf 88' lang='lat' dir='ltr'><strong>et</strong></span> <span class='ocrx_word' id='word_1_36' title='bbox 1177 984 1454 1044; x_wconf 88' lang='lat' dir='ltr'><strong>factum</strong></span> <span class='ocrx_word' id='word_1_37' title='bbox 1497 988 1643 1057; x_wconf 89' lang='lat' dir='ltr'><strong>est,</strong></span> <span class='ocrx_word' id='word_1_38' title='bbox 1712 983 1931 1057; x_wconf 88' lang='lat' dir='ltr'><strong>inquit,</strong></span> <span class='ocrx_word' id='word_1_39' title='bbox 1976 988 2142 1058; x_wconf 90' lang='lat' dir='ltr'><strong>post</strong></span> <span class='ocrx_word' id='word_1_40' title='bbox 2184 984 2363 1043; x_wconf 87' lang='lat' dir='ltr'><strong>haec</strong></span> <span class='ocrx_word' id='word_1_41' title='bbox 2422 987 2493 1044; x_wconf 85' lang='lat' dir='ltr'><strong>et</strong></span> <span class='ocrx_word' id='word_1_42' title='bbox 2534 984 2693 1059; x_wconf 87' lang='lat' dir='ltr'><strong>ipse</strong></span> <span class='ocrx_word' id='word_1_43' title='bbox 2738 986 2889 1045; x_wconf 90' lang='lat' dir='ltr'><strong>iter</strong></span> 
     </span>
     <span class='ocr_line' id='line_1_6' title="bbox 629 1085 2939 1162; baseline 0 -17"><span class='ocrx_word' id='word_1_44' title='bbox 629 1085 962 1147; x_wconf 84' lang='lat' dir='ltr'><strong>faciebat</strong></span> <span class='ocrx_word' id='word_1_45' title='bbox 987 1104 1112 1161; x_wconf 91' lang='lat' dir='ltr'><strong>per</strong></span> <span class='ocrx_word' id='word_1_46' title='bbox 1145 1086 1502 1147; x_wconf 85' lang='lat' dir='ltr'><strong>ciuitates</strong></span> <span class='ocrx_word' id='word_1_47' title='bbox 1529 1090 1604 1146; x_wconf 88' lang='lat' dir='ltr'><strong>et</strong></span> <span class='ocrx_word' id='word_1_48' title='bbox 1648 1088 1971 1147; x_wconf 83' lang='lat' dir='ltr'><strong>castella</strong></span> <span class='ocrx_word' id='word_1_49' title='bbox 2000 1085 2537 1161; x_wconf 83' lang='lat' dir='ltr'><strong>euangelizans</strong></span> <span class='ocrx_word' id='word_1_50' title='bbox 2581 1104 2939 1162; x_wconf 71' lang='lat' dir='ltr'><strong>regnums</strong></span> 
     </span>
     <span class='ocr_line' id='line_1_7' title="bbox 629 1189 2883 1265; baseline 0.001 -15"><span class='ocrx_word' id='word_1_51' title='bbox 629 1190 780 1263; x_wconf 89' lang='lat' dir='ltr'><strong>Dei,</strong></span> <span class='ocrx_word' id='word_1_52' title='bbox 825 1192 897 1250; x_wconf 90' lang='lat' dir='ltr'><strong>et</strong></span> <span class='ocrx_word' id='word_1_53' title='bbox 927 1191 1302 1251; x_wconf 77' lang='lat' dir='ltr'>duodecim</span> <span class='ocrx_word' id='word_1_54' title='bbox 1329 1207 1482 1251; x_wconf 89' lang='lat' dir='ltr'><strong>cum</strong></span> <span class='ocrx_word' id='word_1_55' title='bbox 1512 1189 1655 1249; x_wconf 91' lang='lat' dir='ltr'><strong>illo</strong></span> <span class='ocrx_word' id='word_1_56' title='bbox 1686 1192 1760 1249; x_wconf 88' lang='lat' dir='ltr'><strong>et</strong></span> <span class='ocrx_word' id='word_1_57' title='bbox 1802 1190 2157 1250; x_wconf 88' lang='lat' dir='ltr'><strong>mulieres</strong></span> <span class='ocrx_word' id='word_1_58' title='bbox 2200 1207 2381 1265; x_wconf 84' lang='lat' dir='ltr'><strong>quae</strong></span> <span class='ocrx_word' id='word_1_59' title='bbox 2422 1194 2635 1250; x_wconf 89' lang='lat' dir='ltr'><strong>erant</strong></span> <span class='ocrx_word' id='word_1_60' title='bbox 2678 1209 2883 1253; x_wconf 89' lang='lat' dir='ltr'><strong>cura-</strong></span> 
     </span>
     <span class='ocr_line' id='line_1_8' title="bbox 627 1292 2887 1369; baseline 0.001 -14"><span class='ocrx_word' id='word_1_61' title='bbox 627 1298 744 1355; x_wconf 87' lang='lat' dir='ltr'><strong>tae</strong></span> <span class='ocrx_word' id='word_1_62' title='bbox 787 1296 872 1356; x_wconf 89' lang='lat' dir='ltr'><strong>ab</strong></span> <span class='ocrx_word' id='word_1_63' title='bbox 925 1294 1332 1369; x_wconf 89' lang='lat' dir='ltr'><strong>spiritibus</strong></span> <span class='ocrx_word' id='word_1_64' title='bbox 1397 1294 1795 1354; x_wconf 89' lang='lat' dir='ltr'><strong>immundis</strong></span> <span class='ocrx_word' id='word_1_65' title='bbox 1840 1296 1909 1353; x_wconf 93' lang='lat' dir='ltr'><strong>et</strong></span> <span class='ocrx_word' id='word_1_66' title='bbox 1962 1292 2573 1367; x_wconf 84' lang='lat' dir='ltr'><strong>infirmitatibus,</strong></span> <span class='ocrx_word' id='word_1_67' title='bbox 2654 1294 2887 1357; x_wconf 77' lang='lat' dir='ltr'><strong>Maria</strong></span> 
     </span>
     <span class='ocr_line' id='line_1_9' title="bbox 626 1396 2885 1473; baseline 0 -15"><span class='ocrx_word' id='word_1_68' title='bbox 626 1416 810 1472; x_wconf 86' lang='lat' dir='ltr'><strong>quae</strong></span> <span class='ocrx_word' id='word_1_69' title='bbox 883 1400 1187 1458; x_wconf 86' lang='lat' dir='ltr'><strong>uocatur</strong></span> <span class='ocrx_word' id='word_1_70' title='bbox 1258 1397 1737 1471; x_wconf 68' lang='lat' dir='ltr'><strong>Magdalene:</strong></span> <span class='ocrx_word' id='word_1_71' title='bbox 1782 1397 1863 1456; x_wconf 89' lang='lat' dir='ltr'><strong>de</strong></span> <span class='ocrx_word' id='word_1_72' title='bbox 1934 1414 2073 1471; x_wconf 89' lang='lat' dir='ltr'><strong>qua</strong></span> <span class='ocrx_word' id='word_1_73' title='bbox 2144 1396 2529 1457; x_wconf 85' lang='lat' dir='ltr'><strong>daemonia</strong></span> <span class='ocrx_word' id='word_1_74' title='bbox 2600 1401 2885 1473; x_wconf 89' lang='lat' dir='ltr'><strong>septem</strong></span> 
     </span>
     <span class='ocr_line' id='line_1_10' title="bbox 625 1498 2885 1574; baseline -0 -13"><span class='ocrx_word' id='word_1_75' title='bbox 625 1502 984 1574; x_wconf 84' lang='lat' dir='ltr'><strong>exierant,</strong></span> <span class='ocrx_word' id='word_1_76' title='bbox 1029 1504 1104 1561; x_wconf 88' lang='lat' dir='ltr'><strong>et</strong></span> <span class='ocrx_word' id='word_1_77' title='bbox 1145 1500 1473 1561; x_wconf 86' lang='lat' dir='ltr'><strong>Iohanna</strong></span> <span class='ocrx_word' id='word_1_78' title='bbox 1509 1517 1685 1561; x_wconf 84' lang='lat' dir='ltr'><strong>uxor</strong></span> <span class='ocrx_word' id='word_1_79' title='bbox 1715 1500 1841 1560; x_wconf 74' lang='lat' dir='ltr'><strong>Osi</strong></span> <span class='ocrx_word' id='word_1_80' title='bbox 1880 1498 2395 1573; x_wconf 75' lang='lat' dir='ltr'><strong>procuratoris</strong></span> <span class='ocrx_word' id='word_1_81' title='bbox 2442 1500 2765 1562; x_wconf 85' lang='lat' dir='ltr'><strong>Herodis</strong></span> <span class='ocrx_word' id='word_1_82' title='bbox 2808 1505 2885 1561; x_wconf 89' lang='lat' dir='ltr'><strong>et</strong></span> 
     </span>
     <span class='ocr_line' id='line_1_11' title="bbox 627 1602 2963 1679; baseline -0.003 -15"><span class='ocrx_word' id='word_1_83' title='bbox 627 1606 957 1665; x_wconf 87' lang='lat' dir='ltr'><strong>Susanna</strong></span> <span class='ocrx_word' id='word_1_84' title='bbox 1000 1608 1072 1664; x_wconf 86' lang='lat' dir='ltr'><strong>et</strong></span> <span class='ocrx_word' id='word_1_85' title='bbox 1113 1604 1307 1664; x_wconf 83' lang='lat' dir='ltr'><strong>aliae</strong></span> <span class='ocrx_word' id='word_1_86' title='bbox 1349 1605 1631 1664; x_wconf 89' lang='lat' dir='ltr'><strong>multae</strong></span> <span class='ocrx_word' id='word_1_87' title='bbox 1676 1621 1857 1679; x_wconf 88' lang='lat' dir='ltr'><strong>quae</strong></span> <span class='ocrx_word' id='word_1_88' title='bbox 1920 1606 1993 1663; x_wconf 88' lang='lat' dir='ltr'><strong>et</strong></span> <span class='ocrx_word' id='word_1_89' title='bbox 2054 1602 2602 1663; x_wconf 73' lang='lat' dir='ltr'><strong>ministrabant</strong></span> <span class='ocrx_word' id='word_1_90' title='bbox 2644 1604 2963 1665; x_wconf 74' lang='lat' dir='ltr'><strong>illidere</strong></span> 
     </span>
     <span class='ocr_line' id='line_1_12' title="bbox 627 1708 1357 1769; baseline -0.001 0"><span class='ocrx_word' id='word_1_91' title='bbox 627 1708 1138 1769; x_wconf 87' lang='lat' dir='ltr'><strong>facultatibus</strong></span> <span class='ocrx_word' id='word_1_92' title='bbox 1181 1708 1357 1769; x_wconf 86' lang='lat' dir='ltr'><strong>suis.</strong></span> 
     </span>
    </p>

    <p class='ocr_par' dir='ltr' id='par_1_3' title="bbox 525 1808 2967 3644">
     <span class='ocr_line' id='line_1_13' title="bbox 525 1808 2885 1884; baseline 0.001 -16"><span class='ocrx_word' id='word_1_93' title='bbox 525 1815 606 1875; x_wconf 76' lang='grc'><strong>26</strong></span> <span class='ocrx_word' id='word_1_94' title='bbox 711 1809 1004 1883; x_wconf 81' lang='lat' dir='ltr'><strong>Numquid</strong></span> <span class='ocrx_word' id='word_1_95' title='bbox 1052 1810 1440 1871; x_wconf 84' lang='lat' dir='ltr'><strong>adhaerebant</strong></span> <span class='ocrx_word' id='word_1_96' title='bbox 1481 1809 1875 1884; x_wconf 74' lang='lat' dir='ltr'><strong>singularibus</strong></span> <span class='ocrx_word' id='word_1_97' title='bbox 1920 1808 2240 1883; x_wconf 75' lang='lat' dir='ltr'><strong>singulares</strong></span> <span class='ocrx_word' id='word_1_98' title='bbox 2272 1812 2373 1869; x_wconf 86' lang='lat' dir='ltr'><strong>aut</strong></span> <span class='ocrx_word' id='word_1_99' title='bbox 2422 1808 2885 1884; x_wconf 58' lang='lat' dir='ltr'><strong>indisciplinans</strong></span> 
     </span>
     <span class='ocr_line' id='line_1_14' title="bbox 625 1912 2887 1987; baseline -0.001 -12"><span class='ocrx_word' id='word_1_100' title='bbox 625 1912 1086 1975; x_wconf 75' lang='lat' dir='ltr'><strong>commorationis</strong></span> <span class='ocrx_word' id='word_1_101' title='bbox 1133 1913 1577 1987; x_wconf 87' lang='lat' dir='ltr'><strong>perseuerabant</strong></span> <span class='ocrx_word' id='word_1_102' title='bbox 1605 1912 1957 1974; x_wconf 89' lang='lat' dir='ltr'><strong>inlecebroso</strong></span> <span class='ocrx_word' id='word_1_103' title='bbox 1986 1914 2271 1973; x_wconf 86' lang='lat' dir='ltr'><strong>consortio</strong></span> <span class='ocrx_word' id='word_1_104' title='bbox 2298 1916 2701 1974; x_wconf 85' lang='lat' dir='ltr'><strong>conuersantee</strong></span> <span class='ocrx_word' id='word_1_105' title='bbox 2718 1960 2733 1987; x_wconf 99' lang='lat'><strong>,</strong></span> <span class='ocrx_word' id='word_1_106' title='bbox 2785 1914 2887 1975; x_wconf 89' lang='lat' dir='ltr'><strong>ubi</strong></span> 
     </span>
     <span class='ocr_line' id='line_1_15' title="bbox 626 2013 2883 2097; baseline 0.001 -22"><span class='ocrx_word' id='word_1_107' title='bbox 626 2018 752 2075; x_wconf 83' lang='lat' dir='ltr'><strong>tota</strong></span> <span class='ocrx_word' id='word_1_108' title='bbox 793 2013 1032 2075; x_wconf 89' lang='lat' dir='ltr'><strong>ecclesia</strong></span> <span class='ocrx_word' id='word_1_109' title='bbox 1072 2018 1474 2091; x_wconf 82' lang='lat' dir='ltr'><strong>propemodum</strong></span> <span class='ocrx_word' id='word_1_110' title='bbox 1519 2016 1752 2076; x_wconf 84' lang='lat' dir='ltr'><strong>uidebat</strong></span> <span class='ocrx_word' id='word_1_111' title='bbox 1766 2060 1811 2097; x_wconf 15' lang='grc' dir='ltr'><strong>,ἱ</strong></span> <span class='ocrx_word' id='word_1_112' title='bbox 1840 2018 1907 2075; x_wconf 89' lang='lat' dir='ltr'><strong>ut</strong></span> <span class='ocrx_word' id='word_1_113' title='bbox 1950 2033 2065 2075; x_wconf 92' lang='lat' dir='ltr'><strong>non</strong></span> <span class='ocrx_word' id='word_1_114' title='bbox 2106 2016 2181 2075; x_wconf 89' lang='lat' dir='ltr'><strong>ad</strong></span> <span class='ocrx_word' id='word_1_115' title='bbox 2208 2017 2631 2077; x_wconf 88' lang='lat' dir='ltr'><strong>conuiuationes</strong></span> <span class='ocrx_word' id='word_1_116' title='bbox 2686 2017 2883 2092; x_wconf 89' lang='lat' dir='ltr'><strong>inpro-</strong></span> 
     </span>
     <span class='ocr_line' id='line_1_16' title="bbox 626 2117 2957 2193; baseline 0.001 -18"><span class='ocrx_word' id='word_1_117' title='bbox 626 2117 798 2176; x_wconf 85' lang='lat' dir='ltr'><strong>bosas</strong></span> <span class='ocrx_word' id='word_1_118' title='bbox 827 2118 928 2177; x_wconf 90' lang='lat' dir='ltr'><strong>sed</strong></span> <span class='ocrx_word' id='word_1_119' title='bbox 953 2119 1026 2177; x_wconf 90' lang='lat' dir='ltr'><strong>ad</strong></span> <span class='ocrx_word' id='word_1_120' title='bbox 1053 2118 1326 2179; x_wconf 84' lang='lat' dir='ltr'><strong>discenda</strong></span> <span class='ocrx_word' id='word_1_121' title='bbox 1353 2120 1536 2179; x_wconf 87' lang='lat' dir='ltr'><strong>bonae</strong></span> <span class='ocrx_word' id='word_1_122' title='bbox 1566 2119 2011 2179; x_wconf 87' lang='lat' dir='ltr'><strong>conuersationis</strong></span> <span class='ocrx_word' id='word_1_123' title='bbox 2044 2118 2239 2179; x_wconf 88' lang='lat' dir='ltr'><strong>studia</strong></span> <span class='ocrx_word' id='word_1_124' title='bbox 2266 2120 2677 2193; x_wconf 76' lang='lat' dir='ltr'><strong>sequerentur?</strong></span> <span class='ocrx_word' id='word_1_125' title='bbox 2740 2122 2881 2181; x_wconf 80' lang='lat' dir='ltr'><strong>adeo</strong></span> <span class='ocrx_word' id='word_1_126' title='bbox 2903 2138 2957 2179; x_wconf 74' lang='lat' dir='ltr'><strong>is</strong></span> 
     </span>
     <span class='ocr_line' id='line_1_17' title="bbox 625 2220 2883 2300; baseline 0.002 -21"><span class='ocrx_word' id='word_1_127' title='bbox 625 2237 741 2281; x_wconf 90' lang='lat' dir='ltr'><strong>non</strong></span> <span class='ocrx_word' id='word_1_128' title='bbox 791 2220 922 2281; x_wconf 87' lang='lat' dir='ltr'><strong>inde</strong></span> <span class='ocrx_word' id='word_1_129' title='bbox 973 2222 1318 2281; x_wconf 81' lang='lat' dir='ltr'><strong>describitur</strong></span> <span class='ocrx_word' id='word_1_130' title='bbox 1346 2223 1496 2295; x_wconf 89' lang='lat' dir='ltr'><strong>quod</strong></span> <span class='ocrx_word' id='word_1_131' title='bbox 1545 2222 1761 2282; x_wconf 89' lang='lat' dir='ltr'><strong>nostris</strong></span> <span class='ocrx_word' id='word_1_132' title='bbox 1802 2221 2307 2300; x_wconf 55' lang='lat' dir='ltr'><strong>,conuiuationibus</strong></span> <span class='ocrx_word' id='word_1_133' title='bbox 2336 2225 2677 2298; x_wconf 88' lang='lat' dir='ltr'><strong>coaequetur</strong></span> <span class='ocrx_word' id='word_1_134' title='bbox 2694 2270 2709 2296; x_wconf 94' lang='lat'><strong>,</strong></span> <span class='ocrx_word' id='word_1_135' title='bbox 2770 2242 2883 2285; x_wconf 86' lang='lat' dir='ltr'><strong>non</strong></span> 
     </span>
     <span class='ocr_line' id='line_1_18' title="bbox 625 2324 2881 2401; baseline 0.002 -18"><span class='ocrx_word' id='word_1_136' title='bbox 625 2324 798 2397; x_wconf 85' lang='lat' dir='ltr'><strong>risus,</strong></span> <span class='ocrx_word' id='word_1_137' title='bbox 829 2341 944 2384; x_wconf 91' lang='lat' dir='ltr'><strong>non</strong></span> <span class='ocrx_word' id='word_1_138' title='bbox 973 2325 1130 2385; x_wconf 87' lang='lat' dir='ltr'><strong>iocus</strong></span> <span class='ocrx_word' id='word_1_139' title='bbox 1161 2326 1371 2385; x_wconf 89' lang='lat' dir='ltr'><strong>dicitur</strong></span> <span class='ocrx_word' id='word_1_140' title='bbox 1399 2324 1673 2385; x_wconf 79' lang='lat' dir='ltr'><strong>adfuisse.</strong></span> <span class='ocrx_word' id='word_1_141' title='bbox 1706 2342 1811 2385; x_wconf 90' lang='lat' dir='ltr'><strong>nec</strong></span> <span class='ocrx_word' id='word_1_142' title='bbox 1840 2324 1991 2385; x_wconf 88' lang='lat' dir='ltr'><strong>sicut</strong></span> <span class='ocrx_word' id='word_1_143' title='bbox 2018 2326 2173 2399; x_wconf 83' lang='lat' dir='ltr'><strong>apud</strong></span> <span class='ocrx_word' id='word_1_144' title='bbox 2216 2326 2493 2399; x_wconf 87' lang='lat' dir='ltr'><strong>quosdam</strong></span> <span class='ocrx_word' id='word_1_145' title='bbox 2520 2343 2673 2387; x_wconf 87' lang='lat' dir='ltr'><strong>nunc</strong></span> <span class='ocrx_word' id='word_1_146' title='bbox 2700 2344 2881 2401; x_wconf 90' lang='lat' dir='ltr'><strong>usque</strong></span> 
     </span>
     <span class='ocr_line' id='line_1_19' title="bbox 622 2428 2881 2505; baseline 0.001 -17"><span class='ocrx_word' id='word_1_147' title='bbox 622 2430 848 2489; x_wconf 85' lang='lat' dir='ltr'><strong>adsolet</strong></span> <span class='ocrx_word' id='word_1_148' title='bbox 897 2428 1024 2490; x_wconf 88' lang='lat' dir='ltr'><strong>fieri</strong></span> <span class='ocrx_word' id='word_1_149' title='bbox 1072 2432 1278 2491; x_wconf 85' lang='lat' dir='ltr'><strong>chorus</strong></span> <span class='ocrx_word' id='word_1_150' title='bbox 1329 2430 1705 2504; x_wconf 89' lang='lat' dir='ltr'><strong>psallentium</strong></span> <span class='ocrx_word' id='word_1_151' title='bbox 1735 2430 2025 2505; x_wconf 77' lang='lat' dir='ltr'><strong>uirginum</strong></span> <span class='ocrx_word' id='word_1_152' title='bbox 2074 2446 2243 2491; x_wconf 88' lang='lat' dir='ltr'><strong>aures</strong></span> <span class='ocrx_word' id='word_1_153' title='bbox 2270 2431 2575 2491; x_wconf 87' lang='lat' dir='ltr'><strong>uenenosis</strong></span> <span class='ocrx_word' id='word_1_154' title='bbox 2616 2432 2881 2491; x_wconf 87' lang='lat' dir='ltr'><strong>cantibus</strong></span> 
     </span>
     <span class='ocr_line' id='line_1_20' title="bbox 622 2532 2883 2609; baseline 0.001 -16"><span class='ocrx_word' id='word_1_155' title='bbox 622 2532 906 2594; x_wconf 83' lang='lat' dir='ltr'><strong>adseritur</strong></span> <span class='ocrx_word' id='word_1_156' title='bbox 931 2533 1286 2595; x_wconf 90' lang='lat' dir='ltr'><strong>demulsisse.</strong></span> <span class='ocrx_word' id='word_1_157' title='bbox 1347 2536 1407 2594; x_wconf 89' lang='lat' dir='ltr'><strong>et</strong></span> <span class='ocrx_word' id='word_1_158' title='bbox 1453 2536 1518 2595; x_wconf 92' lang='lat' dir='ltr'><strong>ut</strong></span> <span class='ocrx_word' id='word_1_159' title='bbox 1561 2536 1633 2595; x_wconf 87' lang='lat' dir='ltr'><strong>de</strong></span> <span class='ocrx_word' id='word_1_160' title='bbox 1662 2534 1939 2609; x_wconf 88' lang='lat' dir='ltr'><strong>apostolis</strong></span> <span class='ocrx_word' id='word_1_161' title='bbox 1983 2534 2235 2594; x_wconf 89' lang='lat' dir='ltr'><strong>breuiter</strong></span> <span class='ocrx_word' id='word_1_162' title='bbox 2284 2534 2515 2608; x_wconf 90' lang='lat' dir='ltr'><strong>probem</strong></span> <span class='ocrx_word' id='word_1_163' title='bbox 2533 2580 2547 2608; x_wconf 92' lang='lat'>‚</span> <span class='ocrx_word' id='word_1_164' title='bbox 2606 2537 2883 2609; x_wconf 87' lang='lat' dir='ltr'><strong>quantum</strong></span> 
     </span>
     <span class='ocr_line' id='line_1_21' title="bbox 629 2637 2967 2714; baseline 0 -16"><span class='ocrx_word' id='word_1_165' title='bbox 629 2637 750 2698; x_wconf 90' lang='lat' dir='ltr'><strong>illis</strong></span> <span class='ocrx_word' id='word_1_166' title='bbox 779 2638 934 2698; x_wconf 84' lang='lat' dir='ltr'><strong>fluxa</strong></span> <span class='ocrx_word' id='word_1_167' title='bbox 961 2638 1328 2698; x_wconf 83' lang='lat' dir='ltr'><strong>familiaritas</strong></span> <span class='ocrx_word' id='word_1_168' title='bbox 1356 2638 1548 2713; x_wconf 88' lang='lat' dir='ltr'><strong>potuit</strong></span> <span class='ocrx_word' id='word_1_169' title='bbox 1574 2637 1900 2712; x_wconf 86' lang='lat' dir='ltr'><strong>displicere,</strong></span> <span class='ocrx_word' id='word_1_170' title='bbox 1932 2637 2029 2712; x_wconf 90' lang='lat' dir='ltr'><strong>qui</strong></span> <span class='ocrx_word' id='word_1_171' title='bbox 2078 2637 2336 2712; x_wconf 85' lang='lat' dir='ltr'><strong>conpulsi</strong></span> <span class='ocrx_word' id='word_1_172' title='bbox 2367 2641 2503 2697; x_wconf 91' lang='lat' dir='ltr'><strong>sunt</strong></span> <span class='ocrx_word' id='word_1_173' title='bbox 2550 2641 2609 2698; x_wconf 89' lang='lat' dir='ltr'><strong>et</strong></span> <span class='ocrx_word' id='word_1_174' title='bbox 2661 2639 2733 2698; x_wconf 92' lang='lat' dir='ltr'><strong>de</strong></span> <span class='ocrx_word' id='word_1_175' title='bbox 2762 2639 2887 2714; x_wconf 88' lang='lat' dir='ltr'><strong>ipso</strong></span> <span class='ocrx_word' id='word_1_176' title='bbox 2910 2658 2967 2699; x_wconf 77' lang='grc' dir='ltr'><strong>2ο</strong></span> 
     </span>
     <span class='ocr_line' id='line_1_22' title="bbox 629 2739 2890 2814; baseline 0.002 -16"><span class='ocrx_word' id='word_1_177' title='bbox 629 2739 872 2800; x_wconf 90' lang='lat' dir='ltr'><strong>Domino</strong></span> <span class='ocrx_word' id='word_1_178' title='bbox 923 2739 1194 2814; x_wconf 80' lang='lat' dir='ltr'><strong>loquente</strong></span> <span class='ocrx_word' id='word_1_179' title='bbox 1250 2758 1378 2800; x_wconf 90' lang='lat' dir='ltr'><strong>cum</strong></span> <span class='ocrx_word' id='word_1_180' title='bbox 1428 2740 1645 2800; x_wconf 83' lang='lat' dir='ltr'><strong>femina</strong></span> <span class='ocrx_word' id='word_1_181' title='bbox 1672 2741 1936 2801; x_wconf 86' lang='lat' dir='ltr'><strong>dubitare</strong></span> <span class='ocrx_word' id='word_1_182' title='bbox 1950 2787 1965 2814; x_wconf 92' lang='lat'><strong>,</strong></span> <span class='ocrx_word' id='word_1_183' title='bbox 2018 2741 2133 2800; x_wconf 85' lang='lat' dir='ltr'><strong>nisi</strong></span> <span class='ocrx_word' id='word_1_184' title='bbox 2184 2757 2281 2800; x_wconf 90' lang='lat' dir='ltr'><strong>eos</strong></span> <span class='ocrx_word' id='word_1_185' title='bbox 2330 2740 2653 2802; x_wconf 84' lang='lat' dir='ltr'><strong>maiestatis</strong></span> <span class='ocrx_word' id='word_1_186' title='bbox 2682 2741 2890 2802; x_wconf 84' lang='lat' dir='ltr'><strong>notitia</strong></span> 
     </span>
     <span class='ocr_line' id='line_1_23' title="bbox 627 2844 2887 2918; baseline 0.001 -16"><span class='ocrx_word' id='word_1_187' title='bbox 627 2844 868 2916; x_wconf 87' lang='lat' dir='ltr'><strong>probata</strong></span> <span class='ocrx_word' id='word_1_188' title='bbox 898 2849 1300 2918; x_wconf 80' lang='lat' dir='ltr'><strong>conpesceret?</strong></span> <span class='ocrx_word' id='word_1_189' title='bbox 1363 2845 1512 2905; x_wconf 86' lang='lat' dir='ltr'><strong>sicut</strong></span> <span class='ocrx_word' id='word_1_190' title='bbox 1553 2845 1915 2918; x_wconf 78' lang='lat' dir='ltr'><strong>euangelista</strong></span> <span class='ocrx_word' id='word_1_191' title='bbox 1956 2845 2135 2904; x_wconf 88' lang='lat' dir='ltr'><strong>refert</strong></span> <span class='ocrx_word' id='word_1_192' title='bbox 2162 2845 2389 2905; x_wconf 87' lang='lat' dir='ltr'><strong>dicens:</strong></span> <span class='ocrx_word' id='word_1_193' title='bbox 2450 2845 2651 2904; x_wconf 89' lang='lat' dir='ltr'><strong>iuter</strong></span> <span class='ocrx_word' id='word_1_194' title='bbox 2680 2844 2887 2918; x_wconf 88' lang='lat' dir='ltr'><strong>haec,</strong></span> 
     </span>
     <span class='ocr_line' id='line_1_24' title="bbox 627 2945 2887 3021; baseline 0.001 -18"><span class='ocrx_word' id='word_1_195' title='bbox 627 2945 846 3018; x_wconf 90' lang='lat' dir='ltr'><strong>inquit,</strong></span> <span class='ocrx_word' id='word_1_196' title='bbox 892 2951 1250 3006; x_wconf 87' lang='lat' dir='ltr'><strong>uenerunt</strong></span> <span class='ocrx_word' id='word_1_197' title='bbox 1279 2947 1637 3021; x_wconf 88' lang='lat' dir='ltr'><strong>discipuli</strong></span> <span class='ocrx_word' id='word_1_198' title='bbox 1688 2947 1845 3006; x_wconf 87' lang='lat' dir='ltr'><strong>eius</strong></span> <span class='ocrx_word' id='word_1_199' title='bbox 1894 2950 1969 3006; x_wconf 89' lang='lat' dir='ltr'><strong>et</strong></span> <span class='ocrx_word' id='word_1_200' title='bbox 2015 2947 2477 3008; x_wconf 85' lang='lat' dir='ltr'><strong>mirabantur</strong></span> <span class='ocrx_word' id='word_1_201' title='bbox 2520 2947 2707 3021; x_wconf 91' lang='lat' dir='ltr'><strong>quod</strong></span> <span class='ocrx_word' id='word_1_202' title='bbox 2738 2964 2887 3007; x_wconf 88' lang='lat' dir='ltr'><strong>cum</strong></span> 
     </span>
     <span class='ocr_line' id='line_1_25' title="bbox 623 3047 2887 3124; baseline 0.001 -18"><span class='ocrx_word' id='word_1_203' title='bbox 623 3047 932 3108; x_wconf 88' lang='lat' dir='ltr'><strong>muliere</strong></span> <span class='ocrx_word' id='word_1_204' title='bbox 961 3048 1415 3124; x_wconf 84' lang='lat' dir='ltr'><strong>loqueretur.</strong></span> <span class='ocrx_word' id='word_1_205' title='bbox 1461 3067 1659 3110; x_wconf 87' lang='lat' dir='ltr'><strong>nemo</strong></span> <span class='ocrx_word' id='word_1_206' title='bbox 1686 3053 1923 3111; x_wconf 88' lang='lat' dir='ltr'><strong>tamen</strong></span> <span class='ocrx_word' id='word_1_207' title='bbox 1952 3049 2146 3110; x_wconf 87' lang='lat' dir='ltr'><strong>dixit</strong></span> <span class='ocrx_word' id='word_1_208' title='bbox 2188 3049 2346 3109; x_wconf 84' lang='lat' dir='ltr'><strong>illi:</strong></span> <span class='ocrx_word' id='word_1_209' title='bbox 2378 3049 2552 3124; x_wconf 90' lang='lat' dir='ltr'><strong>quid</strong></span> <span class='ocrx_word' id='word_1_210' title='bbox 2581 3051 2887 3124; x_wconf 89' lang='lat' dir='ltr'><strong>quaeris</strong></span> 
     </span>
     <span class='ocr_line' id='line_1_26' title="bbox 623 3151 2963 3229; baseline 0.001 -19"><span class='ocrx_word' id='word_1_211' title='bbox 623 3156 749 3211; x_wconf 87' lang='lat' dir='ltr'><strong>aut</strong></span> <span class='ocrx_word' id='word_1_212' title='bbox 804 3151 1147 3226; x_wconf 88' lang='lat' dir='ltr'><strong>loqueris</strong></span> <span class='ocrx_word' id='word_1_213' title='bbox 1204 3169 1358 3213; x_wconf 89' lang='lat' dir='ltr'><strong>cum</strong></span> <span class='ocrx_word' id='word_1_214' title='bbox 1415 3157 1536 3213; x_wconf 78' lang='lat' dir='ltr'><strong>ea?</strong></span> <span class='ocrx_word' id='word_1_215' title='bbox 1598 3153 1737 3229; x_wconf 90' lang='lat' dir='ltr'><strong>quid</strong></span> <span class='ocrx_word' id='word_1_216' title='bbox 1764 3157 1955 3214; x_wconf 90' lang='lat' dir='ltr'><strong>autem</strong></span> <span class='ocrx_word' id='word_1_217' title='bbox 1984 3152 2187 3227; x_wconf 88' lang='lat' dir='ltr'><strong>loquar</strong></span> <span class='ocrx_word' id='word_1_218' title='bbox 2216 3154 2515 3214; x_wconf 85' lang='lat' dir='ltr'><strong>adcessum</strong></span> <span class='ocrx_word' id='word_1_219' title='bbox 2540 3152 2963 3212; x_wconf 70' lang='lat' dir='ltr'><strong>feminaeadzs</strong></span> 
     </span>
     <span class='ocr_line' id='line_1_27' title="bbox 623 3255 2885 3330; baseline 0 -16"><span class='ocrx_word' id='word_1_220' title='bbox 623 3257 798 3329; x_wconf 89' lang='lat' dir='ltr'><strong>pedes</strong></span> <span class='ocrx_word' id='word_1_221' title='bbox 826 3255 1052 3316; x_wconf 88' lang='lat' dir='ltr'><strong>Domini</strong></span> <span class='ocrx_word' id='word_1_222' title='bbox 1081 3257 1416 3330; x_wconf 87' lang='lat' dir='ltr'><strong>prouolutae</strong></span> <span class='ocrx_word' id='word_1_223' title='bbox 1435 3303 1450 3328; x_wconf 93' lang='lat'><strong>,</strong></span> <span class='ocrx_word' id='word_1_224' title='bbox 1503 3257 1669 3318; x_wconf 87' lang='lat' dir='ltr'><strong>cuius</strong></span> <span class='ocrx_word' id='word_1_225' title='bbox 1714 3256 1905 3316; x_wconf 88' lang='lat' dir='ltr'><strong>luctus</strong></span> <span class='ocrx_word' id='word_1_226' title='bbox 1954 3258 2015 3315; x_wconf 90' lang='lat' dir='ltr'><strong>et</strong></span> <span class='ocrx_word' id='word_1_227' title='bbox 2064 3255 2330 3330; x_wconf 87' lang='lat' dir='ltr'><strong>planctus</strong></span> <span class='ocrx_word' id='word_1_228' title='bbox 2379 3256 2454 3315; x_wconf 82' lang='lat' dir='ltr'><strong>ad</strong></span> <span class='ocrx_word' id='word_1_229' title='bbox 2496 3255 2885 3316; x_wconf 77' lang='lat' dir='ltr'><strong>defensionem</strong></span> 
     </span>
     <span class='ocr_line' id='line_1_28' title="bbox 623 3357 2881 3434; baseline 0 -16"><span class='ocrx_word' id='word_1_230' title='bbox 623 3357 894 3418; x_wconf 83' lang='lat' dir='ltr'><strong>lasciuiae</strong></span> <span class='ocrx_word' id='word_1_231' title='bbox 923 3375 1060 3418; x_wconf 85' lang='lat' dir='ltr'><strong>suae</strong></span> <span class='ocrx_word' id='word_1_232' title='bbox 1089 3375 1204 3418; x_wconf 89' lang='lat' dir='ltr'><strong>non</strong></span> <span class='ocrx_word' id='word_1_233' title='bbox 1233 3360 1580 3420; x_wconf 89' lang='lat' dir='ltr'><strong>erubescunt</strong></span> <span class='ocrx_word' id='word_1_234' title='bbox 1609 3359 1836 3433; x_wconf 89' lang='lat' dir='ltr'><strong>inprobi</strong></span> <span class='ocrx_word' id='word_1_235' title='bbox 1866 3359 2169 3434; x_wconf 76' lang='lat' dir='ltr'><strong>flagitare?</strong></span> <span class='ocrx_word' id='word_1_236' title='bbox 2200 3376 2383 3433; x_wconf 88' lang='lat' dir='ltr'><strong>usque</strong></span> <span class='ocrx_word' id='word_1_237' title='bbox 2412 3359 2551 3418; x_wconf 86' lang='lat' dir='ltr'><strong>adeo</strong></span> <span class='ocrx_word' id='word_1_238' title='bbox 2580 3357 2719 3419; x_wconf 85' lang='lat' dir='ltr'><strong>illos</strong></span> <span class='ocrx_word' id='word_1_239' title='bbox 2748 3375 2881 3432; x_wconf 84' lang='lat' dir='ltr'><strong>pro-</strong></span> 
     </span>
     <span class='ocr_line' id='line_1_29' title="bbox 624 3460 2883 3536; baseline -0 -16"><span class='ocrx_word' id='word_1_240' title='bbox 624 3461 752 3534; x_wconf 89' lang='lat' dir='ltr'><strong>pria</strong></span> <span class='ocrx_word' id='word_1_241' title='bbox 779 3461 1026 3522; x_wconf 83' lang='lat' dir='ltr'><strong>caecitas</strong></span> <span class='ocrx_word' id='word_1_242' title='bbox 1055 3461 1240 3536; x_wconf 91' lang='lat' dir='ltr'><strong>rapit,</strong></span> <span class='ocrx_word' id='word_1_243' title='bbox 1295 3466 1362 3522; x_wconf 89' lang='lat' dir='ltr'><strong>ut</strong></span> <span class='ocrx_word' id='word_1_244' title='bbox 1389 3480 1496 3524; x_wconf 90' lang='lat' dir='ltr'><strong>nec</strong></span> <span class='ocrx_word' id='word_1_245' title='bbox 1522 3463 1592 3524; x_wconf 91' lang='lat' dir='ltr'><strong>de</strong></span> <span class='ocrx_word' id='word_1_246' title='bbox 1624 3463 1909 3523; x_wconf 85' lang='lat' dir='ltr'><strong>similibus</strong></span> <span class='ocrx_word' id='word_1_247' title='bbox 1954 3463 2143 3523; x_wconf 85' lang='lat' dir='ltr'><strong>causis</strong></span> <span class='ocrx_word' id='word_1_248' title='bbox 2174 3463 2423 3523; x_wconf 87' lang='lat' dir='ltr'><strong>audeant</strong></span> <span class='ocrx_word' id='word_1_249' title='bbox 2449 3462 2723 3522; x_wconf 84' lang='lat' dir='ltr'><strong>reluctari</strong></span> <span class='ocrx_word' id='word_1_250' title='bbox 2738 3507 2753 3534; x_wconf 99' lang='lat'><strong>,</strong></span> <span class='ocrx_word' id='word_1_251' title='bbox 2813 3460 2883 3520; x_wconf 90' lang='lat' dir='ltr'><strong>de</strong></span> 
     </span>
     <span class='ocr_line' id='line_1_30' title="bbox 624 3564 2882 3644; baseline -0.001 -20"><span class='ocrx_word' id='word_1_252' title='bbox 624 3564 836 3637; x_wconf 87' lang='lat' dir='ltr'><strong>quibus</strong></span> <span class='ocrx_word' id='word_1_253' title='bbox 867 3565 1147 3644; x_wconf 86' lang='lat' dir='ltr'><strong>Salomon,</strong></span> <span class='ocrx_word' id='word_1_254' title='bbox 1207 3566 1669 3638; x_wconf 84' lang='lat' dir='ltr'><strong>excaecauit,</strong></span> <span class='ocrx_word' id='word_1_255' title='bbox 1729 3567 1937 3640; x_wconf 86' lang='lat' dir='ltr'><strong>inquit,</strong></span> <span class='ocrx_word' id='word_1_256' title='bbox 1999 3583 2120 3626; x_wconf 89' lang='lat' dir='ltr'><strong>eos</strong></span> <span class='ocrx_word' id='word_1_257' title='bbox 2164 3565 2455 3625; x_wconf 84' lang='lat' dir='ltr'><strong>malitia</strong></span> <span class='ocrx_word' id='word_1_258' title='bbox 2514 3581 2757 3624; x_wconf 88' lang='lat' dir='ltr'><strong>eorum</strong></span> <span class='ocrx_word' id='word_1_259' title='bbox 2814 3567 2882 3623; x_wconf 89' lang='lat' dir='ltr'><strong>et</strong></span> 
     </span>
    </p>
   </div>
   <div class='ocr_carea' id='block_1_3' title="bbox 759 3747 2601 3817">
    <p class='ocr_par' dir='ltr' id='par_1_4' title="bbox 759 3747 2601 3817">
     <span class='ocr_line' id='line_1_31' title="bbox 759 3747 2601 3817; baseline -0.002 -13"><span class='ocrx_word' id='word_1_260' title='bbox 759 3749 799 3804; x_wconf 87' lang='lat'>4</span> <span class='ocrx_word' id='word_1_261' title='bbox 831 3747 957 3804; x_wconf 74' lang='lat' dir='ltr'><strong>Luc.</strong></span> <span class='ocrx_word' id='word_1_262' title='bbox 995 3749 1045 3812; x_wconf 83' lang='lat' dir='ltr'><strong>s,</strong></span> <span class='ocrx_word' id='word_1_263' title='bbox 1085 3748 1238 3804; x_wconf 89' lang='lat'><strong>1-3.</strong></span> <span class='ocrx_word' id='word_1_264' title='bbox 1445 3749 1514 3803; x_wconf 82' lang='lat'><strong>22</strong></span> <span class='ocrx_word' id='word_1_265' title='bbox 1548 3750 1627 3804; x_wconf 90' lang='lat'><strong>10.</strong></span> <span class='ocrx_word' id='word_1_266' title='bbox 1662 3750 1713 3816; x_wconf 87' lang='lat'><strong>4,</strong></span> <span class='ocrx_word' id='word_1_267' title='bbox 1750 3749 1835 3804; x_wconf 81' lang='lat'><strong>27.</strong></span> <span class='ocrx_word' id='word_1_268' title='bbox 2042 3747 2113 3803; x_wconf 81' lang='grc'><strong>29</strong></span> <span class='ocrx_word' id='word_1_269' title='bbox 2150 3749 2273 3817; x_wconf 70' lang='lat' dir='ltr'><strong>sap.</strong></span> <span class='ocrx_word' id='word_1_270' title='bbox 2309 3748 2362 3814; x_wconf 90' lang='grc'><strong>2,</strong></span> <span class='ocrx_word' id='word_1_271' title='bbox 2397 3749 2480 3802; x_wconf 81' lang='grc'><strong>21.</strong></span> <span class='ocrx_word' id='word_1_272' title='bbox 2516 3747 2601 3801; x_wconf 90' lang='grc'><strong>22.</strong></span> 
     </span>
    </p>
   </div>
   <div class='ocr_carea' id='block_1_4' title="bbox 619 3917 2882 4506">
    <p class='ocr_par' dir='ltr' id='par_1_5' title="bbox 619 3917 2882 4506">
     <span class='ocr_line' id='line_1_32' title="bbox 759 3917 2810 3988; baseline -0.001 -15"><span class='ocrx_word' id='word_1_273' title='bbox 759 3921 789 3973; x_wconf 94' lang='grc'>1</span> <span class='ocrx_word' id='word_1_274' title='bbox 825 3919 982 3974; x_wconf 86' lang='lat' dir='ltr'><strong>misit</strong></span> <span class='ocrx_word' id='word_1_275' title='bbox 1015 3935 1102 3973; x_wconf 88' lang='lat' dir='ltr'><strong>me</strong></span> <span class='ocrx_word' id='word_1_276' title='bbox 1137 3937 1170 3976; x_wconf 81' lang='lat' dir='ltr'><strong><em>v</em></strong></span> <span class='ocrx_word' id='word_1_277' title='bbox 1456 3919 1731 3988; x_wconf 87' lang='lat' dir='ltr'><strong>apostolus</strong></span> <span class='ocrx_word' id='word_1_278' title='bbox 1768 3919 1835 3976; x_wconf 82' lang='lat'><strong>0¹</strong></span> <span class='ocrx_word' id='word_1_279' title='bbox 2132 3918 2419 3973; x_wconf 82' lang='lat' dir='ltr'><strong>mulierum</strong></span> <span class='ocrx_word' id='word_1_280' title='bbox 2454 3917 2744 3972; x_wconf 83' lang='lat' dir='ltr'><strong>comitatus</strong></span> <span class='ocrx_word' id='word_1_281' title='bbox 2777 3932 2810 3971; x_wconf 81' lang='lat' dir='ltr'><strong><em>v</em></strong></span> 
     </span>
     <span class='ocr_line' id='line_1_33' title="bbox 621 4000 2882 4075; baseline -0.001 -16"><span class='ocrx_word' id='word_1_282' title='bbox 621 4004 915 4060; x_wconf 86' lang='lat' dir='ltr'><strong>deducebat</strong></span> <span class='ocrx_word' id='word_1_283' title='bbox 948 4005 1163 4075; x_wconf 75' lang='lat' dir='ltr'><strong>scripsi,</strong></span> <span class='ocrx_word' id='word_1_284' title='bbox 1202 4004 1433 4059; x_wconf 86' lang='lat' dir='ltr'><strong>ducebat</strong></span> <span class='ocrx_word' id='word_1_285' title='bbox 1475 4004 1533 4068; x_wconf 83' lang='lat'><strong>0,</strong></span> <span class='ocrx_word' id='word_1_286' title='bbox 1571 4003 1797 4060; x_wconf 85' lang='lat' dir='ltr'><strong>decebat</strong></span> <span class='ocrx_word' id='word_1_287' title='bbox 1828 4023 1863 4060; x_wconf 81' lang='lat' dir='ltr'><strong><em>v</em></strong></span> <span class='ocrx_word' id='word_1_288' title='bbox 2070 4005 2101 4058; x_wconf 84' lang='grc'><strong>7</strong></span> <span class='ocrx_word' id='word_1_289' title='bbox 2138 4004 2209 4058; x_wconf 87' lang='lat' dir='ltr'><strong>ab</strong></span> <span class='ocrx_word' id='word_1_290' title='bbox 2254 4005 2313 4071; x_wconf 80' lang='lat'><strong>0,</strong></span> <span class='ocrx_word' id='word_1_291' title='bbox 2351 4018 2386 4058; x_wconf 81' lang='lat' dir='ltr'><strong>a</strong></span> <span class='ocrx_word' id='word_1_292' title='bbox 2418 4020 2453 4059; x_wconf 81' lang='lat' dir='ltr'><em>v</em></span> <span class='ocrx_word' id='word_1_293' title='bbox 2657 4004 2692 4057; x_wconf 88' lang='grc'>9</span> <span class='ocrx_word' id='word_1_294' title='bbox 2728 4003 2811 4058; x_wconf 78' lang='lat' dir='ltr'><strong>ozi</strong></span> <span class='ocrx_word' id='word_1_295' title='bbox 2836 4000 2882 4055; x_wconf 84' lang='lat' dir='ltr'><em>G</em></span> 
     </span>
     <span class='ocr_line' id='line_1_34' title="bbox 620 4089 2873 4160; baseline -0.001 -14"><span class='ocrx_word' id='word_1_296' title='bbox 620 4097 672 4146; x_wconf 81' lang='lat' dir='ltr'><strong>ct</strong></span> <span class='ocrx_word' id='word_1_297' title='bbox 705 4091 904 4160; x_wconf 74' lang='lat' dir='ltr'><strong>reliqui</strong></span> <span class='ocrx_word' id='word_1_298' title='bbox 938 4091 1109 4160; x_wconf 71' lang='lat' dir='ltr'><strong>codd„</strong></span> <span class='ocrx_word' id='word_1_299' title='bbox 1145 4092 1342 4145; x_wconf 79' lang='lat' dir='ltr'><strong>chuzae</strong></span> <span class='ocrx_word' id='word_1_300' title='bbox 1375 4107 1410 4146; x_wconf 79' lang='lat' dir='ltr'><strong><em>v</em></strong></span> <span class='ocrx_word' id='word_1_301' title='bbox 1676 4091 1743 4148; x_wconf 90' lang='lat'><strong>10</strong></span> <span class='ocrx_word' id='word_1_302' title='bbox 1776 4091 1866 4146; x_wconf 91' lang='lat' dir='ltr'><strong>illi</strong></span> <span class='ocrx_word' id='word_1_303' title='bbox 1902 4090 1962 4152; x_wconf 81' lang='lat'><strong>0,</strong></span> <span class='ocrx_word' id='word_1_304' title='bbox 1999 4092 2051 4145; x_wconf 91' lang='lat' dir='ltr'><strong>ei</strong></span> <span class='ocrx_word' id='word_1_305' title='bbox 2084 4107 2119 4146; x_wconf 81' lang='grc' dir='ltr'><strong><em>υ</em></strong></span> <span class='ocrx_word' id='word_1_306' title='bbox 2372 4089 2439 4144; x_wconf 78' lang='grc'><strong>12</strong></span> <span class='ocrx_word' id='word_1_307' title='bbox 2472 4089 2773 4159; x_wconf 76' lang='lat' dir='ltr'><strong>singulares</strong></span> <span class='ocrx_word' id='word_1_308' title='bbox 2816 4089 2873 4151; x_wconf 81' lang='lat'><strong>0,</strong></span> 
     </span>
     <span class='ocr_line' id='line_1_35' title="bbox 621 4174 2879 4246; baseline -0.001 -15"><span class='ocrx_word' id='word_1_309' title='bbox 621 4177 866 4246; x_wconf 79' lang='lat' dir='ltr'><strong>singulae</strong></span> <span class='ocrx_word' id='word_1_310' title='bbox 901 4193 935 4230; x_wconf 85' lang='lat' dir='ltr'><strong><em>v</em></strong></span> <span class='ocrx_word' id='word_1_311' title='bbox 1142 4178 1208 4232; x_wconf 88' lang='lat'><strong>13</strong></span> <span class='ocrx_word' id='word_1_312' title='bbox 1243 4176 1687 4231; x_wconf 87' lang='lat' dir='ltr'><strong>commorationes</strong></span> <span class='ocrx_word' id='word_1_313' title='bbox 1724 4175 1782 4242; x_wconf 82' lang='grc' dir='ltr'><strong>Ο,</strong></span> <span class='ocrx_word' id='word_1_314' title='bbox 1819 4179 2208 4231; x_wconf 86' lang='lat' dir='ltr'><strong>commorantes</strong></span> <span class='ocrx_word' id='word_1_315' title='bbox 2255 4194 2279 4231; x_wconf 84' lang='grc' dir='ltr'><strong>υ</strong></span> <span class='ocrx_word' id='word_1_316' title='bbox 2497 4176 2564 4230; x_wconf 82' lang='grc'><strong>14</strong></span> <span class='ocrx_word' id='word_1_317' title='bbox 2596 4174 2879 4230; x_wconf 82' lang='lat' dir='ltr'><strong>uidebatur</strong></span> 
     </span>
     <span class='ocr_line' id='line_1_36' title="bbox 621 4259 2876 4334; baseline -0.001 -15"><span class='ocrx_word' id='word_1_318' title='bbox 621 4263 681 4330; x_wconf 82' lang='grc' dir='ltr'><strong>Ο,</strong></span> <span class='ocrx_word' id='word_1_319' title='bbox 716 4262 991 4318; x_wconf 86' lang='lat' dir='ltr'><strong>uidebitur</strong></span> <span class='ocrx_word' id='word_1_320' title='bbox 1023 4280 1058 4319; x_wconf 79' lang='grc' dir='ltr'><strong><em>υ</em></strong></span> <span class='ocrx_word' id='word_1_321' title='bbox 1205 4263 1541 4334; x_wconf 86' lang='lat' dir='ltr'><strong>improbosas</strong></span> <span class='ocrx_word' id='word_1_322' title='bbox 1577 4263 1637 4327; x_wconf 82' lang='lat' dir='ltr'><strong>G,</strong></span> <span class='ocrx_word' id='word_1_323' title='bbox 1673 4263 1943 4332; x_wconf 79' lang='lat' dir='ltr'><strong>improbas</strong></span> <span class='ocrx_word' id='word_1_324' title='bbox 1978 4281 2040 4330; x_wconf 80' lang='lat' dir='ltr'><strong>v,·</strong></span> <span class='ocrx_word' id='word_1_325' title='bbox 2074 4263 2145 4330; x_wconf 74' lang='lat' dir='ltr'><strong>cf.</strong></span> <span class='ocrx_word' id='word_1_326' title='bbox 2180 4268 2307 4328; x_wconf 81' lang='lat'><strong>203,</strong></span> <span class='ocrx_word' id='word_1_327' title='bbox 2327 4267 2398 4318; x_wconf 87' lang='lat'><strong>13</strong></span> <span class='ocrx_word' id='word_1_328' title='bbox 2548 4263 2616 4317; x_wconf 84' lang='lat'><strong>15</strong></span> <span class='ocrx_word' id='word_1_329' title='bbox 2650 4262 2780 4317; x_wconf 86' lang='lat' dir='ltr'><strong>adeo</strong></span> <span class='ocrx_word' id='word_1_330' title='bbox 2822 4259 2876 4324; x_wconf 81' lang='lat'><strong>0,</strong></span> 
     </span>
     <span class='ocr_line' id='line_1_37' title="bbox 619 4348 2881 4418; baseline -0.001 -15"><span class='ocrx_word' id='word_1_331' title='bbox 619 4349 738 4404; x_wconf 91' lang='lat' dir='ltr'><strong>ideo</strong></span> <span class='ocrx_word' id='word_1_332' title='bbox 772 4367 806 4406; x_wconf 87' lang='lat' dir='ltr'><strong><em>v</em></strong></span> <span class='ocrx_word' id='word_1_333' title='bbox 956 4350 1024 4403; x_wconf 87' lang='grc'><strong>16</strong></span> <span class='ocrx_word' id='word_1_334' title='bbox 1059 4349 1314 4404; x_wconf 84' lang='lat' dir='ltr'><strong>scribitur</strong></span> <span class='ocrx_word' id='word_1_335' title='bbox 1348 4368 1383 4405; x_wconf 81' lang='lat' dir='ltr'><strong><em>v</em></strong></span> <span class='ocrx_word' id='word_1_336' title='bbox 1531 4349 1597 4403; x_wconf 84' lang='grc'><strong>17</strong></span> <span class='ocrx_word' id='word_1_337' title='bbox 1634 4365 1801 4418; x_wconf 87' lang='lat' dir='ltr'><strong>usque</strong></span> <span class='ocrx_word' id='word_1_338' title='bbox 1837 4349 1886 4406; x_wconf 78' lang='grc' dir='ltr'><em>Ο</em></span> <span class='ocrx_word' id='word_1_339' title='bbox 1914 4367 1984 4406; x_wconf 84' lang='lat' dir='ltr'><strong>m.</strong></span> <span class='ocrx_word' id='word_1_340' title='bbox 2020 4355 2060 4406; x_wconf 75' lang='lat'><em>2</em></span> <span class='ocrx_word' id='word_1_341' title='bbox 2092 4352 2159 4405; x_wconf 67' lang='lat' dir='ltr'><strong>in</strong></span> <span class='ocrx_word' id='word_1_342' title='bbox 2191 4366 2302 4405; x_wconf 78' lang='lat' dir='ltr'><strong>ras.</strong></span> <span class='ocrx_word' id='word_1_343' title='bbox 2452 4349 2523 4404; x_wconf 77' lang='lat'><strong>25</strong></span> <span class='ocrx_word' id='word_1_344' title='bbox 2554 4351 2653 4403; x_wconf 86' lang='lat' dir='ltr'><strong>ant</strong></span> <span class='ocrx_word' id='word_1_345' title='bbox 2694 4348 2753 4412; x_wconf 86' lang='lat' dir='ltr'><strong>G,</strong></span> <span class='ocrx_word' id='word_1_346' title='bbox 2787 4351 2881 4402; x_wconf 84' lang='lat' dir='ltr'><strong>aut</strong></span> 
     </span>
     <span class='ocr_line' id='line_1_38' title="bbox 619 4435 2814 4506; baseline 0 -17"><span class='ocrx_word' id='word_1_347' title='bbox 619 4435 748 4506; x_wconf 90' lang='lat' dir='ltr'><strong>quid</strong></span> <span class='ocrx_word' id='word_1_348' title='bbox 771 4452 804 4491; x_wconf 81' lang='lat' dir='ltr'><strong><em>v</em></strong></span> <span class='ocrx_word' id='word_1_349' title='bbox 939 4435 1012 4489; x_wconf 82' lang='lat'><strong>29</strong></span> <span class='ocrx_word' id='word_1_350' title='bbox 1035 4451 1122 4488; x_wconf 92' lang='lat' dir='ltr'><strong>eos</strong></span> <span class='ocrx_word' id='word_1_351' title='bbox 1147 4435 1330 4504; x_wconf 91' lang='lat' dir='ltr'><strong>inquit</strong></span> <span class='ocrx_word' id='word_1_352' title='bbox 1353 4435 1400 4491; x_wconf 82' lang='grc' dir='ltr'><em>Ο</em></span> <span class='ocrx_word' id='word_1_353' title='bbox 1420 4451 1508 4491; x_wconf 86' lang='lat' dir='ltr'><strong>eos</strong></span> <span class='ocrx_word' id='word_1_354' title='bbox 1524 4452 1565 4491; x_wconf 80' lang='lat' dir='ltr'><strong>s.</strong></span> <span class='ocrx_word' id='word_1_355' title='bbox 1589 4437 1627 4490; x_wconf 81' lang='lat' dir='ltr'><strong>l.</strong></span> <span class='ocrx_word' id='word_1_356' title='bbox 1646 4453 1715 4490; x_wconf 78' lang='lat' dir='ltr'><strong>m.</strong></span> <span class='ocrx_word' id='word_1_357' title='bbox 1734 4439 1773 4492; x_wconf 80' lang='lat'><strong><em>2</em></strong></span> <span class='ocrx_word' id='word_1_358' title='bbox 1910 4440 1969 4491; x_wconf 87' lang='lat' dir='ltr'><strong>et</strong></span> <span class='ocrx_word' id='word_1_359' title='bbox 1994 4437 2299 4491; x_wconf 86' lang='lat' dir='ltr'><strong>nescierunt</strong></span> <span class='ocrx_word' id='word_1_360' title='bbox 2323 4436 2382 4502; x_wconf 82' lang='grc' dir='ltr'><strong>Ο,</strong></span> <span class='ocrx_word' id='word_1_361' title='bbox 2408 4439 2473 4490; x_wconf 89' lang='lat' dir='ltr'><strong>ut</strong></span> <span class='ocrx_word' id='word_1_362' title='bbox 2490 4435 2758 4490; x_wconf 85' lang='lat' dir='ltr'><strong>nescirent</strong></span> <span class='ocrx_word' id='word_1_363' title='bbox 2781 4451 2814 4490; x_wconf 81' lang='lat' dir='ltr'><strong><em>v</em></strong></span> 
     </span>
    </p>
   </div>
  </div>
 </body>
</html>
