3217 5150
1370 504 1698 562 Carmina.
2519 512 2648 578 295

786 665 1063 727 Protinus
1090 681 1160 726 ex
1190 681 1317 726 sese
1346 667 1628 740 suggestu
1653 665 1896 726 uulnera
1923 667 2189 742 complet.

616 767 743 830 125
785 768 1011 830 Dicitur
1036 770 1097 830 et
1125 769 1327 828 uiuens
1355 767 1470 828 alio
1498 768 1615 828 iam
1643 768 1707 828 in
1734 785 1961 844 corpore
1991 787 2159 830 sexus

782 872 1049 934 Munifloo
1076 871 1279 934 solitos
1310 871 1652 948 dispungere
1682 873 1962 947 sanguine
1999 889 2240 934 menses.

868 975 1103 1051 Iamque
1124 975 1294 1036 urbes
1314 991 1593 1050 nusquam
1615 975 1933 1050 Sodomam,
1957 993 2100 1050 gens
2119 976 2295 1052 impia
2317 994 2614 1054 nusquam,

785 1079 931 1141 Tota
956 1095 1130 1154 rogus
1160 1079 1320 1154 reguo
1349 1081 1470 1140 est:
1500 1079 1636 1138 hino
1667 1081 1793 1141 atro
1822 1079 2054 1141 horrore
2081 1079 2315 1141 fauillae

789 1182 1052 1258 Hineque
1081 1183 1201 1242 situ
1228 1199 1367 1242 uano
1396 1181 1618 1244 eineres
1649 1183 1914 1243 incendia
1943 1183 2195 1258 signant.

620 1285 745 1347 130
784 1285 996 1346 Nullus
1025 1287 1153 1346 arat
1180 1284 1397 1346 frustra
1424 1285 1619 1361 piceas
1647 1286 1892 1362 fuligine
1920 1287 2141 1362 glebas.

792 1387 1013 1450 Oooidit
1041 1387 1147 1448 illa
1172 1388 1329 1464 prior
1358 1388 1594 1462 speeies,
1625 1406 1794 1464 quam
1820 1390 2172 1466 prospiciens
2198 1390 2350 1451 Loth

788 1489 1088 1552 Diseretus
1114 1493 1315 1566 patruo
1346 1489 1496 1552 dites
1526 1491 1820 1566 delegerat
1847 1509 2034 1568 agros.

788 1593 1235 1669 semiperempta
1262 1594 1435 1654 etiam
1462 1594 1517 1654 si
1541 1612 1656 1671 qua
1683 1593 1808 1655 illio
1834 1595 2033 1671 iugera
2061 1595 2244 1657 laetas

780 1696 1059 1756 Autumni
1087 1698 1363 1758 conantur
1390 1713 1545 1772 opes,
1574 1696 1752 1758 facile
1780 1698 1998 1773 optima
2023 1713 2150 1760 esse

622 1799 745 1860 135
788 1799 1141 1860 Promittunt
1154 1800 1351 1862 'oeulis
1378 1800 1507 1874 pira
1534 1800 1758 1876 persioa
1785 1803 1844 1862 et
1872 1801 2062 1862 omnia
2087 1801 2262 1876 mala,

722 1881 733 1893 ’
788 1903 981 1964 Donec
1008 1920 1241 1979 carpere
1270 1919 1439 1966 aues:
1468 1921 1602 1964 nam
1631 1904 1896 1980 protinus
1925 1904 2114 1966 indice
2141 1905 2302 1966 taotu
2389 1931 2392 1934 ⁴

789 2006 1043 2067 Soluitur
1068 2007 1131 2067 in
1160 2008 1406 2068 cinerem
1436 2008 1603 2068 uacui
1634 2006 1869 2069 fallacia
1897 2007 2070 2083 pomi.

670 2193 677 2200 ἡ
789 2110 883 2170 Sio
910 2110 1089 2186 igitar
1118 2111 1276 2172 eaelo
1304 2110 1521 2186 pariter
1547 2112 1816 2186 terraque
1844 2111 2090 2187 sepultis

787 2213 913 2274 Neo
938 2231 1096 2275 mare
1123 2213 1273 2276 uiuit
1292 2214 1404 2288 ibi,
1433 2231 1586 2275 mors
1617 2216 1710 2275 est
1729 2215 1902 2274 maris
1930 2215 2059 2288 ipsa
2086 2215 2264 2276 maris
2291 2232 2423 2291 pax,

621 2317 749 2378 140
794 2317 918 2389 Qua
944 2317 1134 2379 nullos
1164 2318 1381 2378 animat
1408 2334 1513 2393 per
1540 2317 1748 2378 anhela
1776 2317 2070 2379 uolumina
2096 2317 2304 2378 fluetus

788 2421 1021 2496 Quaque
1052 2420 1225 2482 etiam
1254 2420 1442 2496 patrio
1464 2437 1774 2494 numquam
1804 2419 2061 2495 suspirat
2087 2421 2161 2482 ab
2191 2423 2387 2481 austro

798 2524 1032 2599 Quaque
1054 2525 1213 2585 earet
1240 2522 1495 2599 proferre
1524 2522 1776 2598 aliquam
1805 2523 1875 2584 de
1901 2522 2130 2599 gurgite
2159 2524 2389 2598 gentem

560 2794 663 2849 124
696 2794 949 2863 suggesto
994 2792 1130 2863 (soil.
1165 2793 1401 2861 corpore)
1444 2792 1583 2847 eom‘.
1628 2791 1943 2848 Gronoua'us
1985 2798 1994 2809 “
2097 2848 2101 2851 ,
2280 2790 2383 2847 125
2416 2791 2552 2847 alios
2583 2792 2658 2857 A,
2783 2858 2790 2865 .

409 2878 547 2937 eelio
567 2880 640 2936 H
764 2880 825 2934 in
859 2894 963 2936 om.
986 2878 1142 2935 HBv
1222 2952 1229 2959 ἱ
1275 2878 1379 2933 126
1411 2878 1692 2935 munificos
1726 2878 1885 2934 solito
1912 2878 2067 2935 HRv
2199 2877 2500 2949 depangere
2531 2876 2590 2936 Β

412 2968 520 3026 127
555 2968 769 3039 iamque
802 2985 855 3024 u.
888 2983 944 3022 n.
979 2984 1022 3023 s.
1058 2982 1112 3037 g.
1149 2967 1191 3025 i.
1226 2981 1492 3036 nusquam
1536 2968 1592 3022 A
1606 3008 1622 3034 ,
1653 2982 1917 3037 nusquam
1951 2968 2079 3021 sunt
2111 2965 2344 3033 sodomi,
2389 2981 2656 3037 nusquam

410 3054 631 3112 illorum
669 3054 793 3125 (illa
830 3054 969 3125 HR)
1006 3053 1177 3123 impia
1216 3052 1397 3109 lueent
1439 3054 1601 3124 (nune
1635 3055 1763 3108 sunt
1796 3054 1938 3109 eom'.
1973 3052 2208 3125 Manes)
2242 3051 2480 3119 Moenia,
2535 3068 2658 3107 cum

413 3140 647 3197 dominis
689 3140 875 3196 domus
921 3140 1093 3195 omnis
1128 3140 1285 3210 inops
1319 3139 1402 3194 ita
1436 3140 1760 3211 (inopposita
1793 3139 1870 3205 H,
1924 3138 2201 3210 inhospita
2234 3140 2379 3196 coni.
2413 3140 2518 3195 Fr.
2553 3139 2656 3197 Iu-

412 3228 565 3297 m'ue)
599 3242 861 3296 nusquam
892 3227 1045 3283 HRv
1315 3226 1418 3282 128
1450 3226 1617 3297 regio]
1653 3227 1808 3296 rogia
1839 3227 1895 3281 A
2168 3227 2307 3297 atro]
2343 3228 2492 3283 eatro
2525 3227 2596 3283 H

410 3311 626 3367 horrere
657 3311 729 3377 R,
760 3328 879 3368 rore
912 3313 1051 3369 coni.
1087 3312 1297 3368 Mil-Iler
1501 3313 1603 3367 129
1636 3314 1867 3383 hinoque
1899 3312 2029 3383 situ]
2063 3314 2190 3369 hine
2223 3312 2403 3369 desitu
2423 3313 2497 3378 A,
2531 3312 2658 3368 inde

412 3398 525 3451 situ
562 3396 793 3453 Iuratus
824 3428 829 3435 -
1031 3398 1133 3453 130
1166 3400 1314 3455 hwm
1345 3414 1569 3455 uersum
1596 3406 1722 3468 post
1755 3404 1855 3455 131
1893 3400 2014 3455 emh.
2048 3416 2082 3456 v
2318 3400 2418 3454 131
2455 3399 2658 3469 speeies
2686 3392 2697 3401 ⁵

413 3484 469 3538 A
496 3486 556 3539 »d
600 3482 794 3549 Oxou„
830 3482 1017 3539 feritas
1050 3476 1201 3541 HRv
1339 3512 1353 3519 -
1404 3501 1567 3554 quam
1601 3484 1830 3555 spiciam
1863 3486 1945 3539 lot
1974 3487 2031 3541 A
2232 3485 2336 3540 132
2371 3502 2469 3541 om.
2507 3486 2660 3543 fflzv

410 3568 730 3640 (deseruisse
762 3562 852 3638 pii‘
878 3568 1050 3625 fertur
1082 3570 1397 3626 commercia
1428 3570 1619 3625 fratris
1658 3571 1832 3627 Oxou.
1869 3573 2182 3629 com'eema
2212 3571 2591 3641 suppleuerat)

410 3656 516 3713 134
549 3655 755 3725 optima
789 3670 902 3710 esse
922 3655 994 3722 A,
1030 3656 1236 3726 optima
1269 3672 1383 3712 sese
1404 3656 1517 3723 Hv,
1552 3673 1668 3711 esse
1703 3657 1909 3726 opimas
1931 3656 2020 3713 Rv
2224 3657 2328 3712 135
2359 3658 2567 3727 pessiea
2600 3659 2658 3713 et

411 3742 595 3799 omnia
628 3742 791 3797 mella
823 3741 879 3798 R
1105 3742 1209 3798 136
1234 3758 1453 3812 ωηιοω
1490 3758 1615 3797 aues
1647 3743 1721 3809 A,
1756 3745 2042 3812 carpantur
2075 3742 2208 3809 lm,
2243 3745 2534 3813 carpuntur
2555 3758 2592 3799 v

410 3828 589 3885 indice
624 3829 681 3895 (i.
717 3844 761 3884 e.
795 3827 992 3898 digito)
1026 3828 1163 3882 tacti
1196 3830 1334 3883 coni.
1370 3829 1603 3896 Meum,
1635 3828 1748 3883 eod.
1783 3828 1856 3894 cf.
1900 3828 2071 3883 Gran.
2099 3845 2160 3898 p.
2197 3832 2308 3884 676
2445 3829 2546 3883 137
2583 3829 2657 3883 ci·

412 3930 542 3970 uere
572 3914 631 3971 A
813 3914 971 3970 uacui
1004 3913 1227 3969 fallaeia
1260 3914 1405 3985 pomi
1436 3915 1510 3979 A,
1544 3913 1705 3969 uacui
1738 3912 2033 3985 fauillaque
2067 3914 2216 3984 pomi
2247 3915 2382 3980 HR,
2417 3915 2484 3970 fit
2515 3930 2659 3969 uana

408 4000 711 4070 fauillaque
741 4016 959 4072 pomum
989 4016 1023 4056 v
1169 4000 1271 4055 138
1305 4003 1581 4069 terraeque
1615 4000 1685 4054 H
1826 4000 1928 4054 139
1961 4000 2081 4069 ipsa
2113 4000 2281 4055 maris
2313 4016 2416 4071 pax
2449 4001 2520 4066 A,
2556 4000 2658 4056 illa

407 4087 581 4155 quieti
612 4087 764 4143 HRv
923 4086 1025 4141 140
1058 4101 1164 4155 qua
1195 4087 1267 4151 A,
1308 4085 1451 4156 quod
1482 4084 1637 4141 HRv
1805 4085 1988 4141 nullus
2023 4085 2112 4142 Rv
2281 4086 2490 4142 animat
2521 4087 2656 4154 HR,

380 4184 399 4206 ⁴
412 4172 637 4227 amittat
679 4174 751 4239 A,
803 4174 982 4243 agitat
1032 4173 1173 4228 coni.
1218 4172 1459 4238 Moneo-3
1511 4170 1673 4241 idque
1724 4171 1933 4227 animat
1985 4172 2168 4227 nullus
2220 4172 2522 4229 Fabricius

416 4256 517 4311 141
554 4273 761 4329 quaque
795 4262 868 4326 A,
902 4274 1107 4329 queque
1140 4258 1210 4325 R,
1249 4258 1495 4329 quodque
1526 4258 1623 4315 Hv
1845 4259 2029 4330 etiam]
2067 4276 2222 4314 enam
2256 4261 2312 4313 A
2527 4275 2656 4313 nus—

416 4356 581 4411 quam
612 4360 649 4401 v
882 4346 985 4401 142
1020 4361 1229 4415 quaque
1264 4348 1409 4400 earet
1442 4346 1515 4412 A,
1552 4360 1722 4414 queue
1756 4347 1902 4400 earet
1936 4344 2010 4414 R,
2045 4344 2292 4414 quodque
2323 4344 2512 4415 nequit
2543 4343 2656 4409 Hv,

416 4442 631 4499 quaque
660 4433 815 4487 cauet
836 4432 928 4488 uel
959 4434 1127 4503 negat
1158 4432 1299 4489 coni.
1324 4429 1537 4489 Mulier
1674 4432 1909 4502 gentem]
1947 4432 2148 4501 piscem
2169 4432 2224 4486 A
