3217 5150
944 529 1284 584 Aduersus
1321 531 1604 586 ludaeos
1639 547 1683 584 e.
1718 532 1904 585 8-10.
2426 535 2553 599 143

297 688 542 749 Domini.
590 688 784 749 uenite
813 705 968 763 ergo,
999 689 1234 761 intrate,
1275 692 1334 749 et
1363 692 1484 750 esto
1514 691 1683 764 quasi
1711 708 1824 751 una
1850 708 2009 765 gens.
2052 692 2318 752 miserere
2349 708 2547 752 erran-

297 792 485 851 tibus:
533 809 776 865 aequum
827 794 918 851 est
967 790 1333 851 honorificari
1385 793 1729 853 sententiam
1780 793 1905 867 Dei,
1951 794 2199 868 qualiter
2257 795 2549 869 magnifici

297 896 575 970 prostrati
625 897 761 955 sunt
789 898 849 955 et
878 895 1124 955 humiles
1180 895 1452 968 adleuati,
1507 895 1686 956 fortes
1715 896 2020 969 debilitati,
2062 896 2312 957 infirmes
2342 898 2551 958 confir-

297 998 460 1070 mati,
492 998 700 1058 diuites
752 999 826 1057 ad
874 1000 1270 1073 paupertatem
1322 999 1556 1072 redacti,
1586 1016 1866 1074 pauperes
1890 1027 1959 1061 *n
1980 1000 2338 1073 hereditatis,
2370 1000 2549 1059 domi-

227 1121 276 1159 .s
299 1103 506 1161 nantes
533 1103 704 1177 serui,
736 1102 1014 1162 dominati
1041 1104 1365 1177 regnanteS,
1397 1102 1643 1163 subiecti
1672 1104 1745 1161 ad
1786 1119 2027 1177 rognum
2054 1104 2261 1176 uocati,
2292 1103 2553 1163 uidentes

299 1205 506 1277 orbati,
537 1206 662 1265 orbi
689 1205 1036 1279 inluminati,
1080 1207 1389 1280 prudentes
1421 1206 1495 1264 ad
1525 1205 1853 1277 stultitiam,
1895 1205 2063 1265 stulti
2090 1207 2165 1265 ad
2193 1206 2551 1279 prudentiam

299 1308 579 1368 conuersi.

383 1410 611 1471 Etenim
661 1412 760 1486 qui
815 1412 1098 1485 qnondam
1139 1413 1410 1471 uecordes
1441 1414 1500 1471 et
1527 1410 1750 1472 indocti
1780 1411 2007 1485 spiritu,
2061 1429 2213 1471 nunc
2240 1411 2553 1485 scripturas
2574 1409 2659 1468 10

299 1514 508 1573 docent
557 1516 616 1573 et
667 1515 855 1575 sciunt
905 1518 966 1575 et
1014 1514 1384 1589 intellegunt:
1432 1514 1530 1588 qui
1579 1518 1771 1575 autem
1801 1515 1874 1574 ab
1904 1506 2068 1574 initio
2108 1513 2261 1575 docti
2290 1516 2350 1573 et
2378 1515 2554 1589 periti

225 1630 284 1671 ιο
303 1617 364 1674 et
413 1616 560 1690 legis
611 1617 972 1693 disciplinam
1023 1619 1290 1692 scientes,
1343 1619 1607 1678 nesciunt
1650 1619 1839 1693 legere
1870 1635 1977 1678 nec
2004 1618 2347 1693 intellegunt
2375 1617 2549 1692 spiri-

303 1718 450 1778 talia
463 1764 480 1792 ,
524 1721 584 1779 et
633 1722 732 1795 qui
789 1738 857 1781 ex
909 1722 1028 1781 illis
1082 1721 1456 1796 prudentibus
1507 1721 1743 1796 cupiens
1783 1721 1977 1781 uidere
2008 1722 2185 1793 uenit,
2242 1721 2551 1795 intellegit,

303 1825 473 1896 rogat
521 1840 758 1895 puerum
807 1826 1112 1899 paruulum
1152 1828 1253 1884 aut
1281 1843 1452 1886 anum
1481 1828 1584 1884 aut
1614 1826 1844 1885 uiduam
1895 1826 1995 1884 aut
2024 1824 2300 1884 rusticum
2328 1823 2550 1883 dicens:
2629 1874 2637 1883 .

297 1912 515 1985 ‘uiuere
545 1926 730 2001 cupio,
784 1927 897 1986 dux
927 1930 1050 1989 esto
1082 1929 1248 1989 homo
1278 1928 1339 1986 in
1371 1928 1535 1987 Sion:
1583 1946 1789 1988 enarra
1836 1928 1979 1987 mihi
2006 1946 2217 1987 nouum
2244 1929 2554 1987 testamen-

303 2032 448 2101 tum,
482 2029 790 2089 reconcilia
815 2048 908 2089 me
937 2030 1211 2091 Domino:
1257 2048 1386 2091 ecce
1417 2032 1579 2091 trado
1608 2048 1700 2091 me
1728 2031 1839 2090 tibi
1868 2031 2226 2105 discipulum,
2268 2030 2554 2105 interpre-

235 2149 290 2188 15
309 2134 436 2191 tare
485 2131 631 2191 mihi
667 2132 875 2207 legem,
929 2150 1073 2208 quae
1103 2137 1233 2195 acta
1263 2137 1354 2195 est
1383 2135 1443 2193 in
1472 2134 1714 2209 Choreb,
1745 2136 1961 2195 dissere
1988 2136 2294 2209 praecepta
2323 2152 2467 2208 quae
2496 2134 2557 2193 in

301 2234 436 2295 Sion
465 2238 525 2295 et
551 2236 614 2294 in
661 2226 826 2311 lege'.
871 2237 994 2297 sine
1043 2238 1260 2297 litteris
1307 2238 1542 2298 disserit
1591 2238 1907 2312 scripturas
1948 2238 2033 2298 eis
2074 2240 2134 2297 et
2163 2254 2304 2312 puer
2356 2238 2554 2298 edocet

306 2352 502 2397 senem
540 2341 598 2398 et
640 2356 784 2399 anus
833 2342 1142 2415 persuadet
1193 2342 1427 2401 diserto.
1469 2344 1766 2415 correptus
1796 2358 1930 2415 ergo
1961 2342 2145 2401 Israel
2174 2341 2433 2415 sequitur
2461 2340 2554 2399 in-

302 2440 452 2501 iecta
506 2460 678 2503 manu
719 2444 790 2502 ad
833 2443 1127 2505 lauacrum
1171 2444 1342 2503 stibi
1371 2444 1711 2504 testificatur
1739 2444 1888 2518 quod
1929 2444 2189 2515 credidit,
2236 2445 2295 2502 et
2322 2448 2553 2519 accepto

304 2542 470 2620 signo
500 2544 834 2620 purificatus
861 2564 964 2622 per
1005 2548 1272 2623 spiritum
1299 2549 1467 2622 rogat
1496 2549 1750 2622 accipere
1782 2547 1959 2608 uitam
1987 2564 2091 2621 per
2118 2545 2307 2606 cibum
2336 2548 2557 2622 gratiae

231 2669 292 2709 20
311 2647 478 2720 panis
509 2649 608 2724 qui
635 2653 728 2708 est
755 2669 790 2711 a
819 2651 1209 2712 benedictione
1241 2652 1300 2710 et
1327 2651 1396 2710 fit
1422 2651 1629 2710 mirum
1659 2651 2070 2725 spectaculum:
2103 2653 2161 2710 et
2193 2649 2293 2723 qui
2321 2650 2557 2711 Leuitae

303 2750 618 2811 offerebant
659 2755 717 2812 et
757 2756 1078 2814 sacerdotes
1131 2755 1488 2814 immolantes
1531 2756 1588 2814 et
1618 2755 1824 2813 summi
1852 2754 2143 2815 antistites
2172 2753 2421 2813 libantes
2452 2755 2559 2813 ad-

303 2853 520 2914 sistunt
571 2872 745 2929 puero
798 2856 1076 2936 offerenti,
1129 2857 1356 2918 diseunt
1407 2857 1506 2931 qui
1557 2858 1692 2916 olim
1747 2857 2023 2917 docebant
2065 2861 2125 2917 et
2153 2857 2424 2917 iubentur
2457 2861 2556 2932 qui

446 3245 475 3296 1
513 3246 637 3298 ueni
674 3246 833 3318 BQT
1053 3244 1270 3314 intrate]
1306 3245 1521 3313 ingrate
1562 3245 1608 3316 Q
1837 3247 2133 3300 errantium
2168 3260 2201 3300 v
2406 3246 2441 3299 2
2477 3249 2562 3301 est

303 3343 536 3397 aequum
579 3331 630 3384 T
817 3319 910 3386 dn‘i
947 3332 1002 3386 B
1172 3332 1452 3400 magnifice
1488 3331 1544 3384 Β
1727 3337 1760 3385 3
1795 3331 1996 3385 infirmi
2030 3350 2063 3387 v
2234 3334 2270 3387 4
2303 3347 2559 3402 pauperes

303 3431 628 3485 possessores
661 3418 794 3483 sort.
950 3417 1278 3472 hereditates
1314 3418 1384 3480 B,
1423 3417 1717 3472 hereditati
1749 3434 1782 3471 v
1938 3418 2275 3473 dominantes
2310 3435 2351 3473 s.
2388 3417 2441 3472 d.
2480 3435 2559 3472 re-

303 3505 536 3572 gnantes
559 3519 658 3557 om.
685 3504 757 3558 M
893 3504 1237 3558 dominantur
1273 3520 1328 3558 es
1358 3504 1410 3558 T
1541 3505 1575 3557 5
1610 3501 1911 3558 dominatui
1948 3504 2177 3558 subiecti
2212 3505 2495 3558 Pamelius

301 3589 376 3642 ad
410 3605 632 3658 regnum
669 3590 847 3644 uocati
882 3607 982 3644 om.
1018 3589 1298 3645 Baluzius
1491 3591 1525 3644 6
1560 3589 1629 3642 ad
1664 3590 1960 3664 stultitiam
1996 3606 2094 3643 om.
2132 3590 2187 3645 Β
2378 3590 2413 3644 8
2450 3589 2561 3658 qui]

301 3691 411 3744 quo
441 3677 492 3730 T
645 3675 912 3744 quandam
931 3677 987 3730 B
1146 3675 1392 3730 uecordes
1415 3676 1488 3745 et]
1515 3671 1609 3730 suo
1635 3675 1787 3730 corde
1810 3675 1901 3728 sed
1922 3676 2085 3747 BQT
2241 3676 2275 3729 9
2298 3677 2415 3742 qui.
2437 3715 2448 3727 .
2472 3680 2565 3730 .10

303 3761 634 3830 intellegunt
670 3779 768 3816 om.
807 3763 862 3816 B
1103 3762 1217 3832 qui]
1255 3762 1383 3830 quia
1423 3763 1474 3818 T
1716 3762 1880 3830 periti
1912 3763 1990 3816 M
1992 3765 2027 3826 ⁸,
2062 3761 2262 3832 perditi
2294 3762 2369 3815 Μ
2371 3760 2499 3831 *QT

307 3847 378 3901 10
411 3845 696 3917 disciplina
733 3849 840 3919 ΩΤ
1105 3849 1350 3903 nesciunt
1382 3848 1560 3920 legem
1594 3847 1844 3903 nesciunt
1876 3848 2052 3916 legere
2090 3863 2189 3901 nec
2222 3863 2271 3910 v,
2305 3863 2405 3900 om.
2448 3847 2495 3917 Q

309 3936 378 3988 11
415 3935 529 4004 qui]
565 3935 687 4003 quis
723 3934 888 4005 BQT
1089 3935 1157 3988 12
1190 3951 1414 4003 puerum
1448 3937 1545 3988 aut
1578 3951 1631 3998 v,
1669 3949 1797 4003 puer
1833 3933 1993 4005 BQT
2204 3949 2403 3986 anuum
2438 3934 2494 3987 B

307 4019 532 4074 uiduam
570 4021 686 4091 ΩΤ,
721 4021 944 4086 biduum
979 4021 1036 4075 Β
1311 4022 1377 4076 13
1412 4023 1527 4074 esto
1565 4021 1727 4074 homo
1761 4020 1977 4089 scripsi,
2014 4021 2097 4073 est
2132 4017 2292 4073 homo
2331 4019 2443 4089 ΩΤ,
2478 4021 2563 4072 est

307 4107 520 4160 homini
553 4106 622 4171 B,
661 4109 776 4160 esto
812 4106 952 4160 mihi
985 4123 1019 4161 v
1203 4107 1270 4161 14
1305 4107 1598 4177 discipulus
1638 4107 1693 4160 B
1870 4105 1939 4160 15
1972 4105 2145 4174 legem
2181 4105 2251 4171 Β,
2289 4104 2441 4160 licet·
2476 4106 2562 4169 M,

309 4191 564 4248 licent--
601 4193 664 4264 Q,
698 4193 911 4247 *licent
951 4194 1002 4248 T
1204 4194 1306 4262 est]
1343 4195 1470 4247 sunt
1505 4210 1539 4247 v
1746 4193 1814 4247 16
1848 4194 1905 4245 et
1938 4191 2015 4261 in]
2053 4191 2112 4244 in
2147 4191 2204 4246 Β
2399 4190 2566 4244 serib-

308 4279 452 4334 turis
489 4279 544 4333 B
793 4279 941 4349 puer]
975 4295 1108 4350 pure
1144 4280 1201 4333 Β
1452 4279 1606 4334 docet
1644 4279 1777 4350 QTv
2022 4277 2086 4331 17
2124 4275 2331 4332 deserto
2366 4277 2499 4330 BT²

306 4365 382 4419 20
416 4365 466 4436 a]
504 4365 564 4419 in
597 4382 631 4421 v
913 4365 998 4433 fit]
1035 4365 1111 4420 sit
1147 4365 1202 4419 B
1454 4365 1570 4435 qui]
1607 4365 1735 4433 quia
1772 4363 1935 4436 BQT
2178 4363 2375 4418 leuitas
2403 4362 2504 4433 ΩΤ

305 4451 379 4506 22
401 4451 671 4506 offerentis
701 4453 752 4507 T
954 4451 1160 4506 discum
1186 4451 1240 4506 Β
1437 4451 1494 4504 et
1517 4467 1619 4505 om.
1649 4450 1695 4521 Q
1865 4448 2081 4504 iubetur
2114 4449 2189 4502 eis
2230 4465 2263 4504 v
