3217 5150
757 500 850 555 De
884 500 1232 557 duodecim
1267 502 1578 557 abusiuis
1614 503 1878 557 saeculi
1914 522 1958 561 c.
1993 505 2145 559 5-6.
2458 510 2563 573 161

319 660 589 733 propriae
619 661 881 735 iniuriae,
913 664 1014 722 sed
1043 662 1194 736 legis
1215 661 1321 721 Dei
1345 662 1574 722 studeat
1602 666 1668 722 ut
1696 666 2001 723 metuatur.
2030 667 2331 738 propterea
2354 678 2575 737 quoque

321 764 458 821 dum
485 764 658 823 multi
683 766 932 838 pendent
962 764 1022 824 19
1052 783 1118 826 99
1135 811 1150 837 ,
1197 766 1320 839 11189
1350 766 1467 826 Deo
1498 766 1808 826 adhaerere
1852 768 2021 827 debet
2048 767 2149 841 qui
2177 767 2343 827 illum
2370 767 2433 825 111
2465 767 2571 827 du-

319 869 512 926 catum
539 868 856 942 coustituit,
888 868 989 943 qui
1017 870 1090 929 ad
1119 869 1399 943 portanda
1425 869 1731 929 multorum
1754 886 1925 930 onera
1952 870 2139 946 ipsum
2166 870 2349 931 ueluti
2379 871 2573 930 fortio-

317 986 442 1029 rem
471 970 761 1034 solidauit.
791 972 1042 1046 paxillus
1065 974 1218 1033 99119
1245 973 1361 1032 9181
1390 973 1533 1033 11999
1562 973 1715 1033 fixus
1744 973 1983 1033 firmiter
2010 972 2185 1033 alicui
2213 973 2439 1033 fortiori
2468 974 2571 1033 ad·

277 1091 302 1128 z·
321 1074 562 1133 haereat
575 1119 590 1148 ,
623 1090 786 1133 omne
817 1077 966 1149 quod
995 1076 1057 1135 19
1085 1090 1150 1136 99
1181 1077 1392 1151 pendet
1433 1078 1546 1137 9119
1585 1077 1803 1137 labitur
1832 1079 1891 1137 et
1918 1076 2045 1149 ipse
2074 1075 2295 1136 solutus
2324 1094 2360 1136 a
2388 1076 2577 1149 rigore

321 1192 462 1235 suae
493 1176 783 1237 firmitatis
811 1196 939 1239 cum
971 1179 1237 1241 oneribus
1267 1179 1340 1239 ad
1367 1183 1582 1241 terram
1611 1180 1935 1241 delabitur:
1966 1180 2051 1240 sic
2080 1180 2139 1239 et
2168 1180 2433 1253 princeps
2460 1178 2576 1239 nisi

321 1296 426 1339 suo
455 1280 736 1341 conditori
765 1281 1136 1356 pertinaciter
1165 1282 1510 1357 adhaeserit,
1543 1284 1749 1357 etipse
1777 1286 1837 1343 et
1867 1282 2051 1343 omnis
2080 1281 2178 1356 qui
2211 1282 2265 1341 91
2295 1282 2577 1342 consentit

320 1384 436 1444 cito
467 1384 706 1458 deperit.
751 1384 980 1460 quidam
1010 1403 1252 1460 namque
1279 1404 1382 1461 per
1412 1387 1735 1447 dominandi
1778 1386 2025 1447 officium
2054 1384 2294 1445 solidius
2323 1384 2441 1444 Deo
2470 1386 2574 1443 ad—

317 1485 706 1561 propinquant
722 1532 739 1560 ,
791 1488 1020 1563 quidam
1047 1488 1297 1566 inposito
1327 1489 1440 1549 sibi
1480 1490 1781 1563 dignitatis
1820 1489 2031 1549 honore
2076 1488 2381 1549 deteriores
2410 1486 2574 1546 fiunt.

241 1602 300 1641 ιο
319 1588 549 1665 Moyses
601 1590 752 1651 enim
792 1594 1022 1666 accepto
1075 1594 1282 1653 ducatu
1333 1592 1677 1653 familiarius
1704 1592 1814 1651 Dei
1864 1591 2245 1653 locutionibus
2273 1590 2573 1650 utebatur:

319 1691 459 1751 Saul
503 1710 638 1753 uero
667 1693 823 1753 filius
853 1694 948 1755 Cis
975 1698 1276 1769 postquam
1307 1698 1538 1771 sceptra
1559 1696 1724 1771 regni
1746 1696 2003 1771 suscepit
2018 1741 2033 1769 ,
2076 1713 2178 1770 per
2204 1693 2573 1755 inoboedien-

318 1792 438 1855 tiae
471 1796 800 1869 superbiam
829 1798 1008 1859 Deum
1038 1799 1292 1859 offendit.
1317 1816 1420 1859 rex
1450 1798 1714 1859 Salomon
1742 1800 2044 1874 postquam
2070 1798 2253 1875 patris
2278 1797 2371 1857 sui
2391 1798 2579 1857 Dauid

317 1898 512 1957 sedem
543 1899 791 1973 optinuit
805 1946 820 1973 ,
851 1901 1006 1961 Deus
1033 1901 1198 1961 illum
1227 1902 1384 1961 ultra
1411 1919 1604 1961 omnes
1638 1902 1909 1963 mortales
1940 1902 2101 1963 uelut
2128 1903 2201 1961 ad
2231 1900 2581 1961 innumerosi

316 2001 518 2077 populi
541 2004 1010 2077 gubernationem
1031 2006 1348 2081 sapientiae
1371 2020 1602 2065 munere
1620 2004 1883 2067 donauit:
1914 2023 1945 2065 e
1974 2005 2257 2065 contrario
2280 2022 2415 2067 uero
2432 2003 2576 2064 Hie-

239 2120 299 2159 15
318 2106 554 2167 roboam
577 2122 779 2167 seruus
801 2107 1134 2181 Salomonis,
1157 2110 1459 2183 postquam
1478 2108 1645 2183 regni
1666 2109 1865 2169 domus
1888 2108 2075 2169 Dauid
2090 2110 2313 2182 partem
2338 2107 2577 2181 accepit,

317 2209 396 2269 ad
423 2209 702 2269 idolorum
743 2209 960 2271 cultum
987 2212 1180 2271 decem
1208 2211 1396 2271 tribus
1425 2212 1608 2271 Israel
1638 2228 1785 2285 quae
1814 2213 1976 2272 erant
2003 2210 2065 2269 in
2094 2212 2258 2285 parte
2290 2210 2579 2271 Samariae

317 2312 589 2372 adtraxit.
620 2330 721 2385 per
749 2330 894 2387 quae
916 2314 1174 2388 exempla
1197 2314 1492 2375 euidenter
1521 2315 1843 2375 ostenditur
1865 2314 2141 2388 quosdam
2166 2313 2229 2373 in
2258 2312 2579 2374 sublimiori

319 2417 480 2475 statu
509 2416 584 2474 ad
603 2417 873 2476 maiorem
895 2417 1300 2491 perfectionem
1321 2434 1572 2479 crescere
1589 2462 1606 2490 ,
1638 2419 1914 2492 quosdam
1936 2434 2067 2477 uero
2090 2434 2192 2491 1191
2212 2414 2579 2491 supercilium

319 2518 726 2580 dominationis
755 2520 830 2582 ad
860 2520 1142 2582 deteriora
1169 2521 1432 2582 defluere.
1463 2538 1568 2596 per
1596 2522 1747 2597 quod
1772 2524 2071 2595 utrumque
2101 2520 2465 2595 intellegitur
2486 2536 2581 2581 998

237 2640 298 2679 20
317 2623 424 2698 qui
451 2624 526 2682 ad
553 2623 792 2684 meliora
819 2625 1204 2684 conscendunt
1231 2641 1334 2698 per
1361 2625 1635 2685 uirtutem
1666 2624 1841 2686 animi
1884 2626 1944 2683 et
1972 2623 2078 2684 Dei
2107 2622 2381 2683 auxilium
2410 2639 2579 2697 posse

317 2727 380 2785 id
409 2725 596 2786 facere
625 2713 686 2786 et
713 2744 810 2787 eos
861 2729 960 2802 qui
989 2729 1064 2788 ad
1093 2727 1377 2790 deteriora
1406 2729 1713 2788 deuertunt
1762 2744 1865 2800 per
1892 2725 2102 2786 mentis
2142 2724 2577 2788 inbecillitatem

316 2828 540 2903 pariter
571 2831 629 2889 91
657 2829 1080 2904 neglegentiam
1109 2847 1317 2890 errare.
1359 2831 1508 2890 unde
1537 2829 1800 2891 dominus
1830 2829 2041 2904 absque
2070 2829 2283 2889 uirtute
2313 2828 2440 2888 fieri
2470 2845 2582 2888 non

320 2932 512 3004 debet,
562 2949 732 3006 quam
775 2933 1048 2994 uirtutem
1077 2933 1201 2993 sine
1240 2932 1348 2994 Dei
1389 2932 1601 2993 auxilio
1632 2933 1961 2992 nullatenus
2002 2932 2195 2993 habet.
2241 2932 2339 3006 qui
2369 2932 2581 2992 etenim

317 3034 507 3096 multa
535 3038 748 3108 199191,
781 3037 832 3096 si
861 3053 974 3096 non
1003 3037 1178 3096 habet
1208 3035 1623 3110 fortitudinem,
1669 3055 1785 3097 non
1814 3037 1973 3096 ualet
2002 3036 2063 3094 id
2092 3052 2281 3110 agere,
2313 3036 2577 3111 quoniam

459 3315 494 3368 2
527 3315 763 3383 pendent
803 3315 850 3368 G-
884 3314 951 3369 de
983 3315 1046 3368 in
1079 3327 1189 3368 ras.
1399 3313 1433 3367 3
1468 3314 1791 3382 portandum
1833 3312 1888 3369 V
2085 3313 2122 3368 4
2156 3313 2290 3368 fixus
2324 3311 2577 3380 firmiter]

316 3401 538 3456 fortiter
571 3401 816 3455 firmet-ur
850 3403 904 3455 et
937 3417 972 3455 v
1179 3400 1344 3455 alicui
1380 3399 1619 3469 fortiori]
1656 3397 1853 3468 parieti
1889 3399 1951 3453 X
2154 3399 2189 3452 5
2222 3399 2413 3452 hereat
2450 3397 2513 3451 X

315 3486 509 3558 pendit
550 3489 624 3541 G*
889 3487 1114 3556 solutus]
1153 3486 1300 3540 solus
1335 3485 1398 3540 X
1670 3485 1703 3540 7
1740 3501 1922 3540 omnes
1964 3485 2103 3539 G²X
2377 3485 2471 3551 qui
2507 3483 2577 3552 ei]

316 3574 464 3646 quod
497 3591 532 3630 v
772 3573 1054 3642 consentit]
1093 3572 1353 3626 adherent
1387 3571 1462 3636 X,
1500 3572 1742 3626 continet
1774 3589 1809 3628 v
2049 3571 2085 3625 8
2120 3571 2411 3640 depereunt
2448 3568 2511 3623 X

314 3661 552 3717 officium
593 3661 642 3714 G
677 3677 718 3715 s.
757 3661 790 3714 l.
827 3677 896 3715 m.
932 3663 988 3724 2,
1025 3661 1352 3729 potestatem
1396 3658 1451 3715 V
1638 3657 1881 3728 solidius]
1918 3657 2041 3728 plus
2076 3675 2111 3714 v
2307 3656 2377 3710 10
2412 3653 2575 3723 991111]

313 3763 548 3818 namque
589 3747 672 3804 Vv
828 3747 1014 3816 populi
1048 3746 1248 3801 ducatu
1281 3763 1316 3800 v
1486 3745 1743 3799 utebatur
1777 3743 2138 3798 locutionibus
2180 3743 2233 3797 V
2397 3741 2462 3794 11
2500 3742 2577 3794 918

315 3851 390 3891 cx
425 3835 528 3888 scis
571 3834 625 3888 V
837 3834 1074 3902 screptra
1113 3834 1211 3896 G¹;
1249 3831 1403 3900 regni
1437 3834 1703 3900 sceptrum
1738 3831 1801 3884 X
2016 3830 2086 3883 13
2122 3827 2379 3897 optinuit]
2417 3827 2575 3882 deum
2650 3853 2655 3856 ·

313 3919 544 3978 offendit
589 3919 722 3975 add.
767 3919 937 3975 GXV
1202 3919 1471 3972 numerosi
1508 3918 1570 3972 X
1845 3918 1914 3971 14
1958 3914 2197 3985 donauit]
2236 3915 2439 3968 ditauit
2472 3931 2507 3970 v

317 4009 386 4064 15
422 4006 612 4062 domus
647 4005 699 4061 d.
736 4007 944 4076 partem
980 4005 1188 4073 accepit
1230 4007 1276 4058 G‘
1289 4005 1348 4069 V,
1396 4004 1625 4059 sortitus
1660 4006 1745 4058 est
1778 4003 2140 4074 gubernacula
2174 4001 2251 4064 X,
2297 4000 2487 4055 domus
2522 3999 2573 4054 d.

311 4093 604 4164 occupauit
635 4094 846 4162 partem
878 4107 912 4145 v
1093 4091 1161 4145 16
1197 4090 1464 4144 culturam
1507 4091 1560 4145 V
1740 4090 1807 4143 17
1844 4089 2103 4158 adtraxit]
2142 4087 2439 4142 diuerterat
2470 4103 2505 4142 v

312 4179 591 4236 euidenter
624 4195 724 4233 om.
761 4177 824 4232 X
1030 4177 1098 4230 19
1128 4175 1525 4260 dominationes
1563 4177 1639 4230 Θ*
1854 4175 1927 4228 20
1960 4174 2029 4228 ad
2064 4174 2286 4228 meliora
2321 4172 2417 4242 qui
2457 4172 2511 4226 V

311 4265 705 4322 transcendunt
737 4281 772 4320 v
953 4277 1047 4331 per
1083 4262 1196 4340 dni·
1213 4262 1472 4317 auxilium
1509 4264 1566 4317 et
1599 4263 1807 4316 uirtute
1844 4261 2013 4316 animi
2045 4261 2108 4315 X
2284 4260 2354 4314 21
2388 4259 2573 4313 deuer-

309 4356 509 4409 tnntur
551 4351 632 4408 Vv
847 4349 916 4404 22
951 4350 1218 4419 dominus]
1257 4351 1312 4402 et
1346 4349 1621 4404 dominum
1654 4365 1691 4404 v
1904 4347 1975 4402 23
2009 4347 2169 4402 debet
2203 4345 2387 4416 quam]
2421 4343 2573 4398 decet

312 4441 414 4510 qui
448 4455 484 4495 v
689 4438 760 4493 24
792 4435 1172 4492 fortitudinem
1206 4435 1376 4490 animi
1409 4453 1444 4492 v
1649 4433 1708 4489 id
1742 4451 1901 4505 agere
1934 4434 2083 4488 ualet
2125 4434 2178 4488 V

524 4545 608 4592 ΠΙ
643 4543 690 4590 A
2080 4529 2154 4586 11
