3217 5150
2228 569 2486 618 XXXVII

220 701 530 788 epistulae
575 701 660 766 70
696 720 755 784 p.
804 702 1055 781 666,15.
1102 701 1365 786 denique
1406 703 1472 767 in
1514 703 1681 769 calce
1727 700 1946 769 Oratio
1988 702 2217 769 Passio
2259 704 2480 771 Caena

219 814 684 882 desiderantur.
716 813 921 878 totum
952 812 1228 879 codicem
1256 813 1487 896 partim
1510 831 1583 878 ex
1601 813 1843 896 primae
1869 815 2170 881 tertiaeue
2199 814 2480 884 familiae

224 926 409 992 libris
450 925 686 1008 partim
726 943 797 990 ex
840 924 1193 991 coniectura
1232 924 1433 991 altera
1472 943 1694 991 manus
1737 926 2111 1008 emendauit,
2155 945 2278 1010 qua
2319 928 2389 994 in
2417 948 2482 995 re

222 1039 406 1104 tanta
456 1037 788 1121 diligentia
838 1039 1087 1102 uersata
1133 1037 1248 1116 est,
1302 1039 1376 1102 ut
1418 1056 1573 1121 quae
1615 1037 1821 1122 prima
1862 1057 2084 1104 manus
2128 1043 2487 1107 exarauerat

226 1149 557 1233 permultis
626 1148 779 1215 locis
849 1147 1118 1215 radendo
1190 1152 1591 1235 expungendo
1659 1151 2168 1234 suprascribendo
2238 1170 2486 1236 prorsus

220 1249 597 1327 delerentur.
640 1259 708 1325 id
746 1278 891 1327 uero
936 1262 1180 1329 saeculo
1225 1262 1465 1329 decimo
1506 1260 1609 1326 uel
1652 1263 1838 1329 antea
1880 1261 2120 1328 factum
2165 1281 2300 1330 esse
2343 1264 2486 1330 inde
2537 1299 2710 1344 com,
2737 1276 2794 1357 Q

222 1373 473 1438 constat
514 1373 677 1455 quod
706 1390 777 1439 eo
804 1373 1081 1456 tempore
1122 1372 1282 1438 liber
1311 1371 1814 1456 Compendiensis
1844 1373 1897 1438 E
1925 1393 2088 1440 nunc
2115 1374 2486 1442 Parisiensis
2517 1383 2792 1436 mamm

231 1483 445 1550 17349
496 1501 569 1549 ex
600 1483 886 1549 Trecensi
937 1483 1075 1548 tum
1126 1485 1371 1568 integro
1420 1502 1533 1550 nec
1582 1484 1732 1550 ullis
1787 1485 2027 1551 lacunis
2078 1484 2325 1552 foedato
2379 1487 2485 1552 de-

2588 1453 2641 1517 E

228 1597 500 1680 scriptus
542 1593 657 1681 est,
700 1615 889 1680 quem
918 1613 1061 1664 cum
1090 1595 1247 1662 alios
1278 1596 1544 1662 editores
1572 1598 1716 1663 tum
1745 1597 2078 1664 Baluzium
2106 1597 2483 1678 adhibuisse,
2605 1596 2614 1606 ’

226 1711 295 1776 et
317 1709 466 1775 nota
494 1690 729 1774 muffis'
744 1707 1033 1790 epistulis
1054 1707 1121 1772 in
1143 1708 1347 1774 fronto
1376 1708 1593 1773 addita
1621 1708 1940 1789 Impressa
1971 1707 2038 1796 (a
2057 1709 2317 1775 Morene
2349 1729 2488 1777 eam

226 1821 614 1903 adscriptam
665 1838 796 1886 esse
844 1817 1151 1903 suspicor)
1204 1819 1268 1885 et
1306 1819 1682 1903 subscriptio
1726 1820 1914 1887 solita
1959 1819 2067 1908 (cf.
2112 1822 2156 1888 J
2159 1821 2278 1888 affe
2307 1822 2482 1888 Bibl.

230 1931 755 1999 Rer.Germ.11.
800 1953 859 2017 p.
888 1932 935 1998 2
962 1952 1024 1998 n.
1061 1929 1126 2018 1)
1160 1931 1429 1998 Absolui
1449 1931 1625 2013 prid.
1659 1931 1816 1997 Kal.
1851 1932 2003 1998 Ian.
2037 1931 2378 1998 MDOXL
2395 1933 2497 2000 VI

230 2044 596 2126 stapham
624 2043 947 2109 Balusius
988 2045 1321 2111 testantur.
1369 2043 1871 2129 Compendiensis
1918 2064 2064 2112 uero
2113 2065 2236 2112 non
2280 2047 2526 2114 omnia

226 2156 310 2222 ab
355 2156 541 2222 initio
586 2175 745 2239 quae
785 2153 841 2235 Q
886 2155 1181 2222 offerebat
1226 2156 1459 2241 scripta
1501 2157 1733 2240 recepit
1779 2158 1887 2224 sed
1931 2158 2196 2225 alteram
2221 2160 2490 2236 tantum

230 2269 649 2354 epistularum
690 2269 935 2352 partem
963 2266 1107 2333 inde
1136 2268 1215 2333 ab
1248 2267 1517 2351 epistula
1545 2268 1634 2333 60
1660 2269 1989 2353 integram,
2022 2269 2169 2352 quia
2198 2271 2491 2336 uolumen

234 2381 526 2464 quamuis
586 2381 869 2465 amplum
930 2379 1222 2462 spatiosis
1280 2377 1515 2446 litteris
1573 2379 1892 2462 bipartitis
1949 2379 2120 2447 foliis
2172 2383 2492 2447 exaratum

232 2492 701 2581 angustioribus
761 2491 989 2558 finibus
1048 2492 1468 2577 premebatur.
1530 2510 1725 2576 neque
1783 2492 1956 2557 aliud
2015 2493 2236 2576 prioris
2293 2493 2491 2576 partis

235 2605 661 2689 apographum
714 2624 786 2670 ex
830 2602 886 2684 Q
936 2603 1039 2670 uel
1084 2603 1154 2669 M
1209 2594 1449 2671 factit‘m
1500 2606 1742 2670 exstare
1793 2603 1896 2671 uel
1949 2604 2280 2684 exstitisse,
2340 2606 2492 2670 dum

233 2717 435 2783 altera
463 2716 578 2783 illa
606 2716 868 2783 fecunda
894 2717 1186 2802 progenie
1218 2716 1521 2784 librorum
1549 2718 1616 2783 et
1644 2736 1834 2782 manu
1873 2718 2248 2799 scriptorum
2276 2718 2338 2783 et
2365 2716 2490 2783 im-

234 2846 590 2911 pressorum
628 2830 1025 2912 propagatur,
1068 2828 1213 2894 inde
1252 2830 1403 2895 licet
1445 2829 1738 2914 colligere
1779 2828 1944 2912 quod
1971 2829 2284 2913 insignem
2311 2829 2492 2894 illam

232 2940 439 3006 libelli
471 2940 529 3005 V
572 2939 1111 3022 interpolationem
1152 2959 1213 3022 p.
1254 2940 1507 3019 212,13,
1564 2939 1764 3024 quade
1809 2940 2158 3007 accuratius
2203 2941 2492 3007 continuo

232 3070 441 3137 agam,
471 3054 714 3134 praeter
742 3052 797 3133 Q
827 3053 892 3116 et
920 3050 990 3116 M
1018 3050 1265 3117 nullum
1296 3051 1569 3117 codicem
1597 3050 1824 3116 habere
1854 3071 1928 3117 ex
1957 3052 2269 3118 editorum
2298 3052 2488 3118 silen-

234 3164 327 3231 tio
378 3166 479 3229 sat
532 3164 697 3229 certo
750 3164 1007 3230 constat.
1063 3181 1134 3228 ex
1179 3162 1651 3246 compendiensi
1699 3162 1781 3229 68
1829 3160 1940 3249 (E)
1986 3164 2144 3229 alter
2191 3163 2491 3248 Compen-

232 3274 471 3341 diensis
506 3274 587 3340 15
628 3276 773 3359 (quo
813 3292 1070 3340 numero
1112 3294 1274 3341 nunc
1304 3275 1371 3340 in
1398 3274 1714 3359 imperiali
1743 3274 2123 3343 bibliotheca
2153 3274 2488 3361 insignitus

234 3387 325 3451 sit
376 3388 605 3465 nescio)
658 3386 899 3453 saeculo
939 3386 1099 3450 XIII
1155 3386 1497 3467 descriptus
1541 3387 1670 3462 est3
1725 3385 1833 3468 qui
1879 3404 2022 3451 cum
2063 3388 2298 3471 proprii
2349 3389 2492 3454 boni

234 3498 397 3565 nihil
431 3499 674 3578 habeat,
716 3517 966 3581 prorsus
996 3498 1243 3583 neglegi
1274 3498 1477 3563 debet.
1520 3516 1634 3562 nec
1661 3497 1894 3563 maiore
1922 3498 2106 3583 laude
2137 3498 2314 3583 digni
2343 3501 2491 3565 sunt

236 3610 614 3689 Parisienses
671 3611 837 3678 1656
884 3609 990 3694 (ω)
1004 3610 1067 3694 *)
1122 3611 1185 3675 et
1238 3608 1443 3675 14461
1492 3608 1646 3674 olim
1692 3608 2040 3675 Victoricus
2096 3610 2215 3676 101
2268 3610 2356 3697 (Ι)
2368 3608 2492 3709 *f*),

307 3833 359 3900 ¹⁸)
388 3832 561 3889 Codex
599 3837 732 3887 1656
766 3831 1129 3887 nitidissimus
1171 3832 1366 3901 incipit
1405 3832 1499 3887 fol.
1528 3837 1585 3885 1·
1608 3848 1642 3887 a
1675 3832 1855 3887 uerbis
1889 3847 2019 3887 carc
2051 3832 2166 3887 iam
2200 3839 2494 3901 coeperant

236 3933 377 3986 quae
414 3920 541 3974 sunt
575 3920 732 3988 epist.
759 3920 826 3971 20
850 3920 939 3985 (=
962 3934 1014 3987 p.
1039 3919 1267 3986 528,10),
1308 3916 1497 3973 deinde
1532 3918 1770 3973 continet
1800 3918 2059 3986 epistulas
2083 3923 2164 3973 32.
2189 3923 2273 3973 4⁷.
2299 3924 2382 3973 54.
2409 3924 2489 3973 ¹¹18.

236 4006 321 4056 75.
356 4008 441 4060 53.
484 4010 563 4058 16.
605 4009 685 4058 15.
724 4007 806 4059 1⁷.
846 4007 926 4057 18.
966 4007 1047 4056 19.
1085 4008 1167 4058 26.
1204 4008 1287 4059 25.
1322 4008 1371 4057 9.
1406 4008 1490 4070 29,
1532 4004 1778 4058 libellum
1812 4002 1902 4059 De
1939 4004 2212 4059 morttibus
2247 4005 2400 4076 Syna
2441 4011 2493 4061 et

236 4090 377 4145 Sion
407 4122 465 4133 -
490 4092 587 4146 fol.
612 4096 721 4157 21⁸,
758 4090 919 4145 huius
954 4090 1076 4143 folii
1110 4090 1313 4160 pagina
1346 4090 1520 4145 altera
1557 4092 1614 4145 et
1634 4089 1872 4159 proximo
1905 4092 2024 4145 toto
2059 4091 2244 4145 uacuis
2279 4092 2488 4146 relictis

236 4180 491 4232 secuntur
525 4178 703 4233 libelli
734 4178 782 4232 I.
816 4175 911 4231 IV.
948 4176 1041 4231 VI.
1078 4175 1141 4231 V.
1180 4176 1306 4234 VII.
1340 4176 1437 4232 XI.
1474 4176 1539 4232 X.
1574 4176 1704 4231 XII.
1742 4176 1900 4231 XIII.
1937 4176 2034 4232 IX.
2061 4176 2150 4231 111
2178 4206 2246 4219 —
2271 4177 2361 4233 fol.
2394 4183 2491 4231 134

234 4263 405 4318 nullis
429 4265 871 4335 inscriptionibus
897 4263 1447 4334 subscriptionibusue
1470 4265 1739 4319 instructi.

305 4348 389 4418 ²⁸¹*)
415 4350 587 4406 Codex
630 4356 796 4405 14461
838 4350 1079 4405 continet
1124 4348 1340 4405 libellos
1381 4349 1499 4405 VH.
1546 4350 1575 4404 I
1625 4350 1742 4419 (Aa
1775 4348 2062 4403 Donatum
2107 4349 2177 4406 de
2220 4350 2496 4406 erroribus

229 4436 432 4491 mundi
466 4443 518 4492 et
551 4443 863 4507 contemptu
897 4437 1052 4505 eius).
1090 4434 1156 4489 X.
1182 4434 1339 4490 XIII.
1364 4436 1489 4490 XII.
1516 4435 1676 4505 VIII,
1714 4436 1802 4491 De
1826 4434 2112 4491 duodecim
2146 4436 2496 4491 abusionibus

226 4522 459 4591 succidi,
497 4523 586 4578 De
609 4522 1135 4591 duobusmontwus,
1180 4521 1339 4593 Quod
1360 4521 1513 4577 idola
1536 4522 1619 4577 dii
1639 4538 1752 4577 non
1774 4523 1903 4591 sint,
1941 4522 2106 4591 eona,
2145 4522 2404 4594 Hymnus
2426 4522 2494 4577 de

2606 3615 2712 3681 ωΙ

2554 3843 2695 3888 Codex
2722 3845 2782 3886 ω
