3217 5150
703 571 832 634 214
1646 564 2009 635 Appendix.

703 726 925 800 uiuunt,
945 728 1010 786 et
1033 726 1170 785 talis
1189 726 1452 785 conuenit
1475 724 1824 785 sinceritatis
1847 742 1983 784 cura
2001 724 2245 785 sacratis
2271 722 2467 799 qualia
2488 725 2622 783 sunt
2644 740 2811 783 sacra
2833 724 2963 798 ipsa

706 830 914 905 quibus
945 830 1215 889 exhibent
1260 828 1446 889 officia
1490 829 1813 901 seruitutis,
1868 845 1939 888 ne
1986 828 2137 887 circa
2165 826 2471 887 Dominum
2516 828 2805 885 offendant
2847 827 2961 899 ipsi

708 935 855 1007 quod
887 934 1138 992 tractant
1182 936 1284 992 aut
1329 934 1480 992 circa
1509 934 1780 1007 populum
1825 932 2105 1007 incipiant
2133 930 2393 1005 inpedire
2424 932 2573 1005 quod
2602 930 2973 1004 praedicant.-

706 1038 942 1111 propter
971 1037 1122 1112 quod
1153 1036 1371 1095 Paulus
1417 1036 1710 1110 apostolus
1756 1035 1840 1095 sic
1884 1034 2230 1094 testificatur
2284 1036 2342 1093 et
2372 1032 2541 1093 dicit:
2590 1036 2662 1092 et
2704 1034 2960 1107 omnia,

706 1139 910 1213 inquit,
957 1138 1437 1211 sustinemus,
1483 1158 1566 1199 ne
1611 1141 1795 1213 quod
1841 1138 2419 1214 inpedimentum
2464 1137 2705 1196 demus
2749 1154 3005 1195 suan-5

705 1242 900 1319 gelio
969 1242 1271 1302 Christi.
1350 1244 1409 1301 et
1473 1242 1711 1301 iterum:
1778 1242 2055 1301 nemini
2118 1241 2379 1299 dantes
2444 1239 2673 1299 ullam
2730 1239 2962 1298 offen-

707 1347 1016 1420 sionem,
1073 1349 1150 1404 ut
1193 1362 1336 1405 non
1380 1344 1853 1418 uituperetur
1909 1344 2409 1403 ministerium
2453 1346 2807 1403 nostrum.
2854 1344 2965 1401 hac

706 1450 888 1523 igitur
910 1450 1271 1509 institutione
1296 1449 1460 1509 uobis
1485 1466 1652 1523 quam
1679 1449 1985 1523 plurimum
2016 1449 2389 1509 laborandum
2418 1450 2508 1506 est
2530 1448 2599 1506 de
2630 1446 2722 1519 iis,
2756 1446 2965 1520 quibus

708 1556 783 1613 ad
813 1554 1288 1613 manifestandam
1319 1554 1665 1627 grauitatem
1697 1553 2073 1626 singularitas
2098 1552 2280 1625 magis
2312 1569 2481 1625 quam
2506 1551 2771 1625 parilitas
2792 1550 2965 1609 testis

708 1675 845 1717 uera
875 1659 981 1717 est.
1015 1656 1284 1730 respicite
1316 1659 1531 1729 quanta
1559 1654 1714 1714 mala
1746 1654 2104 1715 conuersatio
2131 1654 2447 1729 parilitatis
2470 1654 2643 1713 huius
2674 1653 2961 1728 adquirat,
2988 1670 3037 1709 ιο

709 1779 854 1835 quae
885 1778 1000 1819 non
1027 1760 1141 1818 nisi
1172 1760 1591 1833 corruptionem
1624 1758 1885 1831 seminat,
1933 1759 2181 1832 pullulat
2208 1757 2375 1831 uitia,
2423 1756 2798 1830 cupiditatem
2826 1774 2961 1817 con-

710 1862 870 1937 cipit,
902 1862 1272 1937 ignominiam
1301 1862 1474 1937 parit,
1534 1863 1751 1922 rabiem
1784 1863 2054 1934 concitat,
2108 1861 2353 1936 porrigit
2383 1861 2613 1932 furiam,
2668 1860 2965 1919 lasciuiam

710 1966 915 2040 pascit,
948 1966 1326 2039 petulantiam
1356 1966 1559 2036 nutrit,
1593 1983 1759 2026 casus
1782 1966 2015 2039 exaltat,
2047 1965 2243 2025 ruinas
2274 1964 2557 2036 aedificat,
2591 1963 2746 2037 ripas
2772 1964 2965 2036 erigit,

710 2068 1048 2143 praecipitia
1076 2067 1331 2141 instruit,
1372 2068 1642 2143 periculis
1672 2070 1932 2143 nauigat,
1978 2068 2295 2142 naufragiis
2325 2068 2594 2139 uelificat,
2647 2066 2967 2139 perditione

711 2172 926 2247 gaudet
943 2218 956 2243 ,
1001 2174 1298 2232 interitum
1345 2172 1521 2247 fouet,
1563 2172 1959 2257 ⁶confusionem
2006 2175 2323 2245 mercatur,
2369 2170 2719 2230 thesaurizat
2760 2187 2967 2243 oppro-
2986 2188 3031 2226 ιε

711 2276 916 2349 brium,
949 2275 1370 2336 criminationes
1402 2278 1731 2349 exaggerat,
1763 2276 2154 2335 accusationes
2185 2275 2501 2333 inflammat
2530 2276 2589 2332 et
2630 2272 2966 2332 cateruatim

710 2380 884 2439 semel
937 2380 997 2438 in
1048 2380 1260 2440 fascem
1311 2381 1639 2454 glomerans
1684 2395 2015 2439 numerosas
2059 2378 2359 2452 indagines
2388 2377 2715 2451 captionum
2746 2394 2849 2451 per
2876 2378 2965 2435 in-

713 2482 880 2542 finita
909 2484 1244 2543 dedecorum
1285 2482 1634 2556 multiplices
1666 2484 1880 2543 mortes
1910 2482 2133 2541 inuehit
2160 2482 2222 2540 in
2252 2480 2563 2555 perniciem
2592 2480 2965 2554 perditorum.

611 2587 692 2645 39
798 2589 906 2647 Tot
935 2589 1127 2662 itaque
1157 2590 1216 2646 et
1245 2589 1437 2647 tantas
1467 2591 1694 2661 strages
1726 2586 2073 2646 calamitatis
2104 2589 2161 2645 et
2191 2586 2471 2660 pessimae
2516 2583 2965 2645 conuersationis

712 2708 875 2752 nemo
905 2691 1236 2766 prosternit,
1284 2707 1445 2751 nemo
1479 2691 1681 2762 calcat,
1736 2707 1901 2749 nemo
1933 2689 2206 2761 funestat,
2237 2688 2351 2748 nisi
2382 2687 2694 2762 singularis
2724 2688 2961 2747 castitas
2981 2707 3029 2746 πο

714 2795 841 2854 sola
868 2811 1013 2868 quae
1044 2794 1358 2854 munimem
1388 2794 1667 2853 inuictum
1720 2796 1809 2853 est
1862 2793 2270 2852 sanctimoniae
2315 2795 2373 2851 et
2418 2792 2765 2866 expugnatio
2796 2791 2965 2850 fortis

715 2896 1004 2970 infamiae,
1049 2897 1406 2957 fortitudinis
1437 2895 1679 2956 firmitas
1711 2898 1770 2954 et
1798 2896 2074 2955 lasciuiae
2104 2895 2419 2970 petulantis
2450 2894 2754 2954 infirmitas
2772 2940 2787 2967 ,
2832 2911 2964 2968 pro-

715 2999 917 3058 bitatis
947 3001 1296 3073 praesidium
1331 3003 1388 3059 et
1418 2999 1787 3074 inprobitatis
1820 2999 2121 3072 excidium,
2174 2999 2395 3059 animae
2448 2999 2691 3058 uictoria
2740 3000 2800 3056 et
2844 3016 2966 3060 cor-

716 3104 869 3179 poris
891 3104 1120 3178 praeda,
1154 3105 1386 3177 ubertas
1408 3103 1722 3178 gloriarum
1745 3105 1803 3162 et
1828 3103 2135 3176 captiuitas
2162 3103 2479 3174 criminum,
2512 3103 2769 3175 pronuba
2800 3119 2965 3160 sanc·

713 3207 906 3267 titatis
957 3209 1017 3266 et
1075 3205 1373 3281 repudium
1423 3205 1797 3280 turpitudinis
1821 3251 1835 3278 ,
1913 3206 2262 3265 sinceritatis
2314 3205 2586 3264 indicium
2631 3207 2690 3264 et
2734 3205 2967 3264 abolitio
2986 3228 3032 3268 25

717 3311 1132 3382 scandalorum,
1165 3308 1500 3369 exercitium
1531 3308 1916 3369 continentiae
1946 3310 2005 3368 et
2050 3308 2345 3368 euacuatio
2376 3310 2499 3367 tota
2528 3307 2805 3380 luxuriae,
2854 3325 2963 3382 pax

717 3430 917 3473 secura
945 3413 1224 3473 uirtutum
1257 3416 1316 3472 et
1346 3410 1651 3472 debellatio
1683 3411 1877 3487 quieta
1906 3412 2205 3484 bellorum,
2254 3410 2524 3485 puritatis
2556 3411 2777 3472 culmen
2808 3415 2869 3468 et
2896 3410 2966 3468 li-

715 3517 928 3578 bidinis
959 3535 1170 3591 carcer,
1200 3517 1524 3577 honestatis
1554 3518 1755 3590 portus
1788 3518 1847 3575 et
1876 3515 2222 3591 ignominiae
2250 3513 2608 3588 naufragalis
2636 3513 2815 3585 locus,
2847 3513 2967 3572 uir·

715 3620 984 3698 ginitatis
1021 3623 1203 3681 mater
1235 3622 1294 3679 et
1322 3620 1507 3680 hostis
1537 3619 1935 3694 inmunditiae,
1987 3618 2167 3678 lorica
2196 3618 2431 3691 pudoris
2474 3620 2533 3676 et
2562 3617 2809 3690 spolium
2838 3632 2969 3690 pro-

852 3857 888 3912 4
923 3856 950 3910 1
986 3856 1101 3912 Cor.
1141 3857 1190 3921 9,
1227 3857 1310 3911 12.
1517 3857 1550 3911 6
1587 3857 1648 3911 ΙΙ
1683 3857 1801 3911 Cor.
1838 3855 1887 3920 6,
1922 3855 1973 3909 3.

857 4065 886 4117 1
923 4064 1053 4118 talis
1090 4081 1160 4118 ex
1195 4065 1320 4119 aliis
1365 4064 1412 4120 0
1441 4080 1510 4118 m.
1545 4067 1583 4118 2
1744 4079 1870 4117 cura
1904 4061 2231 4116 sinceritatis
2267 4079 2299 4116 v
2460 4061 2494 4115 2
2528 4060 2806 4115 offendunt
2838 4061 2907 4116 0¹

714 4150 753 4204 4
788 4152 844 4204 et
877 4151 1012 4205 dicit
1046 4167 1146 4205 om.
1184 4169 1216 4206 v
1440 4156 1495 4204 et
1529 4167 1631 4204 om.
1679 4148 1726 4204 0
1949 4150 1984 4203 8
2021 4148 2090 4202 iis
2127 4165 2227 4202 om.
2274 4148 2321 4202 G
2524 4149 2557 4201 9
2589 4147 2853 4217 paralitas
2890 4147 2971 4212 0¹,

717 4235 1003 4306 pluralitas
1039 4254 1071 4292 v
1337 4235 1404 4289 10
1437 4235 1749 4304 paralitatis
1793 4235 1839 4289 G
1846 4239 1860 4270 ¹
2127 4234 2193 4287 13
2228 4250 2270 4286 ι·.
2309 4234 2472 4302 erigit
2515 4233 2575 4298 0,
2611 4249 2653 4286 r.
2691 4233 2855 4302 eripit
2889 4232 2973 4286 uel

717 4323 931 4391 rapinas
968 4323 1138 4391 exigit
1172 4340 1204 4377 v
1436 4322 1500 4374 19
1537 4321 1610 4390 et]
1650 4320 1741 4376 uel
1784 4321 1831 4376 0
2067 4322 2145 4390 et]
2180 4322 2235 4374 et
2270 4322 2479 4388 strages
2516 4319 2563 4374 G
2789 4319 2860 4373 21
2895 4319 2972 4372 in-

718 4409 865 4462 uicta
901 4409 969 4463 0¹
1207 4407 1278 4462 24
1314 4407 1604 4476 captiuitas
1648 4407 1707 4471 0,
1743 4405 2007 4460 sterilitas
2042 4405 2134 4459 uel
2169 4405 2440 4473 cupiditas
2478 4421 2509 4458 v
2750 4405 2821 4458 26
2856 4421 2970 4458 eua-

720 4494 922 4564 cuatio]
960 4493 1172 4547 uacatio
1219 4493 1266 4548 0
1467 4492 1534 4546 27
1571 4491 1815 4561 inquieta
1858 4493 1906 4548 0
2106 4491 2176 4545 29
2211 4491 2381 4544 lurica
2420 4491 2467 4546 G
